1986 3289
123 210 173 246 66
733 215 852 246 opos
877 213 1216 246 EVANGELICUM
1244 212 1329 244 ΜΒ.
1355 212 1409 244 111.
1483 199 1591 255 [CAP.
1611 208 1722 237 xvm.

411 323 491 358 sine
513 322 684 372 flagello
717 333 790 357 non
823 320 989 371 regitur,
1034 320 1089 355 sic
1121 327 1157 355 et
1182 319 1352 368 populus
1382 318 1462 354 sine
1493 317 1728 368 increpacio,-

412 381 521 416 nibus
564 392 637 415 non
699 379 957 429 gubernatur.
1011 377 1114 413 Ecce
1157 378 1191 413 si
1240 377 1323 425 quis
1375 375 1592 425 deliquerit,
1648 375 1730 412 sine

414 438 635 474 doctoribus
667 449 740 472 non
778 436 1038 487 gubernatur.
1092 435 1196 471 Ecce
1233 435 1268 471 si
1297 434 1381 483 quis
1412 434 1460 469 de
1491 433 1566 469 tuis
1598 434 1728 469 docto-

414 496 522 531 ribus
566 495 732 531 voluerit
775 501 811 530 te
852 494 1057 542 increpare
1091 500 1260 542 propter
1292 499 1495 542 peccatum
1528 499 1633 527 tuum
1665 498 1732 527 aut

416 554 546 589 dicere
589 553 657 589 tibi
697 553 800 601 quod
843 564 977 587 verum
1022 558 1090 598 est,
1142 550 1271 586 statim
1316 549 1501 585 irasceris
1550 556 1585 586 et
1630 549 1764 585 blas-5

412 611 588 660 phemas.
635 611 700 646 Sic
732 617 768 646 et
797 609 912 645 Judei
953 621 1044 645 suos
1081 609 1233 656 quidem
1260 608 1478 657 prophetas
1509 619 1583 643 non
1614 606 1730 643 susti-

416 669 568 715 nebant,
621 668 798 716 antiquos
849 674 976 702 autem
1021 674 1174 703 sanctos
1214 666 1399 703 colebant.
1460 665 1548 701 Non
1581 665 1647 701 ille
1677 672 1733 700 est

417 728 537 762 bonus
572 727 636 775 qui
665 726 811 762 malum
846 725 1137 774 reprehendere
1162 731 1291 774 potest
1331 728 1367 761 et
1397 724 1536 759 bonum
1569 723 1734 758 laudare

417 785 487 821 sed
539 784 604 832 qui
655 784 915 833 reprehensus
965 783 1001 818 in
1053 783 1156 818 malo
1208 783 1304 818 bono
1349 781 1476 817 animo
1519 780 1734 830 susceperit

419 842 770 892 reprehensionem.
1754 853 1792 874 10

156 908 225 946 Itjs
246 914 318 945 easy
337 911 368 933 to
477 901 520 936 In
553 900 718 936 alterius
762 911 880 935 causa
916 898 1044 947 facile
1070 909 1279 947 possumus
1310 909 1442 933 omnes
1474 896 1617 932 iudices
1648 895 1737 932 iusti

137 942 393 1005 anohfflgfffslcnase.
421 970 512 994 esse.
566 958 637 994 Ille
680 965 807 994 autem
852 969 968 993 verus
1000 963 1056 992 est
1087 963 1122 992 et
1153 956 1274 992 iustus
1316 962 1350 991 et
1381 955 1535 1004 sapiens
1565 954 1633 1003 qui
1661 953 1735 989 sibi

420 1016 494 1066 ipsi
515 1016 635 1052 iudex
655 1016 754 1065 fieri
767 1022 908 1065 potest.
949 1015 1044 1051 Cum
1077 1014 1250 1050 audieris
1272 1013 1435 1061 aliquem
1459 1012 1736 1062 beatificantem

421 1074 598 1122 antiquos
642 1074 835 1120 doctores,
882 1074 1011 1122 proba
1064 1071 1187 1121 ipsum
1231 1071 1359 1120 qualis
1402 1078 1457 1107 est
1501 1071 1604 1106 circa
1648 1081 1739 1106 suos

423 1133 613 1170 doctores.
669 1132 713 1167 Si
743 1132 840 1168 enim
887 1131 976 1167 illos
1018 1130 1181 1166 sustinet
1213 1137 1248 1165 et
1279 1130 1445 1165 honorat
1475 1140 1560 1164 cum
1604 1128 1794 1177 quibus15

423 1191 528 1233 vivit,
560 1190 641 1226 sine
674 1190 787 1226 dubio
820 1197 855 1226 et
886 1189 975 1225 illos
1006 1189 1271 1224 honoraturus
1294 1187 1448 1236 fuerat,
1480 1186 1516 1222 si
1545 1198 1630 1222 cum
1663 1185 1740 1221 illis

423 1249 598 1285 vixisset.
631 1248 734 1283 Nam
768 1248 894 1284 omnis
925 1246 1125 1295 correpcio
1147 1245 1286 1282 similis
1319 1253 1375 1281 est
1406 1244 1543 1281 ceteris
1574 1250 1738 1293 tempta-

423 1307 618 1351 cionibus;
647 1306 747 1342 sicut
779 1318 876 1356 ergo
910 1304 1032 1341 omnis
1064 1303 1271 1353 temptacio
1293 1303 1438 1353 fideles
1469 1302 1622 1351 quidem
1660 1301 1740 1337 edi-

433 1364 539 1412 ficat,
572 1364 701 1414 magis
723 1364 897 1413 infideles
918 1362 1087 1412 amplius
1119 1361 1297 1408 destruit,
1328 1361 1384 1397 sic
1406 1368 1442 1397 et
1473 1360 1596 1397 omnis
1618 1359 1741 1395 incre-

419 1423 534 1472 pacio
569 1422 770 1472 discipline
817 1421 1045 1472 religiosum
1085 1420 1275 1456 hominem
1316 1426 1350 1455 et
1381 1419 1575 1455 timentem
1609 1417 1740 1454 melio·
1758 1431 1800 1452 20

426 1493 509 1516 rem
524 1480 642 1528 facit,
677 1480 946 1530 irreligiosum
979 1485 1105 1514 autem
1139 1485 1174 1514 et
1212 1477 1358 1513 malum
1391 1477 1595 1512 conturbat
1625 1483 1662 1512 et
1692 1475 1744 1511 ad

428 1538 598 1575 deterius
650 1538 707 1574 ire
738 1538 945 1587 compellit.
995 1537 1101 1572 Sicut
1132 1548 1229 1586 ergo
1274 1547 1344 1571 vas
1370 1534 1495 1586 figuli
1530 1535 1621 1585 igne
1646 1545 1743 1583 pro-

426 1597 553 1643 batur,
585 1596 640 1632 sic
672 1597 859 1632 bonorum
893 1607 961 1632 cor
988 1594 1254 1643 increpacione
1287 1593 1549 1643 cognoscitur.

486 1654 529 1690 Si
550 1654 769 1702 fuissemus
801 1654 838 1690 in
874 1654 1005 1690 diebus
1028 1659 1190 1702 patrum
1225 1658 1463 1696 nostrorum,
1492 1650 1588 1687 socii
1608 1662 1742 1687 eorum

427 1725 500 1749 non
527 1712 745 1760 fuissemus
776 1711 812 1747 in
845 1711 1034 1762 sanguine
1060 1710 1361 1759 prophetarum.
1394 1709 1482 1744 Non
1515 1708 1601 1757 quia
1631 1706 1800 1743 Judei25

427 1771 651 1820 specialiter
682 1770 835 1806 omnino
866 1770 958 1806 talia
993 1768 1259 1817 loquebantur,
1290 1767 1360 1803 sed
1391 1766 1477 1815 quia
1510 1766 1603 1802 talia
1636 1765 1743 1816 cogi-

429 1829 562 1864 tabant
594 1835 629 1864 et
651 1828 856 1877 faciebant
879 1835 914 1864 et
937 1826 1242 1877 cogitacionibus
1271 1825 1352 1861 suis
1374 1825 1468 1861 haec
1491 1824 1746 1872 loquebantur

430 1894 465 1922 et
488 1886 628 1935 factis.
674 1886 839 1929 Quando
892 1885 989 1921 enim
1011 1884 1094 1935 filii
1123 1884 1298 1920 colebant
1339 1895 1434 1932 quos
1471 1889 1610 1932 patres
1647 1880 1744 1917 occi-

432 1946 585 1989 derant,
610 1945 897 1993 condempnare
921 1943 1152 1979 videbantur
1175 1941 1382 1978 homicidia
1400 1947 1562 1990 patrum
1584 1951 1745 1976 suorum

432 2010 467 2038 et
499 2015 540 2039 se
578 2002 625 2038 ab
664 2002 823 2038 illorum
876 2001 1076 2038 consorcio
1130 2011 1332 2050 separare.
1396 1999 1460 2035 Sic
1510 2005 1546 2034 et
1589 1996 1805 2034 heretici3o

433 2061 585 2109 quando
630 2061 760 2096 colunt
794 2060 1023 2110 prophetas,
1068 2058 1266 2108 apostolos
1310 2063 1345 2093 et
1389 2063 1593 2108 martyres
1632 2055 1696 2104 qui
1725 2067 1747 2090 a

427 2119 610 2167 patribus
642 2131 791 2164 eorum,
835 2117 876 2153 id
907 2124 975 2164 est,
1019 2130 1041 2152 a
1072 2116 1208 2152 Judeis
1240 2115 1300 2151 vel
1329 2115 1538 2165 gentilibus
1564 2125 1747 2163 persecu-

435 2176 578 2212 cionem
619 2176 731 2225 passi
771 2183 860 2212 sunt
892 2183 928 2211 et
959 2175 1084 2220 occisi,
1130 2174 1416 2223 condempnare
1454 2172 1634 2208 videntur
1663 2177 1748 2206 acta

430 2242 592 2283 patrum
616 2246 791 2280 suorum,
825 2233 865 2268 id
897 2240 963 2279 est,
996 2233 1210 2268 Judeorum
1243 2243 1288 2267 ac
1318 2230 1523 2281 gentilium
1556 2237 1591 2266 et
1623 2229 1751 2264 dicere

435 2293 521 2341 quia
553 2292 587 2328 si
607 2293 824 2341 fuissemus
855 2292 891 2327 in
926 2291 1057 2327 diebus
1095 2290 1266 2335 illorum,
1314 2301 1387 2324 non
1410 2288 1629 2337 fuissemus
1659 2285 1805 2323 socii35

436 2362 570 2386 eorum
604 2351 640 2385 in
678 2350 870 2400 sanguine
896 2349 1198 2398 prophetarum,
1231 2347 1497 2396 apostolorum
1530 2352 1565 2382 et
1596 2351 1750 2396 marty-

437 2421 536 2443 rum.
570 2409 702 2457 Itaque
736 2407 992 2444 testimonium
1026 2406 1190 2442 redditis
1225 2405 1343 2451 vobis,
1378 2404 1464 2453 quia
1497 2403 1586 2440 estis
1618 2414 1750 2439 eorum

437 2466 501 2515 qui
533 2466 756 2502 occiderunt
782 2466 1010 2514 prophetas.
1071 2464 1171 2508 Quia
1205 2475 1296 2499 vero
1341 2462 1481 2512 regula
1522 2461 1614 2497 dicit
1651 2459 1753 2509 quod

509 2714 523 2733 2
535 2706 585 2733 -3.
607 2707 648 2732 A:
664 2705 742 2732 Ecce
753 2721 783 2724 —
798 2705 996 2741 gubernatur
1009 2704 1102 2731 deest.
1176 2710 1214 2730 12.
1225 2703 1279 2741 DA:
1296 2705 1340 2728 est
1353 2702 1445 2740 deest.
1519 2707 1557 2739 ῃ,
1579 2697 1616 2726 13.
1637 2699 1665 2726 A
1676 2708 1687 2738 :-
1701 2698 1754 2726 sub

440 2742 509 2803 ἶξίξῖ·
526 2741 708 2807 411n¹⁶222n3³²
731 2740 826 2801 ''¹²¹⁴ss
854 2775 883 2801 A
920 2746 1047 2801 132⁷?
1078 2739 1133 2799 ‘³3²3
1157 2735 1594 2805 'zef‘25522ffl‘r2‘2'2332’m
1614 2736 1754 2796 ³²3¹5¹⁷⁷²X⁷3

444 2798 445 2801 ,
500 2797 504 2801 .
593 2788 600 2807 )
685 2795 690 2800 .
828 2795 833 2800 .
893 2784 898 2801 :
1021 2794 1026 2800 .
1138 2793 1143 2799 .
1202 2791 1208 2797 .
1549 2789 1555 2796 .
1680 2788 1687 2794 .
1745 2789 1751 2795 .

441 2811 513 2845 quia
536 2811 600 2837 etsi.
673 2808 717 2844 37.
740 2811 782 2836 A:
805 2810 860 2836 ita.
