1986 3289
205 189 294 218 CAP.
316 181 485 235 xxxvn]
576 193 635 224 DE
664 191 976 225 ANricffimsTo
1005 191 1090 224 [ΑΒ.
1117 192 1139 224 1.

264 301 376 337 Unde
409 312 479 347 per
501 299 576 336 hoc
605 298 799 336 iudicium
828 299 1092 336 iustificatum
1116 312 1138 335 a
1163 298 1321 335 Christo
1347 307 1512 335 notatur

204 357 517 394 convertibilitas
539 357 642 393 iuste
664 356 744 394 vite
766 358 826 394 vel
848 357 992 406 operis,
1027 358 1233 406 querendo
1262 358 1509 394 voluntatem

205 415 363 452 deitatis
401 424 438 452 et
480 414 681 451 iniusticia
725 414 803 452 vite
846 416 905 452 vel
942 415 1074 463 operis
1110 414 1274 452 viatoris
1307 416 1510 464 querendo

204 473 410 522 propriam
435 474 701 519 voluntatem3
736 481 773 509 et
802 473 982 522 loquitur
1004 474 1051 509 de
1075 472 1305 522 quesicione
1335 472 1508 509 hominis

171 531 430 580 §principalh
476 533 569 567 Ideo
609 532 693 567 Joh.
726 532 824 576 VIII,
868 531 919 577 54
963 530 1059 567 dicit
1101 531 1301 568 Christus:
1352 532 1394 567 Si
1436 543 1509 581 ego

202 590 382 640 glorifico
408 601 466 625 me
497 589 633 638 ipsum,
665 589 798 639 gloria
830 601 913 625 mea
946 589 1062 625 nichil
1093 596 1159 636 est,
1193 588 1287 637 quia
1320 591 1377 634 (ut
1399 588 1509 637 prius

82 648 165 690 418c
203 648 358 694 asserit)
390 644 394 693 l
423 659 496 698 ego
518 647 705 697 *gloriam
745 659 868 683 meam
902 659 975 683 non
1008 659 1149 695 quer0;
1192 654 1248 683 est
1278 647 1343 696 qui
1374 654 1511 696 querat

202 714 237 742 et
282 706 431 742 iudicet.
486 705 673 741 studeret
717 713 851 741 autem
904 717 1009 753 papa
1059 704 1229 741 sollicite
1273 704 1304 741 si
1348 704 1388 741 in
1433 706 1509 741 hoc

203 763 382 812 sequitur
425 762 605 811 proxime
647 764 781 798 Jesum
827 762 1050 810 Christum3
1100 771 1137 799 et
1174 762 1332 799 videtur
1372 762 1508 799 multis

148 821 375 867 10evidens,
421 822 528 869 quod
573 819 769 869 quidquid
812 832 918 869 papa
961 819 1098 857 fecerit
1142 829 1350 869 tamquam
1403 833 1509 869 papa

203 879 334 927 querit
377 878 546 927 gloriam
592 890 705 915 suam
753 886 790 914 et
828 878 984 915 lucrum
1023 877 1244 927 proprium.
1292 879 1508 924 Quomodo

203 949 296 986 ergo
329 936 370 973 in
403 937 477 973 hoc
515 936 695 985 sequitur
727 936 939 972 dominum
970 938 1104 973 Jesum
1138 936 1366 973 Christum?
1405 938 1506 973 Nam

202 996 434 1032 coronando
482 1007 671 1044 cesarem,
726 994 967 1031 conferendo
1020 994 1276 1042 episcopatus
1328 1003 1365 1031 et
1409 994 1507 1031 alias

202 1053 427 1101 dignitates,
468 1053 726 1089 concedendo
765 1052 973 1100 privilegia
1013 1061 1050 1088 et
1094 1051 1192 1089 alias
1230 1051 1507 1100 indulgencias

148 1115 183 1147 15
200 1124 276 1159 que
308 1111 436 1148 nescit
467 1110 499 1147 si
532 1118 753 1147 consonant
785 1110 1036 1158 beneplacito
1070 1109 1142 1146 Dei
1174 1110 1312 1158 patris,
1351 1110 1508 1147 videtur

199 1168 471 1218 omniquaque
503 1169 554 1204 ad
586 1168 757 1216 gloriam
788 1169 1033 1205 mundanam
1058 1176 1094 1204 et
1116 1168 1271 1204 lucrum
1296 1168 1506 1217 proprium

199 1226 390 1275 aspirare,
435 1239 523 1263 cum
564 1234 700 1263 tamen
738 1239 810 1274 pro
854 1235 940 1263 toto
985 1227 1136 1262 mundo
1176 1227 1380 1275 querendo
1425 1239 1506 1263 non

198 1285 346 1321 faceret
378 1283 578 1322 contrarie
610 1284 805 1321 voluntati
839 1284 998 1321 deitatis
1031 1285 1082 1320 ad
1105 1285 1213 1332 quod
1236 1297 1340 1332 papa
1363 1297 1504 1332 parurn

199 1342 381 1387 attendit,
448 1342 540 1379 licet
599 1342 781 1380 Christus
837 1342 1062 1379 necessario
1120 1342 1336 1379 servaverit
1386 1342 1505 1379 istam

144 1413 400 1437 2onormam.
447 1400 629 1437 Christus
667 1408 802 1437 autem
841 1400 955 1437 scivit
987 1401 1094 1449 quod
1133 1401 1337 1449 sequendo
1376 1400 1506 1437 humi-

198 1458 288 1495 liter
325 1458 442 1496 istam
483 1459 662 1507 regulam
701 1466 861 1506 oportet
893 1458 1082 1495 deitatem
1117 1459 1212 1495 dare
1245 1457 1416 1495 fideliter
1447 1470 1507 1495 se-

200 1516 337 1565 quenti
380 1516 550 1565 gloriam
591 1518 952 1565 correspondenter
989 1525 1032 1553 ut
1071 1516 1235 1562 meruit;
1280 1515 1371 1553 ideo
1410 1516 1507 1553 dicit

201 1573 364 1622 quidam
409 1574 617 1623 postillans
665 1575 773 1623 quod
819 1573 1091 1611 antichristive
1124 1586 1296 1624 querens
1335 1573 1505 1623 gloriam

199 1632 404 1680 propriam
449 1641 507 1669 est
551 1632 690 1669 similis
734 1632 1006 1681 peregrinanti
1051 1644 1118 1680 per
1160 1633 1306 1669 vadum
1351 1631 1507 1681 pericu-

142 1690 341 1736 25losum,
375 1690 443 1739 qui
478 1690 591 1739 ponit
624 1703 737 1727 suam
772 1690 1083 1727 sollicitudinem
1118 1692 1324 1739 quomodo
1364 1691 1507 1726 umbra

198 1760 269 1784 sua
313 1748 479 1785 transiet
522 1748 629 1785 istud
667 1750 827 1785 vadum.
875 1748 986 1785 Sicut
1027 1747 1130 1785 enim
1172 1749 1359 1796 ponendo
1392 1760 1506 1785 suam

197 1805 508 1843 sollicitudinem
556 1808 605 1843 ad
648 1806 718 1843 Dei
763 1805 932 1855 gloriam
979 1806 1287 1856 adquirendam,
1334 1815 1370 1842 et
1410 1818 1507 1854 quo-

199 1864 318 1900 modo
351 1864 424 1900 sibi
449 1864 580 1901 debite
613 1864 806 1902 servietur
829 1864 956 1912 gloria
989 1864 1168 1913 propria,
1195 1863 1290 1913 quia
1316 1863 1505 1900 meritum

198 1930 235 1957 et
279 1922 477 1970 premium
511 1922 737 1959 necessario
779 1931 1013 1971 sequuntur,
1059 1922 1113 1959 sic
1152 1922 1192 1958 in
1224 1921 1376 1958 viatore
1416 1935 1507 1970 pro-

141 1984 376 2016 3omerente
435 1980 724 2017 beatitudinem
784 1993 854 2029 per
907 1979 1023 2016 istam
1077 1980 1182 2016 viam
1236 1979 1503 2028 periculosam

197 2037 323 2084 gloria
356 2046 392 2074 et
424 2038 622 2086 premium
658 2051 701 2075 ex
733 2038 866 2075 divino
900 2038 1051 2074 iudicio
1084 2046 1393 2086 consequentur.

256 2097 375 2132 Istam
421 2105 556 2132 autem
596 2096 816 2133 leccionem
863 2096 1003 2133 vellem
1045 2097 1152 2144 quod
1191 2108 1296 2144 papa
1328 2097 1507 2132 studeret

198 2165 286 2188 cum
321 2153 484 2201 prelatis
517 2153 604 2190 aliis
637 2167 736 2202 quos
769 2154 852 2202 ipse
885 2153 1090 2201 creaverit,
1124 2153 1218 2202 quia
1246 2162 1341 2190 tunc
1364 2153 1505 2202 prelati

198 2211 339 2247 cesarii
372 2220 635 2260 sequerentur
667 2211 707 2247 in
740 2220 854 2260 parte
887 2211 1095 2248 dominum
1128 2214 1260 2248 Jesum
1287 2211 1504 2248 Christum.

140 2273 180 2306 35
198 2270 245 2304 Et
293 2268 323 2304 si
370 2268 525 2306 dicatur
570 2271 677 2318 quod
722 2270 827 2306 istud
874 2278 1071 2318 repugnat
1116 2269 1250 2317 papali
1304 2269 1424 2306 statui
1469 2278 1506 2306 et

197 2327 317 2362 statui
363 2327 623 2374 prelatorum,
671 2327 907 2364 maledictus
948 2328 997 2364 sit
1035 2327 1100 2364 ille
1139 2336 1277 2373 status,
1324 2327 1385 2363 cui
1432 2327 1506 2364 ista

198 2383 381 2421 doctrina
414 2385 642 2433 evangelica
675 2385 730 2421 sic
764 2394 972 2434 repugnat,
1008 2385 1101 2434 quia
1133 2394 1285 2422 certum
1318 2394 1374 2421 est
1398 2386 1504 2434 quod

196 2441 261 2478 ille
294 2451 418 2479 status
452 2456 530 2479 non
564 2456 585 2479 a
619 2446 702 2480 Deo
735 2445 803 2480 sed
843 2457 865 2479 a
898 2443 1058 2480 diabolo
1092 2443 1262 2492 sumpsit
1295 2442 1504 2490 originem,

198 2512 287 2536 cum
323 2500 536 2538 necessitat
569 2502 619 2537 ad
652 2509 876 2549 peccatum.

264 2703 294 2727 4.
317 2693 353 2720 ss:
385 2696 415 2721 et
433 2694 595 2729 loquimur.
722 2702 763 2722 10.
797 2695 841 2721 A:
869 2694 1050 2730 quicunque.
1178 2702 1217 2727 ¹4-
1244 2694 1288 2721 A:
1308 2694 1502 2729 pravilegia.

198 2735 238 2762 19.
260 2730 303 2755 A:
326 2729 356 2755 in
377 2729 563 2756 necessario.
653 2730 698 2756 26.
720 2730 764 2756 A:
786 2730 830 2756 sic
849 2730 945 2761 enirm·
968 2729 1006 2756 ib.
1029 2728 1068 2755 ss:
1089 2736 1175 2755 snam
1196 2729 1289 2756 deest.

268 2811 298 2843 8.
324 2812 402 2844 Joh.
429 2813 511 2852 vul,
542 2814 592 2844 50.

1723 182 1797 230 137

1544 306 1785 345 Righte'ousness

1570 345 1702 368 consists
1723 350 1752 368 ln

1545 376 1667 409 seeking
1690 375 1787 403 God's

1624 410 1699 444 wilh

1526 444 1799 480 unrighteousness

1571 480 1601 506 in
1624 481 1748 514 seeIdng

1584 522 1641 541 our
1662 523 1743 542 own.
