1986 3289
158 204 238 241 240
759 201 876 232 OPUS
902 201 1238 232 EVANGELICUM
1269 201 1351 232 LIB.
1379 201 1431 232 ΙΙΙ.
1509 189 1616 243 [CAR.
1639 197 1744 226 LXtV.

199 327 285 359 They
307 326 382 353 have
444 320 513 356 que
546 308 654 343 iuxta
676 307 801 356 fidem
835 307 1015 355 operibus
1046 307 1306 342 adornantur.
1341 308 1427 343 Non
1460 307 1598 344 hahent
1631 309 1753 344 oleum

169 358 410 423 xffgsssvshgshxssglssl
444 378 513 414 que
546 366 725 401 videntur
756 365 935 401 similiter
958 366 1082 400 Deum
1117 365 1303 415 confiteri,
1336 366 1405 401 sed
1434 366 1613 402 virtutem
1637 378 1756 415 opera

219 439 251 458 as
272 430 356 458 saith.
445 424 660 474 negligunt.
697 423 910 459 Possumus
933 423 1095 471 quinque
1128 423 1302 473 virgines
1331 424 1521 472 sapientes
1553 431 1588 459 et
1618 424 1758 460 stultas

444 482 604 530 quinque
654 493 789 517 sensus
839 481 1113 529 interpretari:
1164 493 1325 529 quorum
1371 481 1439 516 czlii
1472 481 1667 529 festinant
1706 482 1758 516 czd

445 540 596 576 celestia
629 546 665 574 et
695 550 863 587 superna
896 539 1130 585 desiderant,
1169 539 1237 574 alii
1273 539 1438 575 terrenis
1468 539 1624 587 fecibus
1663 539 1790 576 initi-5

444 605 564 640 antes,
586 598 768 645 fomenta
802 609 874 632 non
899 597 1037 632 habent
1069 597 1242 632 veritatis
1264 597 1398 645 quibus
1430 609 1498 633 sua
1521 598 1642 633 corda
1674 597 1756 633 illu-

446 655 597 691 minent.
644 655 705 691 De
750 654 830 690 visu
864 662 898 690 et
930 655 1062 690 auditu
1101 662 1137 690 et
1181 662 1284 690 tactu
1316 655 1575 703 spiritualiter
1615 655 1756 691 dictum

445 720 519 749 est:
569 713 685 757 Quod
717 713 882 748 vidimus
912 713 1015 761 quod
1053 712 1284 759 audivimus,
1330 713 1432 761 quod
1464 713 1584 749 oculis
1616 712 1759 749 nostris

441 771 718 820 perspeximus
748 778 783 806 et
816 783 952 806 manus
982 778 1113 806 nostre
1138 771 1366 820 palpavere.
1401 770 1460 806 De
1481 778 1621 821 gustu:
1658 771 1757 806 Gus-

445 836 523 864 tate
554 836 589 864 et
621 828 744 864 videte
774 829 952 878 quoniam
986 828 1116 864 suavis
1149 835 1204 864 est
1240 828 1443 867 Dominus.
1477 829 1538 864 De
1573 829 1760 865 odoratu:
1780 844 1817 864 10

446 888 486 922 In
533 887 691 922 odorem
737 893 1022 936 unguentorum
1069 894 1223 922 tuorum
1278 886 1484 933 currimus,
1536 893 1570 922 et
1614 886 1761 922 Christi

446 946 565 980 bonus
598 945 697 980 odor
728 957 861 980 sumus
892 945 989 980 Deo.
1026 945 1107 981 Hec
1139 946 1392 991 Jeronymus.

156 999 430 1063 ΜΞΙῙᾨἘἜῘῗῗΟἜὲἕΞν
503 1002 671 1038 Videtur
715 1002 833 1038 istum
881 1011 1062 1038 sanctum
1114 1002 1340 1050 exemplare
1384 1002 1566 1038 fidelibus
1613 1002 1759 1038 multos

160 1077 230 1107 may
252 1070 287 1097 be
308 1056 424 1109 elicit'ed
447 1073 585 1097 sensus
620 1060 843 1097 catholicos
878 1060 1068 1096 elicibiles
1109 1073 1153 1096 ex
1186 1059 1386 1108 scriptura
1419 1072 1508 1097 cum
1544 1061 1620 1096 hoc
1652 1060 1760 1108 quod

162 1106 243 1131 {rom
264 1109 424 1140 sempture.
448 1118 614 1167 quilibet
660 1130 799 1154 eorum
845 1131 925 1154 non
970 1118 1019 1154 sit
1052 1118 1278 1155 contrarius
1312 1118 1404 1154 fidei
1438 1119 1649 1155 othodoxe.
1695 1117 1759 1154 Sic
1781 1122 1816 1154 15

449 1176 553 1213 enim
586 1176 742 1213 videtur
766 1176 1037 1213 Crisostomus
1072 1176 1204 1213 dicere
1236 1177 1344 1224 quod
1379 1176 1483 1212 dicte
1514 1177 1650 1212 decem
1684 1175 1759 1211 vir-

449 1235 558 1283 gines
602 1243 692 1270 sunt
738 1236 877 1271 decem
932 1246 1071 1270 sensus
1106 1234 1280 1270 hominis
1312 1235 1373 1271 vel
1407 1234 1586 1282 quinque
1619 1233 1758 1270 intrin-

449 1292 528 1329 seci
564 1301 599 1329 et
635 1292 815 1341 quinque
849 1292 1060 1329 extrinseci
1092 1293 1153 1329 vel
1186 1292 1365 1341 quinque
1397 1300 1465 1328 aut
1494 1293 1632 1328 decem
1665 1291 1760 1327 isto—

450 1364 537 1387 rum
572 1350 803 1387 intencione
850 1350 984 1387 debita
1018 1351 1078 1388 vel
1110 1350 1291 1387 indebita
1325 1350 1534 1399 geminati,
1588 1358 1624 1386 et
1669 1362 1758 1386 cum

449 1410 581 1445 nullus
630 1409 798 1445 istorum
844 1421 1033 1445 sensuum
1075 1408 1123 1444 sit
1168 1408 1260 1445 fidei
1309 1408 1547 1453 contrarius,
1593 1407 1760 1456 quilibet
1778 1422 1818 1443 20

450 1480 588 1503 eorum
624 1467 820 1503 catholice
854 1475 985 1515 potest
1019 1466 1121 1514 capi,
1157 1476 1193 1503 et
1227 1466 1488 1503 conformiter
1521 1474 1651 1514 potest
1683 1465 1761 1502 dici

449 1527 497 1561 de
529 1525 617 1561 oleo
652 1526 763 1573 quod
796 1524 845 1561 sit
879 1525 1025 1561 caritas
1066 1525 1106 1561 in
1138 1537 1326 1572 suprema
1359 1532 1472 1572 parte
1505 1523 1638 1560 anime
1670 1535 1759 1569 sue3

449 1596 526 1632 que
559 1583 705 1620 caritas
749 1584 970 1619 secundum
1005 1583 1242 1631 Apostolum
1287 1595 1368 1618 non
1401 1590 1533 1630 potest
1568 1581 1760 1631 excidere,

450 1641 544 1689 quia
576 1641 678 1678 sicut
711 1641 844 1677 oleum
878 1654 969 1678 raro
992 1642 1052 1677 vel
1085 1641 1195 1677 nullo
1219 1650 1402 1688 tempore
1426 1640 1671 1688 congelatur,
1706 1639 1761 1675 sic

450 1699 596 1736 caritas
630 1712 705 1748 que
737 1699 922 1736 vendicat
955 1704 1188 1747 supremum
1222 1699 1355 1735 locum
1382 1698 1515 1734 anime
1548 1706 1606 1734 est
1637 1697 1761 1734 virtus
1779 1702 1818 1733 25

450 1770 529 1805 que
561 1770 641 1794 non
675 1766 806 1806 potest
840 1757 1110 1805 refrigescere,
1146 1770 1234 1793 cum
1271 1756 1416 1793 caritas
1449 1755 1762 1804 predestinacio-

451 1815 512 1852 nis
545 1816 593 1852 sit
638 1815 801 1852 alterius
847 1815 1021 1851 racionis
1055 1827 1174 1863 quam
1210 1814 1355 1851 caritas
1399 1815 1505 1850 nude
1539 1814 1759 1850 secundum

449 1883 675 1921 presentem
712 1872 927 1909 iusticiam.
972 1874 1064 1909 Ideo
1096 1882 1237 1909 notant
1270 1872 1521 1920 postillantes
1554 1873 1761 1920 quomodo

449 1932 581 1967 oleum
617 1934 665 1968 ad
706 1944 842 1968 sensus
883 1931 1029 1968 multos
1062 1931 1233 1967 sumitur
1267 1930 1421 1966 mistice
1466 1930 1506 1965 in
1549 1929 1761 1978 scriptura.

450 1989 627 2025 Primum
664 1998 721 2026 est
753 1990 886 2026 oleum
920 1989 1166 2035 illunfinam,
1201 1988 1352 2025 scilicet
1384 1987 1576 2024 serenitas
1610 1986 1762 2024 consci-
1780 1993 1820 2024 30

451 2047 584 2094 encie3
621 2057 657 2084 et
691 2049 738 2084 de
772 2049 847 2083 hoc
881 2048 970 2084 oleo
1004 2047 1171 2083 Matthei
1204 2048 1308 2083 XXV
1341 2047 1557 2094 prudentes
1590 2045 1761 2093 virgines

450 2114 707 2154 sumpserunt
752 2106 885 2142 oleum
932 2118 1079 2141 secum.
1129 2106 1315 2141 Secundo
1349 2103 1521 2140 sumitur
1565 2116 1638 2151 pro
1672 2103 1761 2139 oleo

452 2163 661 2211 mitigante
694 2165 803 2212 quod
839 2172 895 2199 est
929 2162 1224 2199 exhortacionis
1258 2161 1432 2198 suavitas
1467 2163 1572 2197 Luce
1603 2160 1650 2207 X,
1685 2173 1759 2210 34:

451 2222 723 2257 Scinmritanus
756 2221 900 2269 infudit
924 2222 1050 2256 vinum
1086 2221 1120 2256 in
1154 2221 1292 2257 oleum.
1327 2219 1471 2256 Tercio
1495 2218 1666 2255 sumitur
1688 2231 1761 2266 pro

450 2280 537 2316 oleo
570 2279 801 2325 letificante,
836 2279 987 2315 scilicet
1031 2278 1166 2326 gracia
1200 2280 1260 2314 Ps.
1296 2279 1427 2324 XLIV,
1475 2278 1518 2314 8:
1577 2277 1697 2312 Unxit
1728 2284 1763 2312 te
1780 2280 1818 2313 35

450 2338 556 2373 Deus
589 2345 674 2373 tuus
707 2338 789 2374 oleo
824 2337 956 2373 leticie.
992 2338 1147 2382 Quarto
1171 2335 1341 2372 sumitur
1373 2348 1446 2383 pro
1470 2335 1558 2371 oleo
1591 2333 1763 2370 suaviter

451 2396 654 2432 redolente
687 2395 838 2432 scilicet
863 2396 969 2431 bona
1003 2395 1109 2431 fama
1144 2395 1258 2430 Cant.
1294 2395 1319 2440 Ι,
1356 2403 1391 2429 2.
1432 2392 1567 2428 Oleum
1602 2393 1760 2441 effusum

521 2623 557 2651 13.
580 2625 605 2650 Α
628 2624 656 2650 iu
680 2631 794 2658 marga:
816 2622 980 2650 lohannes.
1086 2630 1125 2653 Μ.
1149 2622 1190 2649 A:
1213 2621 1391 2649 catholicos.
1472 2628 1516 2654 27.
1537 2621 1580 2647 A:
1604 2619 1704 2652 unde,·
1724 2618 1760 2645 B:

450 2659 598 2692 ‹zm-remu
620 2658 660 2685 ib.
683 2659 710 2685 A
731 2657 760 2685 in
784 2665 896 2692 marg:
922 2657 1028 2685 Oleum
1051 2656 1107 2683 620¹·
1127 2655 1210 2683 1-6.
1284 2654 1326 2683 33.
1348 2657 1391 2683 A:
1414 2655 1587 2682 suavitatis.
1660 2652 1706 2687 34.
1723 2653 1760 2680 ss:

451 2697 478 2720 el
499 2694 607 2720 oleum.

520 2778 550 2807 «⁸4.
579 2776 703 2807 l..10h.
732 2777 753 2815 l,
799 2786 823 2808 1.
920 2787 951 2818 (J.
987 2776 1111 2806 Psalm.
1145 2775 1291 2814 xxxin,
1331 2784 1362 2816 ς).
1464 2783 1513 2804 11.
1547 2774 1643 2803 caut.
1671 2772 1693 2811 1,
1733 2772 1762 2803 3.

453 2823 488 2853 ll.
517 2824 596 2853 Cor.
626 2823 661 2859 ll,
694 2822 742 2853 15.
