<?xml version="1.0" encoding="UTF-8"?>
<!DOCTYPE html PUBLIC "-//W3C//DTD XHTML 1.0 Transitional//EN"
    "http://www.w3.org/TR/xhtml1/DTD/xhtml1-transitional.dtd">
<html xmlns="http://www.w3.org/1999/xhtml" xml:lang="en" lang="en">
 <head>
  <title>
</title>
<meta http-equiv="Content-Type" content="text/html;charset=utf-8" />
  <meta name='ocr-system' content='tesseract 3.04.00' />
  <meta name='ocr-capabilities' content='ocr_page ocr_carea ocr_par ocr_line ocrx_word'/>
</head>
<body>
  <div class='ocr_page' id='page_1' title='image "./opusevangelicum34wycl/opusevangelicum34wycl_0276.png"; bbox 0 0 1986 3289; ppageno 0'>
   <div class='ocr_carea' id='block_1_1' title="bbox 168 190 1770 244">
    <p class='ocr_par' dir='ltr' id='par_1_1' title="bbox 168 190 1770 244">
     <span class='ocr_line' id='line_1_1' title="bbox 168 190 1770 244; baseline -0.007 -2"><span class='ocrx_word' id='word_1_1' title='bbox 168 194 246 242; x_wconf 79' lang='lat'><em>238</em></span> <span class='ocrx_word' id='word_1_2' title='bbox 773 203 890 234; x_wconf 75' lang='lat' dir='ltr'><em>OPUs</em></span> <span class='ocrx_word' id='word_1_3' title='bbox 916 202 1252 233; x_wconf 82' lang='lat' dir='ltr'><strong>EVANGELICUM</strong></span> <span class='ocrx_word' id='word_1_4' title='bbox 1283 202 1365 233; x_wconf 66' lang='grc' dir='ltr'><em>ΜΒ.</em></span> <span class='ocrx_word' id='word_1_5' title='bbox 1393 203 1444 233; x_wconf 91' lang='grc' dir='ltr'><strong>ιιι.</strong></span> <span class='ocrx_word' id='word_1_6' title='bbox 1535 190 1641 244; x_wconf 74' lang='lat' dir='ltr'>[CAP.</span> <span class='ocrx_word' id='word_1_7' title='bbox 1664 200 1770 228; x_wconf 76' lang='lat' dir='ltr'>Lxlv.</span> 
     </span>
    </p>
   </div>
   <div class='ocr_carea' id='block_1_2' title="bbox 166 309 1774 1752">
    <p class='ocr_par' dir='ltr' id='par_1_2' title="bbox 166 309 1774 1228">
     <span class='ocr_line' id='line_1_2' title="bbox 455 309 1771 358; baseline 0.002 -14"><span class='ocrx_word' id='word_1_8' title='bbox 455 309 683 358; x_wconf 75' lang='lat' dir='ltr'><em>accepimus,</em></span> <span class='ocrx_word' id='word_1_9' title='bbox 729 309 802 345; x_wconf 86' lang='lat' dir='ltr'><em>nisi</em></span> <span class='ocrx_word' id='word_1_10' title='bbox 832 310 1011 345; x_wconf 83' lang='lat' dir='ltr'><em>assiduus</em></span> <span class='ocrx_word' id='word_1_11' title='bbox 1048 309 1213 345; x_wconf 77' lang='lat' dir='ltr'><em>assiduis</em></span> <span class='ocrx_word' id='word_1_12' title='bbox 1251 310 1449 345; x_wconf 81' lang='lat' dir='ltr'><em>nutriatur</em></span> <span class='ocrx_word' id='word_1_13' title='bbox 1488 310 1673 346; x_wconf 73' lang='lat' dir='ltr'><em>doctrinis</em></span> <span class='ocrx_word' id='word_1_14' title='bbox 1705 318 1771 346; x_wconf 86' lang='lat' dir='ltr'><em>aut</em></span> 
     </span>
     <span class='ocr_line' id='line_1_3' title="bbox 455 367 1770 418; baseline 0.002 -16"><span class='ocrx_word' id='word_1_15' title='bbox 455 367 771 403; x_wconf 80' lang='lat' dir='ltr'><em>nieditacionibus</em></span> <span class='ocrx_word' id='word_1_16' title='bbox 814 368 1102 416; x_wconf 84' lang='lat' dir='ltr'><em>scripturarum</em></span> <span class='ocrx_word' id='word_1_17' title='bbox 1157 368 1415 418; x_wconf 75' lang='lat' dir='ltr'><em>extinguitur,</em></span> <span class='ocrx_word' id='word_1_18' title='bbox 1473 375 1508 403; x_wconf 90' lang='lat' dir='ltr'><em>et</em></span> <span class='ocrx_word' id='word_1_19' title='bbox 1551 380 1623 404; x_wconf 89' lang='lat' dir='ltr'><em>non</em></span> <span class='ocrx_word' id='word_1_20' title='bbox 1676 369 1770 405; x_wconf 80' lang='lat' dir='ltr'><em>satis</em></span> 
     </span>
     <span class='ocr_line' id='line_1_4' title="bbox 455 425 1769 475; baseline 0.002 -15"><span class='ocrx_word' id='word_1_21' title='bbox 455 425 647 460; x_wconf 82' lang='lat' dir='ltr'><em>illuminat</em></span> <span class='ocrx_word' id='word_1_22' title='bbox 690 425 872 461; x_wconf 81' lang='lat' dir='ltr'><em>animani.</em></span> <span class='ocrx_word' id='word_1_23' title='bbox 920 425 996 461; x_wconf 90' lang='lat' dir='ltr'><em>Aut</em></span> <span class='ocrx_word' id='word_1_24' title='bbox 1029 426 1152 461; x_wconf 83' lang='lat' dir='ltr'><em>oleunz</em></span> <span class='ocrx_word' id='word_1_25' title='bbox 1187 426 1330 461; x_wconf 87' lang='lat' dir='ltr'><em>dicitur</em></span> <span class='ocrx_word' id='word_1_26' title='bbox 1362 438 1457 475; x_wconf 87' lang='lat' dir='ltr'><em>opus</em></span> <span class='ocrx_word' id='word_1_27' title='bbox 1490 426 1769 473; x_wconf 80' lang='lat' dir='ltr'><em>misericordie,</em></span> 
     </span>
     <span class='ocr_line' id='line_1_5' title="bbox 455 483 1769 533; baseline 0.002 -15"><span class='ocrx_word' id='word_1_28' title='bbox 455 483 541 531; x_wconf 89' lang='lat' dir='ltr'><em>quia</em></span> <span class='ocrx_word' id='word_1_29' title='bbox 573 483 670 519; x_wconf 84' lang='lat' dir='ltr'><em>sicut</em></span> <span class='ocrx_word' id='word_1_30' title='bbox 702 483 827 519; x_wconf 84' lang='lat' dir='ltr'><em>oleum</em></span> <span class='ocrx_word' id='word_1_31' title='bbox 862 484 988 519; x_wconf 80' lang='lat' dir='ltr'><em>lunierz</em></span> <span class='ocrx_word' id='word_1_32' title='bbox 1022 484 1218 533; x_wconf 76' lang='lat' dir='ltr'><em>lampadis</em></span> <span class='ocrx_word' id='word_1_33' title='bbox 1239 484 1367 532; x_wconf 72' lang='lat' dir='ltr'><em>fovet,</em></span> <span class='ocrx_word' id='word_1_34' title='bbox 1412 484 1466 519; x_wconf 88' lang='lat' dir='ltr'><em>sic</em></span> <span class='ocrx_word' id='word_1_35' title='bbox 1510 484 1606 520; x_wconf 85' lang='lat' dir='ltr'><em>hona</em></span> <span class='ocrx_word' id='word_1_36' title='bbox 1651 496 1769 533; x_wconf 89' lang='lat' dir='ltr'><em>opera</em></span> 
     </span>
     <span class='ocr_line' id='line_1_6' title="bbox 454 541 1768 592; baseline 0.002 -17"><span class='ocrx_word' id='word_1_37' title='bbox 454 541 749 576; x_wconf 80' lang='lat' dir='ltr'><em>subministrant</em></span> <span class='ocrx_word' id='word_1_38' title='bbox 796 541 1071 591; x_wconf 87' lang='lat' dir='ltr'><em>confidenciam</em></span> <span class='ocrx_word' id='word_1_39' title='bbox 1103 542 1206 591; x_wconf 84' lang='lat' dir='ltr'><em>fidei</em></span> <span class='ocrx_word' id='word_1_40' title='bbox 1243 549 1278 577; x_wconf 93' lang='lat' dir='ltr'><em>et</em></span> <span class='ocrx_word' id='word_1_41' title='bbox 1330 542 1505 592; x_wconf 76' lang='lat' dir='ltr'><em>vigorem</em></span> <span class='ocrx_word' id='word_1_42' title='bbox 1544 543 1768 578; x_wconf 87' lang='lat' dir='ltr'><em>accendunt.</em></span> 
     </span>
     <span class='ocr_line' id='line_1_7' title="bbox 180 599 1769 649; baseline 0.003 -17"><span class='ocrx_word' id='word_1_43' title='bbox 180 605 273 632; x_wconf 75' lang='lat' dir='ltr'><em>From</em></span> <span class='ocrx_word' id='word_1_44' title='bbox 295 605 344 632; x_wconf 75' lang='lat' dir='ltr'><em>the</em></span> <span class='ocrx_word' id='word_1_45' title='bbox 364 605 423 641; x_wconf 72' lang='lat' dir='ltr'><em>day</em></span> <span class='ocrx_word' id='word_1_46' title='bbox 455 599 536 634; x_wconf 64' lang='lat' dir='ltr'><em>e“Et</em></span> <span class='ocrx_word' id='word_1_47' title='bbox 569 606 751 634; x_wconf 76' lang='lat' dir='ltr'><em>venerunt</em></span> <span class='ocrx_word' id='word_1_48' title='bbox 785 600 934 635; x_wconf 78' lang='lat' dir='ltr'><em>obviam</em></span> <span class='ocrx_word' id='word_1_49' title='bbox 959 611 1099 649; x_wconf 88' lang='lat' dir='ltr'><em>sponso</em></span> <span class='ocrx_word' id='word_1_50' title='bbox 1133 607 1168 635; x_wconf 91' lang='lat' dir='ltr'><em>et</em></span> <span class='ocrx_word' id='word_1_51' title='bbox 1200 601 1379 649; x_wconf 74' lang='lat' dir='ltr'><em>sponse.³&#39;</em></span> <span class='ocrx_word' id='word_1_52' title='bbox 1412 600 1518 636; x_wconf 85' lang='lat' dir='ltr'><em>Bene</em></span> <span class='ocrx_word' id='word_1_53' title='bbox 1540 599 1614 635; x_wconf 85' lang='lat' dir='ltr'><em>ait:</em></span> <span class='ocrx_word' id='word_1_54' title='bbox 1654 601 1769 636; x_wconf 89' lang='lat' dir='ltr'><em>Vene-</em></span> 
     </span>
     <span class='ocr_line' id='line_1_8' title="bbox 206 641 1774 706; baseline 0.001 -15"><span class='ocrx_word' id='word_1_55' title='bbox 206 641 397 702; x_wconf 49' lang='grc' dir='ltr'><em>ζιζῗῑζῗεζῃιῗέ</em></span> <span class='ocrx_word' id='word_1_56' title='bbox 455 663 567 701; x_wconf 82' lang='lat' dir='ltr'><em>runt;</em></span> <span class='ocrx_word' id='word_1_57' title='bbox 596 657 775 705; x_wconf 82' lang='lat' dir='ltr'><em>quoniam</em></span> <span class='ocrx_word' id='word_1_58' title='bbox 809 670 860 693; x_wconf 83' lang='lat' dir='ltr'><em>ex</em></span> <span class='ocrx_word' id='word_1_59' title='bbox 888 658 953 693; x_wconf 87' lang='lat' dir='ltr'><em>illa</em></span> <span class='ocrx_word' id='word_1_60' title='bbox 988 658 1048 693; x_wconf 92' lang='lat' dir='ltr'><em>die</em></span> <span class='ocrx_word' id='word_1_61' title='bbox 1079 670 1150 705; x_wconf 89' lang='lat' dir='ltr'><em>qua</em></span> <span class='ocrx_word' id='word_1_62' title='bbox 1174 657 1288 693; x_wconf 88' lang='lat' dir='ltr'><em>lzonzo</em></span> <span class='ocrx_word' id='word_1_63' title='bbox 1321 658 1446 693; x_wconf 91' lang='lat' dir='ltr'><em>credit</em></span> <span class='ocrx_word' id='word_1_64' title='bbox 1474 657 1629 694; x_wconf 82' lang='lat' dir='ltr'><em>Christo</em></span> <span class='ocrx_word' id='word_1_65' title='bbox 1663 658 1774 706; x_wconf 91' lang='lat' dir='ltr'><em>quasi</em></span> 
     </span>
     <span class='ocr_line' id='line_1_9' title="bbox 166 711 1769 771; baseline 0.002 -22"><span class='ocrx_word' id='word_1_66' title='bbox 166 711 440 771; x_wconf 45' lang='lat' dir='ltr'><em>hirgnoseeslfosslssdosshe</em></span> <span class='ocrx_word' id='word_1_67' title='bbox 456 716 502 750; x_wconf 87' lang='lat' dir='ltr'><em>de</em></span> <span class='ocrx_word' id='word_1_68' title='bbox 533 727 573 750; x_wconf 91' lang='lat' dir='ltr'><em>se</em></span> <span class='ocrx_word' id='word_1_69' title='bbox 605 715 686 763; x_wconf 86' lang='lat' dir='ltr'><em>ipso</em></span> <span class='ocrx_word' id='word_1_70' title='bbox 710 727 893 766; x_wconf 73' lang='lat' dir='ltr'><em>egressus</em></span> <span class='ocrx_word' id='word_1_71' title='bbox 925 722 960 751; x_wconf 92' lang='lat' dir='ltr'><em>et</em></span> <span class='ocrx_word' id='word_1_72' title='bbox 992 716 1134 751; x_wconf 84' lang='lat' dir='ltr'><em>mundo</em></span> <span class='ocrx_word' id='word_1_73' title='bbox 1164 716 1222 751; x_wconf 90' lang='lat' dir='ltr'><em>ire</em></span> <span class='ocrx_word' id='word_1_74' title='bbox 1244 716 1398 751; x_wconf 82' lang='lat' dir='ltr'><em>videtur</em></span> <span class='ocrx_word' id='word_1_75' title='bbox 1420 716 1570 751; x_wconf 79' lang='lat' dir='ltr'><em>obviam</em></span> <span class='ocrx_word' id='word_1_76' title='bbox 1600 715 1769 762; x_wconf 83' lang='lat' dir='ltr'><em>Christo,</em></span> 
     </span>
     <span class='ocr_line' id='line_1_10' title="bbox 174 772 1771 823; baseline 0.003 -19"><span class='ocrx_word' id='word_1_77' title='bbox 174 779 272 819; x_wconf 54' lang='lat' dir='ltr'><em>worlc}</em></span> <span class='ocrx_word' id='word_1_78' title='bbox 297 783 327 818; x_wconf 75' lang='grc' dir='ltr'><em>ις)</em></span> <span class='ocrx_word' id='word_1_79' title='bbox 350 784 429 806; x_wconf 82' lang='lat' dir='ltr'><em>meet</em></span> <span class='ocrx_word' id='word_1_80' title='bbox 455 772 540 821; x_wconf 89' lang='lat' dir='ltr'><em>quia</em></span> <span class='ocrx_word' id='word_1_81' title='bbox 572 773 741 821; x_wconf 74' lang='lat' dir='ltr'><em>quotidie</em></span> <span class='ocrx_word' id='word_1_82' title='bbox 781 773 929 809; x_wconf 77' lang='lat' dir='ltr'><em>Christi</em></span> <span class='ocrx_word' id='word_1_83' title='bbox 955 781 1135 822; x_wconf 75' lang='lat' dir='ltr'><em>expectat</em></span> <span class='ocrx_word' id='word_1_84' title='bbox 1168 774 1388 809; x_wconf 76' lang='lat' dir='ltr'><em>adventum.</em></span> <span class='ocrx_word' id='word_1_85' title='bbox 1437 774 1542 809; x_wconf 83' lang='lat' dir='ltr'><em>Sicut</em></span> <span class='ocrx_word' id='word_1_86' title='bbox 1576 774 1675 810; x_wconf 86' lang='lat' dir='ltr'><em>enim</em></span> <span class='ocrx_word' id='word_1_87' title='bbox 1707 774 1771 823; x_wconf 90' lang='lat' dir='ltr'><em>qui</em></span> 
     </span>
     <span class='ocr_line' id='line_1_11' title="bbox 247 814 1769 880; baseline -0.001 -13"><span class='ocrx_word' id='word_1_88' title='bbox 247 814 361 841; x_wconf 61' lang='lat' dir='ltr'><em>Lhmst.</em></span> <span class='ocrx_word' id='word_1_89' title='bbox 453 830 604 867; x_wconf 81' lang='lat' dir='ltr'><em>obviam</em></span> <span class='ocrx_word' id='word_1_90' title='bbox 639 831 747 867; x_wconf 72' lang='lat' dir='ltr'><em>uadit</em></span> <span class='ocrx_word' id='word_1_91' title='bbox 778 832 894 868; x_wconf 86' lang='lat' dir='ltr'><em>alicui</em></span> <span class='ocrx_word' id='word_1_92' title='bbox 925 839 1002 867; x_wconf 90' lang='lat' dir='ltr'><em>stat</em></span> <span class='ocrx_word' id='word_1_93' title='bbox 1025 832 1060 866; x_wconf 88' lang='lat' dir='ltr'><em>in</em></span> <span class='ocrx_word' id='word_1_94' title='bbox 1095 831 1154 866; x_wconf 80' lang='lat' dir='ltr'><em>via</em></span> <span class='ocrx_word' id='word_1_95' title='bbox 1188 839 1223 867; x_wconf 86' lang='lat' dir='ltr'><em>et</em></span> <span class='ocrx_word' id='word_1_96' title='bbox 1256 839 1435 880; x_wconf 81' lang='lat' dir='ltr'><em>expectat</em></span> <span class='ocrx_word' id='word_1_97' title='bbox 1468 844 1551 868; x_wconf 85' lang='lat' dir='ltr'><em>eum</em></span> <span class='ocrx_word' id='word_1_98' title='bbox 1586 831 1769 880; x_wconf 81' lang='lat' dir='ltr'><em>quamdiu</em></span> 
     </span>
     <span class='ocr_line' id='line_1_12' title="bbox 454 889 1769 938; baseline 0.001 -14"><span class='ocrx_word' id='word_1_99' title='bbox 454 889 592 932; x_wconf 76' lang='lat' dir='ltr'><em>veniat,</em></span> <span class='ocrx_word' id='word_1_100' title='bbox 637 889 689 924; x_wconf 88' lang='lat' dir='ltr'><em>ita</em></span> <span class='ocrx_word' id='word_1_101' title='bbox 729 890 792 938; x_wconf 83' lang='lat' dir='ltr'><em>qui</em></span> <span class='ocrx_word' id='word_1_102' title='bbox 823 889 947 926; x_wconf 87' lang='lat' dir='ltr'><em>credit</em></span> <span class='ocrx_word' id='word_1_103' title='bbox 984 889 1019 925; x_wconf 88' lang='lat' dir='ltr'><em>in</em></span> <span class='ocrx_word' id='word_1_104' title='bbox 1065 889 1262 925; x_wconf 83' lang='lat' dir='ltr'><em>Christum</em></span> <span class='ocrx_word' id='word_1_105' title='bbox 1315 890 1369 926; x_wconf 92' lang='lat' dir='ltr'><em>sic</em></span> <span class='ocrx_word' id='word_1_106' title='bbox 1417 890 1527 925; x_wconf 80' lang='lat' dir='ltr'><em>dehet</em></span> <span class='ocrx_word' id='word_1_107' title='bbox 1565 890 1696 926; x_wconf 79' lang='lat' dir='ltr'><em>vivere</em></span> <span class='ocrx_word' id='word_1_108' title='bbox 1734 890 1769 925; x_wconf 87' lang='lat' dir='ltr'><em>in</em></span> 
     </span>
     <span class='ocr_line' id='line_1_13' title="bbox 453 947 1770 998; baseline 0.001 -17"><span class='ocrx_word' id='word_1_109' title='bbox 453 947 523 982; x_wconf 84' lang='lat' dir='ltr'><em>hoc</em></span> <span class='ocrx_word' id='word_1_110' title='bbox 566 947 694 983; x_wconf 88' lang='lat' dir='ltr'><em>seculo</em></span> <span class='ocrx_word' id='word_1_111' title='bbox 737 948 846 995; x_wconf 82' lang='lat' dir='ltr'><em>quasi</em></span> <span class='ocrx_word' id='word_1_112' title='bbox 872 948 1111 998; x_wconf 72' lang='lat' dir='ltr'><em>peregrinus</em></span> <span class='ocrx_word' id='word_1_113' title='bbox 1158 955 1193 983; x_wconf 85' lang='lat' dir='ltr'><em>et</em></span> <span class='ocrx_word' id='word_1_114' title='bbox 1225 959 1297 983; x_wconf 88' lang='lat' dir='ltr'><em>non</em></span> <span class='ocrx_word' id='word_1_115' title='bbox 1330 948 1365 983; x_wconf 90' lang='lat' dir='ltr'><em>in</em></span> <span class='ocrx_word' id='word_1_116' title='bbox 1398 948 1477 984; x_wconf 86' lang='lat' dir='ltr'><em>suis</em></span> <span class='ocrx_word' id='word_1_117' title='bbox 1509 947 1603 984; x_wconf 88' lang='lat' dir='ltr'><em>locis</em></span> <span class='ocrx_word' id='word_1_118' title='bbox 1633 948 1702 984; x_wconf 88' lang='lat' dir='ltr'><em>sed</em></span> <span class='ocrx_word' id='word_1_119' title='bbox 1735 947 1770 983; x_wconf 92' lang='lat' dir='ltr'><em>in</em></span> 
     </span>
     <span class='ocr_line' id='line_1_14' title="bbox 452 1005 1771 1056; baseline 0.002 -17"><span class='ocrx_word' id='word_1_120' title='bbox 452 1005 618 1040; x_wconf 89' lang='lat' dir='ltr'><em>transitu</em></span> <span class='ocrx_word' id='word_1_121' title='bbox 646 1005 808 1053; x_wconf 83' lang='lat' dir='ltr'><em>positus.</em></span> <span class='ocrx_word' id='word_1_122' title='bbox 856 1006 1073 1054; x_wconf 82' lang='lat' dir='ltr'><em>Propterea</em></span> <span class='ocrx_word' id='word_1_123' title='bbox 1118 1013 1153 1041; x_wconf 90' lang='lat' dir='ltr'><em>et</em></span> <span class='ocrx_word' id='word_1_124' title='bbox 1194 1005 1308 1041; x_wconf 86' lang='lat' dir='ltr'><em>Judei</em></span> <span class='ocrx_word' id='word_1_125' title='bbox 1350 1006 1497 1041; x_wconf 81' lang='lat' dir='ltr'><em>exituri</em></span> <span class='ocrx_word' id='word_1_126' title='bbox 1535 1006 1581 1041; x_wconf 92' lang='lat' dir='ltr'><em>de</em></span> <span class='ocrx_word' id='word_1_127' title='bbox 1623 1006 1771 1056; x_wconf 75' lang='lat' dir='ltr'><em>Egipto</em></span> 
     </span>
     <span class='ocr_line' id='line_1_15' title="bbox 452 1062 1772 1113; baseline 0 -15"><span class='ocrx_word' id='word_1_128' title='bbox 452 1062 626 1112; x_wconf 87' lang='lat' dir='ltr'><em>expediti</em></span> <span class='ocrx_word' id='word_1_129' title='bbox 656 1070 692 1098; x_wconf 86' lang='lat' dir='ltr'><em>et</em></span> <span class='ocrx_word' id='word_1_130' title='bbox 717 1064 912 1112; x_wconf 88' lang='lat' dir='ltr'><em>precincti</em></span> <span class='ocrx_word' id='word_1_131' title='bbox 940 1076 1085 1113; x_wconf 80' lang='lat' dir='ltr'><em>agnum</em></span> <span class='ocrx_word' id='word_1_132' title='bbox 1126 1063 1219 1099; x_wconf 84' lang='lat' dir='ltr'><em>iussi</em></span> <span class='ocrx_word' id='word_1_133' title='bbox 1248 1071 1337 1099; x_wconf 89' lang='lat' dir='ltr'><em>sunt</em></span> <span class='ocrx_word' id='word_1_134' title='bbox 1368 1065 1620 1110; x_wconf 77' lang='lat' dir='ltr'><em>manducare,</em></span> <span class='ocrx_word' id='word_1_135' title='bbox 1654 1071 1689 1100; x_wconf 86' lang='lat' dir='ltr'><em>et</em></span> <span class='ocrx_word' id='word_1_136' title='bbox 1720 1064 1772 1098; x_wconf 91' lang='lat' dir='ltr'><em>ad</em></span> 
     </span>
     <span class='ocr_line' id='line_1_16' title="bbox 452 1121 1774 1171; baseline -0.001 -14"><span class='ocrx_word' id='word_1_137' title='bbox 452 1121 670 1157; x_wconf 83' lang='lat' dir='ltr'><em>exeundum</em></span> <span class='ocrx_word' id='word_1_138' title='bbox 705 1122 851 1170; x_wconf 80' lang='lat' dir='ltr'><em>parati,</em></span> <span class='ocrx_word' id='word_1_139' title='bbox 903 1122 1144 1158; x_wconf 82' lang='lat' dir='ltr'><em>ostendentes</em></span> <span class='ocrx_word' id='word_1_140' title='bbox 1188 1122 1295 1158; x_wconf 82' lang='lat' dir='ltr'><em>nobis</em></span> <span class='ocrx_word' id='word_1_141' title='bbox 1333 1123 1521 1170; x_wconf 83' lang='lat' dir='ltr'><em>quomodo</em></span> <span class='ocrx_word' id='word_1_142' title='bbox 1562 1122 1774 1171; x_wconf 77' lang='lat' dir='ltr'><em>quicunque</em></span> 
     </span>
     <span class='ocr_line' id='line_1_17' title="bbox 459 1179 1773 1228; baseline 0.002 -14"><span class='ocrx_word' id='word_1_143' title='bbox 459 1179 556 1228; x_wconf 73' lang='lat' dir='ltr'><em>agni</em></span> <span class='ocrx_word' id='word_1_144' title='bbox 588 1180 714 1215; x_wconf 84' lang='lat' dir='ltr'><em>nostri</em></span> <span class='ocrx_word' id='word_1_145' title='bbox 745 1180 1002 1216; x_wconf 83' lang='lat' dir='ltr'><em>eucharisiam</em></span> <span class='ocrx_word' id='word_1_146' title='bbox 1046 1180 1296 1227; x_wconf 68' lang='lat' dir='ltr'><em>manducant,</em></span> <span class='ocrx_word' id='word_1_147' title='bbox 1341 1180 1391 1215; x_wconf 89' lang='lat' dir='ltr'><em>ita</em></span> <span class='ocrx_word' id='word_1_148' title='bbox 1426 1181 1561 1216; x_wconf 85' lang='lat' dir='ltr'><em>dehent</em></span> <span class='ocrx_word' id='word_1_149' title='bbox 1594 1192 1674 1216; x_wconf 86' lang='lat' dir='ltr'><em>esse</em></span> <span class='ocrx_word' id='word_1_150' title='bbox 1706 1191 1773 1215; x_wconf 83' lang='lat' dir='ltr'><em>ex-</em></span> 
     </span>
    </p>

    <p class='ocr_par' dir='ltr' id='par_1_3' title="bbox 446 1237 1330 1286">
     <span class='ocr_line' id='line_1_18' title="bbox 446 1237 1330 1286; baseline 0.002 -14"><span class='ocrx_word' id='word_1_151' title='bbox 446 1237 571 1286; x_wconf 84' lang='lat' dir='ltr'><em>pediti</em></span> <span class='ocrx_word' id='word_1_152' title='bbox 599 1237 709 1286; x_wconf 84' lang='lat' dir='ltr'><em>quasi</em></span> <span class='ocrx_word' id='word_1_153' title='bbox 738 1237 891 1274; x_wconf 87' lang='lat' dir='ltr'><em>cotidiet</em></span> <span class='ocrx_word' id='word_1_154' title='bbox 921 1238 1069 1273; x_wconf 87' lang='lat' dir='ltr'><em>exituri</em></span> <span class='ocrx_word' id='word_1_155' title='bbox 1100 1238 1145 1273; x_wconf 93' lang='lat' dir='ltr'><em>de</em></span> <span class='ocrx_word' id='word_1_156' title='bbox 1175 1238 1330 1274; x_wconf 80' lang='lat' dir='ltr'><em>mundo.</em></span> 
     </span>
    </p>

    <p class='ocr_par' dir='ltr' id='par_1_4' title="bbox 452 1296 1774 1752">
     <span class='ocr_line' id='line_1_19' title="bbox 509 1296 1772 1345; baseline 0.001 -15"><span class='ocrx_word' id='word_1_157' title='bbox 509 1296 590 1331; x_wconf 91' lang='lat' dir='ltr'><em>Nec</em></span> <span class='ocrx_word' id='word_1_158' title='bbox 624 1296 778 1332; x_wconf 81' lang='lat' dir='ltr'><em>mireris</em></span> <span class='ocrx_word' id='word_1_159' title='bbox 823 1296 910 1345; x_wconf 87' lang='lat' dir='ltr'><em>quia</em></span> <span class='ocrx_word' id='word_1_160' title='bbox 946 1296 1045 1331; x_wconf 78' lang='lat' dir='ltr'><em>dixit</em></span> <span class='ocrx_word' id='word_1_161' title='bbox 1089 1296 1145 1331; x_wconf 89' lang='lat' dir='ltr'><em>ire</em></span> <span class='ocrx_word' id='word_1_162' title='bbox 1178 1296 1329 1332; x_wconf 79' lang='lat' dir='ltr'><em>obviam</em></span> <span class='ocrx_word' id='word_1_163' title='bbox 1375 1308 1511 1345; x_wconf 85' lang='lat' dir='ltr'><em>sponso</em></span> <span class='ocrx_word' id='word_1_164' title='bbox 1557 1303 1591 1332; x_wconf 91' lang='lat' dir='ltr'><em>et</em></span> <span class='ocrx_word' id='word_1_165' title='bbox 1622 1308 1772 1345; x_wconf 82' lang='lat' dir='ltr'><em>sponse,</em></span> 
     </span>
     <span class='ocr_line' id='line_1_20' title="bbox 454 1354 1771 1402; baseline 0.001 -14"><span class='ocrx_word' id='word_1_166' title='bbox 454 1366 537 1389; x_wconf 85' lang='lat' dir='ltr'><em>cum</em></span> <span class='ocrx_word' id='word_1_167' title='bbox 573 1354 673 1389; x_wconf 91' lang='lat' dir='ltr'><em>inter</em></span> <span class='ocrx_word' id='word_1_168' title='bbox 706 1367 774 1391; x_wconf 90' lang='lat' dir='ltr'><em>nos</em></span> <span class='ocrx_word' id='word_1_169' title='bbox 796 1354 987 1390; x_wconf 79' lang='lat' dir='ltr'><em>habeatur</em></span> <span class='ocrx_word' id='word_1_170' title='bbox 1018 1366 1170 1402; x_wconf 86' lang='lat' dir='ltr'><em>sponsa.</em></span> <span class='ocrx_word' id='word_1_171' title='bbox 1206 1354 1313 1390; x_wconf 84' lang='lat' dir='ltr'><em>Sicut</em></span> <span class='ocrx_word' id='word_1_172' title='bbox 1346 1355 1443 1390; x_wconf 83' lang='lat' dir='ltr'><em>enim</em></span> <span class='ocrx_word' id='word_1_173' title='bbox 1474 1354 1654 1390; x_wconf 79' lang='lat' dir='ltr'><em>Christus</em></span> <span class='ocrx_word' id='word_1_174' title='bbox 1686 1366 1771 1390; x_wconf 86' lang='lat' dir='ltr'><em>cunz</em></span> 
     </span>
     <span class='ocr_line' id='line_1_21' title="bbox 452 1411 1774 1461; baseline 0.001 -15"><span class='ocrx_word' id='word_1_175' title='bbox 452 1411 500 1447; x_wconf 83' lang='lat' dir='ltr'><em>sit</em></span> <span class='ocrx_word' id='word_1_176' title='bbox 542 1412 642 1447; x_wconf 87' lang='lat' dir='ltr'><em>inter</em></span> <span class='ocrx_word' id='word_1_177' title='bbox 686 1425 767 1458; x_wconf 83' lang='lat' dir='ltr'><em>nos,</em></span> <span class='ocrx_word' id='word_1_178' title='bbox 813 1420 939 1448; x_wconf 86' lang='lat' dir='ltr'><em>tamen</em></span> <span class='ocrx_word' id='word_1_179' title='bbox 986 1419 1168 1448; x_wconf 77' lang='lat' dir='ltr'><em>venturus</em></span> <span class='ocrx_word' id='word_1_180' title='bbox 1214 1412 1369 1458; x_wconf 80' lang='lat' dir='ltr'><em>dicitur,</em></span> <span class='ocrx_word' id='word_1_181' title='bbox 1416 1425 1499 1448; x_wconf 84' lang='lat' dir='ltr'><em>cum</em></span> <span class='ocrx_word' id='word_1_182' title='bbox 1545 1412 1774 1461; x_wconf 86' lang='lat' dir='ltr'><em>apparuerit</em></span> 
     </span>
     <span class='ocr_line' id='line_1_22' title="bbox 454 1470 1772 1520; baseline 0.001 -16"><span class='ocrx_word' id='word_1_183' title='bbox 454 1470 490 1505; x_wconf 86' lang='lat' dir='ltr'><em>in</em></span> <span class='ocrx_word' id='word_1_184' title='bbox 522 1470 657 1520; x_wconf 75' lang='lat' dir='ltr'><em>gloria</em></span> <span class='ocrx_word' id='word_1_185' title='bbox 689 1483 771 1517; x_wconf 79' lang='lat' dir='ltr'><em>sua,</em></span> <span class='ocrx_word' id='word_1_186' title='bbox 817 1471 872 1507; x_wconf 90' lang='lat' dir='ltr'><em>sic</em></span> <span class='ocrx_word' id='word_1_187' title='bbox 916 1470 1034 1506; x_wconf 82' lang='lat' dir='ltr'><em>eciam</em></span> <span class='ocrx_word' id='word_1_188' title='bbox 1081 1470 1257 1518; x_wconf 81' lang='lat' dir='ltr'><em>quamvis</em></span> <span class='ocrx_word' id='word_1_189' title='bbox 1288 1482 1427 1519; x_wconf 84' lang='lat' dir='ltr'><em>sponsa</em></span> <span class='ocrx_word' id='word_1_190' title='bbox 1472 1471 1520 1506; x_wconf 84' lang='lat' dir='ltr'><em>sit</em></span> <span class='ocrx_word' id='word_1_191' title='bbox 1559 1471 1660 1506; x_wconf 86' lang='lat' dir='ltr'><em>inter</em></span> <span class='ocrx_word' id='word_1_192' title='bbox 1692 1482 1772 1516; x_wconf 83' lang='lat' dir='ltr'><em>nos,</em></span> 
     </span>
     <span class='ocr_line' id='line_1_23' title="bbox 454 1528 1772 1579; baseline 0.001 -17"><span class='ocrx_word' id='word_1_193' title='bbox 454 1535 580 1563; x_wconf 85' lang='lat' dir='ltr'><em>tamen</em></span> <span class='ocrx_word' id='word_1_194' title='bbox 635 1535 795 1564; x_wconf 73' lang='lat' dir='ltr'><em>ventura</em></span> <span class='ocrx_word' id='word_1_195' title='bbox 849 1529 992 1564; x_wconf 88' lang='lat' dir='ltr'><em>dicitur</em></span> <span class='ocrx_word' id='word_1_196' title='bbox 1044 1540 1127 1563; x_wconf 84' lang='lat' dir='ltr'><em>cum</em></span> <span class='ocrx_word' id='word_1_197' title='bbox 1167 1528 1398 1577; x_wconf 85' lang='lat' dir='ltr'><em>apparuerit</em></span> <span class='ocrx_word' id='word_1_198' title='bbox 1443 1529 1478 1564; x_wconf 88' lang='lat' dir='ltr'><em>in</em></span> <span class='ocrx_word' id='word_1_199' title='bbox 1517 1528 1648 1579; x_wconf 72' lang='lat' dir='ltr'><em>gloria</em></span> <span class='ocrx_word' id='word_1_200' title='bbox 1688 1540 1772 1564; x_wconf 90' lang='lat' dir='ltr'><em>sua.</em></span> 
     </span>
     <span class='ocr_line' id='line_1_24' title="bbox 454 1586 1771 1636; baseline 0 -15"><span class='ocrx_word' id='word_1_201' title='bbox 454 1586 669 1635; x_wconf 77' lang='lat' dir='ltr'><em>Propterea</em></span> <span class='ocrx_word' id='word_1_202' title='bbox 703 1586 793 1622; x_wconf 82' lang='lat' dir='ltr'><em>dicit</em></span> <span class='ocrx_word' id='word_1_203' title='bbox 824 1587 1054 1636; x_wconf 85' lang='lat' dir='ltr'><em>Apostolus:</em></span> <span class='ocrx_word' id='word_1_204' title='bbox 1096 1586 1248 1622; x_wconf 68' lang='lat' dir='ltr'><em>Alortui</em></span> <span class='ocrx_word' id='word_1_205' title='bbox 1278 1587 1374 1622; x_wconf 82' lang='lat' dir='ltr'><em>enim</em></span> <span class='ocrx_word' id='word_1_206' title='bbox 1408 1587 1498 1622; x_wconf 84' lang='lat' dir='ltr'><em>estis</em></span> <span class='ocrx_word' id='word_1_207' title='bbox 1531 1594 1566 1622; x_wconf 89' lang='lat' dir='ltr'><em>et</em></span> <span class='ocrx_word' id='word_1_208' title='bbox 1604 1586 1680 1622; x_wconf 72' lang='lat' dir='ltr'><em>vita</em></span> <span class='ocrx_word' id='word_1_209' title='bbox 1711 1598 1771 1621; x_wconf 77' lang='lat' dir='ltr'><em>ve·</em></span> 
     </span>
     <span class='ocr_line' id='line_1_25' title="bbox 452 1644 1770 1681; baseline 0 -2"><span class='ocrx_word' id='word_1_210' title='bbox 452 1651 535 1680; x_wconf 84' lang='lat' dir='ltr'><em>stra</em></span> <span class='ocrx_word' id='word_1_211' title='bbox 580 1645 804 1681; x_wconf 85' lang='lat' dir='ltr'><em>abscondita</em></span> <span class='ocrx_word' id='word_1_212' title='bbox 838 1652 893 1681; x_wconf 87' lang='lat' dir='ltr'><em>est</em></span> <span class='ocrx_word' id='word_1_213' title='bbox 938 1657 1022 1681; x_wconf 86' lang='lat' dir='ltr'><em>cunz</em></span> <span class='ocrx_word' id='word_1_214' title='bbox 1074 1644 1229 1680; x_wconf 78' lang='lat' dir='ltr'><em>Christo</em></span> <span class='ocrx_word' id='word_1_215' title='bbox 1282 1645 1318 1679; x_wconf 89' lang='lat' dir='ltr'><em>in</em></span> <span class='ocrx_word' id='word_1_216' title='bbox 1364 1645 1475 1680; x_wconf 90' lang='lat' dir='ltr'><em>Deo:</em></span> <span class='ocrx_word' id='word_1_217' title='bbox 1526 1657 1609 1680; x_wconf 88' lang='lat' dir='ltr'><em>cunz</em></span> <span class='ocrx_word' id='word_1_218' title='bbox 1644 1651 1770 1679; x_wconf 84' lang='lat' dir='ltr'><em>autem</em></span> 
     </span>
     <span class='ocr_line' id='line_1_26' title="bbox 460 1701 1771 1752; baseline 0 -14"><span class='ocrx_word' id='word_1_219' title='bbox 460 1702 638 1739; x_wconf 81' lang='lat' dir='ltr'><em>Christus</em></span> <span class='ocrx_word' id='word_1_220' title='bbox 671 1703 899 1752; x_wconf 87' lang='lat' dir='ltr'><em>apparuerit</em></span> <span class='ocrx_word' id='word_1_221' title='bbox 945 1703 1021 1738; x_wconf 81' lang='lat' dir='ltr'><em>vita</em></span> <span class='ocrx_word' id='word_1_222' title='bbox 1056 1710 1199 1749; x_wconf 72' lang='lat' dir='ltr'><em>vestra,</em></span> <span class='ocrx_word' id='word_1_223' title='bbox 1246 1710 1333 1738; x_wconf 85' lang='lat' dir='ltr'><em>tunc</em></span> <span class='ocrx_word' id='word_1_224' title='bbox 1366 1710 1401 1738; x_wconf 90' lang='lat' dir='ltr'><em>et</em></span> <span class='ocrx_word' id='word_1_225' title='bbox 1435 1715 1502 1739; x_wconf 78' lang='lat' dir='ltr'><em>vos</em></span> <span class='ocrx_word' id='word_1_226' title='bbox 1533 1701 1771 1752; x_wconf 84' lang='lat' dir='ltr'><em>apparebitis</em></span> 
     </span>
    </p>
   </div>
   <div class='ocr_carea' id='block_1_3' title="bbox 454 1760 1338 1811">
    <p class='ocr_par' dir='ltr' id='par_1_5' title="bbox 454 1760 1338 1811">
     <span class='ocr_line' id='line_1_27' title="bbox 454 1760 1338 1811; baseline 0 -15"><span class='ocrx_word' id='word_1_227' title='bbox 454 1772 538 1796; x_wconf 83' lang='lat' dir='ltr'><em>cum</em></span> <span class='ocrx_word' id='word_1_228' title='bbox 573 1761 654 1809; x_wconf 85' lang='lat' dir='ltr'><em>ipso</em></span> <span class='ocrx_word' id='word_1_229' title='bbox 687 1761 723 1796; x_wconf 86' lang='lat' dir='ltr'><em>in</em></span> <span class='ocrx_word' id='word_1_230' title='bbox 755 1761 900 1811; x_wconf 78' lang='lat' dir='ltr'><em>gloria.</em></span> <span class='ocrx_word' id='word_1_231' title='bbox 937 1762 1021 1796; x_wconf 87' lang='lat' dir='ltr'><em>Hec</em></span> <span class='ocrx_word' id='word_1_232' title='bbox 1056 1760 1338 1796; x_wconf 81' lang='lat' dir='ltr'><em>Crisostomus.</em></span> 
     </span>
    </p>
   </div>
   <div class='ocr_carea' id='block_1_4' title="bbox 937 1931 1285 1973">
    <p class='ocr_par' dir='ltr' id='par_1_6' title="bbox 937 1931 1285 1973">
     <span class='ocr_line' id='line_1_28' title="bbox 937 1931 1285 1973; baseline -0.003 0"><span class='ocrx_word' id='word_1_233' title='bbox 937 1931 1075 1973; x_wconf 85' lang='lat' dir='ltr'><strong>CAP.</strong></span> <span class='ocrx_word' id='word_1_234' title='bbox 1108 1931 1285 1972; x_wconf 84' lang='lat' dir='ltr'>LXIV.</span> 
     </span>
    </p>
   </div>
   <div class='ocr_carea' id='block_1_5' title="bbox 164 2027 1773 2422">
    <p class='ocr_par' dir='ltr' id='par_1_7' title="bbox 164 2027 1773 2192">
     <span class='ocr_line' id='line_1_29' title="bbox 228 2027 1771 2076; baseline 0.001 -14"><span class='ocrx_word' id='word_1_235' title='bbox 228 2034 294 2062; x_wconf 75' lang='lat' dir='ltr'><em>The</em></span> <span class='ocrx_word' id='word_1_236' title='bbox 316 2040 377 2062; x_wconf 77' lang='lat' dir='ltr'><em>two</em></span> <span class='ocrx_word' id='word_1_237' title='bbox 512 2028 587 2064; x_wconf 86' lang='lat' dir='ltr'><em>Hic</em></span> <span class='ocrx_word' id='word_1_238' title='bbox 621 2036 789 2076; x_wconf 85' lang='lat' dir='ltr'><em>possunt</em></span> <span class='ocrx_word' id='word_1_239' title='bbox 834 2028 897 2064; x_wconf 80' lang='lat' dir='ltr'><em>isti</em></span> <span class='ocrx_word' id='word_1_240' title='bbox 948 2029 1026 2063; x_wconf 83' lang='lat' dir='ltr'><em>duo</em></span> <span class='ocrx_word' id='word_1_241' title='bbox 1071 2027 1199 2064; x_wconf 82' lang='lat' dir='ltr'><em>sancti</em></span> <span class='ocrx_word' id='word_1_242' title='bbox 1234 2029 1419 2064; x_wconf 87' lang='lat' dir='ltr'><em>doctores</em></span> <span class='ocrx_word' id='word_1_243' title='bbox 1460 2028 1700 2064; x_wconf 80' lang='lat' dir='ltr'><em>concordari</em></span> <span class='ocrx_word' id='word_1_244' title='bbox 1733 2027 1771 2064; x_wconf 86' lang='lat' dir='ltr'><em>in</em></span> 
     </span>
     <span class='ocr_line' id='line_1_30' title="bbox 164 2070 1581 2097; baseline -0.003 -1"><span class='ocrx_word' id='word_1_245' title='bbox 164 2070 289 2097; x_wconf 79' lang='lat' dir='ltr'><em>doctors</em></span> <span class='ocrx_word' id='word_1_246' title='bbox 305 2079 385 2097; x_wconf 78' lang='lat' dir='ltr'><em>seen]</em></span> <span class='ocrx_word' id='word_1_247' title='bbox 409 2074 438 2096; x_wconf 82' lang='lat' dir='ltr'><em>to</em></span> <span class='ocrx_word' id='word_1_248' title='bbox 584 2085 589 2091; x_wconf 86' lang='lat'>·</span> <span class='ocrx_word' id='word_1_249' title='bbox 649 2086 656 2092; x_wconf 88' lang='lat'><strong>·</strong></span> <span class='ocrx_word' id='word_1_250' title='bbox 781 2086 786 2091; x_wconf 88' lang='lat'>-</span> <span class='ocrx_word' id='word_1_251' title='bbox 928 2085 934 2091; x_wconf 90' lang='lat'>-</span> <span class='ocrx_word' id='word_1_252' title='bbox 1250 2085 1257 2091; x_wconf 86' lang='lat'>-</span> <span class='ocrx_word' id='word_1_253' title='bbox 1281 2085 1287 2091; x_wconf 84' lang='lat'>·</span> <span class='ocrx_word' id='word_1_254' title='bbox 1418 2085 1424 2091; x_wconf 89' lang='lat'><strong>.</strong></span> <span class='ocrx_word' id='word_1_255' title='bbox 1574 2085 1581 2091; x_wconf 86' lang='lat'><strong>.</strong></span> 
     </span>
     <span class='ocr_line' id='line_1_31' title="bbox 174 2086 1773 2140; baseline 0 -18"><span class='ocrx_word' id='word_1_256' title='bbox 174 2095 614 2140; x_wconf 63' lang='lat' dir='ltr'><em>difl‘er‚but1naypUHCtlS</em></span> <span class='ocrx_word' id='word_1_257' title='bbox 648 2099 688 2121; x_wconf 87' lang='lat' dir='ltr'><strong>m</strong></span> <span class='ocrx_word' id='word_1_258' title='bbox 722 2087 867 2134; x_wconf 79' lang='lat' dir='ltr'><em>qulbus</em></span> <span class='ocrx_word' id='word_1_259' title='bbox 900 2087 1087 2122; x_wconf 72' lang='lat' dir='ltr'><em>vldentur</em></span> <span class='ocrx_word' id='word_1_260' title='bbox 1120 2086 1355 2122; x_wconf 76' lang='lat' dir='ltr'><em>notablllter</em></span> <span class='ocrx_word' id='word_1_261' title='bbox 1388 2087 1596 2122; x_wconf 79' lang='lat' dir='ltr'><em>dlversarl.</em></span> <span class='ocrx_word' id='word_1_262' title='bbox 1638 2088 1773 2122; x_wconf 87' lang='lat' dir='ltr'><em>Potest</em></span> 
     </span>
     <span class='ocr_line' id='line_1_32' title="bbox 180 2139 1772 2192; baseline -0.001 -12"><span class='ocrx_word' id='word_1_263' title='bbox 180 2139 214 2165; x_wconf 76' lang='lat' dir='ltr'><em>be</em></span> <span class='ocrx_word' id='word_1_264' title='bbox 237 2140 419 2167; x_wconf 45' lang='lat' dir='ltr'><em>mmmm*</em></span> <span class='ocrx_word' id='word_1_265' title='bbox 454 2143 532 2180; x_wconf 89' lang='lat' dir='ltr'><em>dici</em></span> <span class='ocrx_word' id='word_1_266' title='bbox 579 2145 687 2192; x_wconf 86' lang='lat' dir='ltr'><em>quod</em></span> <span class='ocrx_word' id='word_1_267' title='bbox 737 2143 790 2179; x_wconf 90' lang='lat' dir='ltr'><em>hii</em></span> <span class='ocrx_word' id='word_1_268' title='bbox 825 2145 945 2180; x_wconf 83' lang='lat' dir='ltr'><em>ambo</em></span> <span class='ocrx_word' id='word_1_269' title='bbox 980 2143 1243 2180; x_wconf 84' lang='lat' dir='ltr'><em>eonsenciunt</em></span> <span class='ocrx_word' id='word_1_270' title='bbox 1277 2145 1385 2191; x_wconf 87' lang='lat' dir='ltr'><em>quod</em></span> <span class='ocrx_word' id='word_1_271' title='bbox 1419 2144 1492 2179; x_wconf 88' lang='lat' dir='ltr'><em>hee</em></span> <span class='ocrx_word' id='word_1_272' title='bbox 1526 2144 1663 2179; x_wconf 85' lang='lat' dir='ltr'><em>decem</em></span> <span class='ocrx_word' id='word_1_273' title='bbox 1697 2143 1772 2180; x_wconf 87' lang='lat' dir='ltr'><em>vir-</em></span> 
     </span>
    </p>

    <p class='ocr_par' dir='ltr' id='par_1_8' title="bbox 453 2201 1772 2422">
     <span class='ocr_line' id='line_1_33' title="bbox 453 2201 1771 2249; baseline 0 -12"><span class='ocrx_word' id='word_1_274' title='bbox 453 2201 562 2249; x_wconf 78' lang='lat' dir='ltr'><em>gines</em></span> <span class='ocrx_word' id='word_1_275' title='bbox 609 2203 960 2249; x_wconf 85' lang='lat' dir='ltr'><em>comprehendunt</em></span> <span class='ocrx_word' id='word_1_276' title='bbox 1004 2214 1145 2237; x_wconf 87' lang='lat' dir='ltr'><em>ornnes</em></span> <span class='ocrx_word' id='word_1_277' title='bbox 1179 2214 1369 2249; x_wconf 78' lang='lat' dir='ltr'><em>personas</em></span> <span class='ocrx_word' id='word_1_278' title='bbox 1415 2201 1582 2238; x_wconf 80' lang='lat' dir='ltr'><em>humani</em></span> <span class='ocrx_word' id='word_1_279' title='bbox 1616 2201 1771 2249; x_wconf 82' lang='lat' dir='ltr'><em>generis</em></span> 
     </span>
     <span class='ocr_line' id='line_1_34' title="bbox 453 2258 1772 2307; baseline -0.001 -12"><span class='ocrx_word' id='word_1_280' title='bbox 453 2260 665 2295; x_wconf 79' lang='lat' dir='ltr'><em>salvandas</em></span> <span class='ocrx_word' id='word_1_281' title='bbox 709 2260 768 2295; x_wconf 88' lang='lat' dir='ltr'><em>vel</em></span> <span class='ocrx_word' id='word_1_282' title='bbox 820 2261 1115 2307; x_wconf 75' lang='lat' dir='ltr'><em>dampnandas,</em></span> <span class='ocrx_word' id='word_1_283' title='bbox 1169 2272 1246 2307; x_wconf 83' lang='lat' dir='ltr'><em>que</em></span> <span class='ocrx_word' id='word_1_284' title='bbox 1298 2272 1478 2307; x_wconf 80' lang='lat' dir='ltr'><em>unquam</em></span> <span class='ocrx_word' id='word_1_285' title='bbox 1532 2259 1651 2295; x_wconf 85' lang='lat' dir='ltr'><em>fidem</em></span> <span class='ocrx_word' id='word_1_286' title='bbox 1701 2258 1772 2295; x_wconf 85' lang='lat' dir='ltr'><em>Dei</em></span> 
     </span>
     <span class='ocr_line' id='line_1_35' title="bbox 455 2316 1772 2365; baseline -0.001 -12"><span class='ocrx_word' id='word_1_287' title='bbox 455 2326 715 2365; x_wconf 80' lang='lat' dir='ltr'><em>acceperant3</em></span> <span class='ocrx_word' id='word_1_288' title='bbox 750 2318 988 2353; x_wconf 79' lang='lat' dir='ltr'><em>decedentes</em></span> <span class='ocrx_word' id='word_1_289' title='bbox 1013 2326 1147 2353; x_wconf 81' lang='lat' dir='ltr'><em>autem</em></span> <span class='ocrx_word' id='word_1_290' title='bbox 1174 2317 1214 2353; x_wconf 88' lang='lat' dir='ltr'><em>in</em></span> <span class='ocrx_word' id='word_1_291' title='bbox 1239 2317 1406 2353; x_wconf 81' lang='lat' dir='ltr'><em>caritate</em></span> <span class='ocrx_word' id='word_1_292' title='bbox 1440 2317 1549 2353; x_wconf 78' lang='lat' dir='ltr'><em>finali</em></span> <span class='ocrx_word' id='word_1_293' title='bbox 1583 2316 1772 2352; x_wconf 83' lang='lat' dir='ltr'><em>dicuntur</em></span> 
     </span>
     <span class='ocr_line' id='line_1_36' title="bbox 455 2374 1772 2422; baseline -0.001 -11"><span class='ocrx_word' id='word_1_294' title='bbox 455 2375 518 2411; x_wconf 85' lang='lat' dir='ltr'><em>hie</em></span> <span class='ocrx_word' id='word_1_295' title='bbox 552 2376 698 2411; x_wconf 81' lang='lat' dir='ltr'><em>habere</em></span> <span class='ocrx_word' id='word_1_296' title='bbox 728 2376 861 2411; x_wconf 79' lang='lat' dir='ltr'><em>oleum</em></span> <span class='ocrx_word' id='word_1_297' title='bbox 897 2375 937 2411; x_wconf 89' lang='lat' dir='ltr'><em>in</em></span> <span class='ocrx_word' id='word_1_298' title='bbox 968 2374 1072 2411; x_wconf 82' lang='lat' dir='ltr'><em>vasis</em></span> <span class='ocrx_word' id='word_1_299' title='bbox 1095 2375 1194 2420; x_wconf 79' lang='lat' dir='ltr'><em>sui53</em></span> <span class='ocrx_word' id='word_1_300' title='bbox 1230 2384 1267 2411; x_wconf 89' lang='lat' dir='ltr'><em>et</em></span> <span class='ocrx_word' id='word_1_301' title='bbox 1301 2374 1376 2411; x_wconf 76' lang='lat' dir='ltr'><em>alie</em></span> <span class='ocrx_word' id='word_1_302' title='bbox 1400 2374 1576 2422; x_wconf 81' lang='lat' dir='ltr'><em>quinque</em></span> <span class='ocrx_word' id='word_1_303' title='bbox 1600 2374 1772 2422; x_wconf 86' lang='lat' dir='ltr'><em>virgines</em></span> 
     </span>
    </p>
   </div>
   <div class='ocr_carea' id='block_1_6' title="bbox 454 2433 1772 2480">
    <p class='ocr_par' dir='ltr' id='par_1_9' title="bbox 454 2433 1772 2480">
     <span class='ocr_line' id='line_1_37' title="bbox 454 2433 1772 2480; baseline 0 -12"><span class='ocrx_word' id='word_1_304' title='bbox 454 2434 561 2470; x_wconf 80' lang='lat' dir='ltr'><em>fatue</em></span> <span class='ocrx_word' id='word_1_305' title='bbox 596 2433 783 2469; x_wconf 83' lang='lat' dir='ltr'><em>dicuntur</em></span> <span class='ocrx_word' id='word_1_306' title='bbox 808 2445 943 2469; x_wconf 81' lang='lat' dir='ltr'><em>carere</em></span> <span class='ocrx_word' id='word_1_307' title='bbox 977 2433 1046 2469; x_wconf 79' lang='lat' dir='ltr'><em>tali</em></span> <span class='ocrx_word' id='word_1_308' title='bbox 1080 2434 1182 2478; x_wconf 78' lang='lat' dir='ltr'><em>oleo,</em></span> <span class='ocrx_word' id='word_1_309' title='bbox 1219 2442 1255 2469; x_wconf 87' lang='lat' dir='ltr'><em>et</em></span> <span class='ocrx_word' id='word_1_310' title='bbox 1289 2433 1344 2469; x_wconf 81' lang='lat' dir='ltr'><em>sic</em></span> <span class='ocrx_word' id='word_1_311' title='bbox 1373 2433 1581 2480; x_wconf 77' lang='lat' dir='ltr'><em>lampades</em></span> <span class='ocrx_word' id='word_1_312' title='bbox 1606 2440 1772 2480; x_wconf 86' lang='lat' dir='ltr'><em>possunt</em></span> 
     </span>
    </p>
   </div>
   <div class='ocr_carea' id='block_1_7' title="bbox 453 2632 1771 2771">
    <p class='ocr_par' dir='ltr' id='par_1_10' title="bbox 453 2632 1771 2771">
     <span class='ocr_line' id='line_1_38' title="bbox 523 2632 1770 2669; baseline -0.001 -9"><span class='ocrx_word' id='word_1_313' title='bbox 523 2634 605 2668; x_wconf 74' lang='lat'>6—7.</span> <span class='ocrx_word' id='word_1_314' title='bbox 627 2634 672 2660; x_wconf 89' lang='lat' dir='ltr'><em>A:</em></span> <span class='ocrx_word' id='word_1_315' title='bbox 698 2633 780 2661; x_wconf 80' lang='lat' dir='ltr'><em>Unde</em></span> <span class='ocrx_word' id='word_1_316' title='bbox 800 2636 920 2660; x_wconf 83' lang='lat' dir='ltr'><em>autem:</em></span> <span class='ocrx_word' id='word_1_317' title='bbox 956 2633 1105 2660; x_wconf 80' lang='lat' dir='ltr'><em>Venerunt</em></span> <span class='ocrx_word' id='word_1_318' title='bbox 1123 2636 1177 2661; x_wconf 80' lang='lat' dir='ltr'><em>aut</em></span> <span class='ocrx_word' id='word_1_319' title='bbox 1198 2633 1332 2668; x_wconf 79' lang='lat' dir='ltr'><em>quando.</em></span> <span class='ocrx_word' id='word_1_320' title='bbox 1451 2640 1486 2659; x_wconf 62' lang='grc' dir='ltr'><em>ιε.</em></span> <span class='ocrx_word' id='word_1_321' title='bbox 1509 2633 1555 2659; x_wconf 84' lang='grc' dir='ltr'><em>Α;</em></span> <span class='ocrx_word' id='word_1_322' title='bbox 1587 2640 1647 2659; x_wconf 84' lang='lat' dir='ltr'><em>non</em></span> <span class='ocrx_word' id='word_1_323' title='bbox 1669 2632 1770 2669; x_wconf 56' lang='grc' dir='ltr'><em>ἁφθεὶς</em></span> 
     </span>
     <span class='ocr_line' id='line_1_39' title="bbox 453 2667 1771 2701; baseline -0.002 -7"><span class='ocrx_word' id='word_1_324' title='bbox 453 2668 492 2694; x_wconf 88' lang='lat' dir='ltr'><em>ib.</em></span> <span class='ocrx_word' id='word_1_325' title='bbox 515 2669 558 2695; x_wconf 90' lang='lat' dir='ltr'><em>A:</em></span> <span class='ocrx_word' id='word_1_326' title='bbox 587 2668 663 2695; x_wconf 79' lang='lat' dir='ltr'><em>locis</em></span> <span class='ocrx_word' id='word_1_327' title='bbox 682 2669 730 2695; x_wconf 83' lang='lat' dir='ltr'><em>sic.</em></span> <span class='ocrx_word' id='word_1_328' title='bbox 805 2676 841 2701; x_wconf 68' lang='lat'><em>24</em></span> <span class='ocrx_word' id='word_1_329' title='bbox 874 2670 919 2696; x_wconf 85' lang='lat' dir='ltr'><em>A:</em></span> <span class='ocrx_word' id='word_1_330' title='bbox 943 2668 1064 2696; x_wconf 55' lang='lat' dir='ltr'><em>Cszrixto</em></span> <span class='ocrx_word' id='word_1_331' title='bbox 1086 2668 1115 2694; x_wconf 77' lang='lat' dir='ltr'><em>in</em></span> <span class='ocrx_word' id='word_1_332' title='bbox 1137 2668 1237 2701; x_wconf 57' lang='grc' dir='ltr'><em>ἀρκεῖς</em></span> <span class='ocrx_word' id='word_1_333' title='bbox 1260 2668 1299 2694; x_wconf 85' lang='lat' dir='ltr'><em>ib.</em></span> <span class='ocrx_word' id='word_1_334' title='bbox 1317 2668 1353 2694; x_wconf 62' lang='lat'><em>15:</em></span> <span class='ocrx_word' id='word_1_335' title='bbox 1376 2670 1476 2694; x_wconf 79' lang='lat' dir='ltr'><em>autem</em></span> <span class='ocrx_word' id='word_1_336' title='bbox 1497 2667 1590 2694; x_wconf 78' lang='lat' dir='ltr'><em>deest.</em></span> <span class='ocrx_word' id='word_1_337' title='bbox 1664 2670 1712 2694; x_wconf 81' lang='lat'><em>20.</em></span> <span class='ocrx_word' id='word_1_338' title='bbox 1726 2667 1771 2694; x_wconf 89' lang='lat' dir='ltr'><em>A:</em></span> 
     </span>
     <span class='ocr_line' id='line_1_40' title="bbox 453 2701 1771 2740; baseline 0 -12"><span class='ocrx_word' id='word_1_339' title='bbox 453 2710 517 2740; x_wconf 55' lang='lat' dir='ltr'><em>qum</em></span> <span class='ocrx_word' id='word_1_340' title='bbox 542 2703 675 2729; x_wconf 72' lang='lat' dir='ltr'><em>Christo.</em></span> <span class='ocrx_word' id='word_1_341' title='bbox 760 2711 802 2737; x_wconf 76' lang='lat'><em>27.</em></span> <span class='ocrx_word' id='word_1_342' title='bbox 827 2704 871 2730; x_wconf 77' lang='lat' dir='ltr'><em>A:</em></span> <span class='ocrx_word' id='word_1_343' title='bbox 897 2704 971 2738; x_wconf 80' lang='lat' dir='ltr'><em>Cap.</em></span> <span class='ocrx_word' id='word_1_344' title='bbox 989 2702 1075 2729; x_wconf 75' lang='lat' dir='ltr'><em>LXII.</em></span> <span class='ocrx_word' id='word_1_345' title='bbox 1149 2702 1193 2730; x_wconf 80' lang='lat'><em>28.</em></span> <span class='ocrx_word' id='word_1_346' title='bbox 1216 2703 1242 2729; x_wconf 71' lang='lat' dir='ltr'>A</span> <span class='ocrx_word' id='word_1_347' title='bbox 1260 2702 1287 2729; x_wconf 81' lang='lat' dir='ltr'><em>in</em></span> <span class='ocrx_word' id='word_1_348' title='bbox 1306 2710 1417 2735; x_wconf 42' lang='lat' dir='ltr'>mmmm:</span> <span class='ocrx_word' id='word_1_349' title='bbox 1439 2701 1598 2729; x_wconf 71' lang='lat' dir='ltr'><em>Jolmnnes</em></span> <span class='ocrx_word' id='word_1_350' title='bbox 1683 2709 1728 2736; x_wconf 56' lang='lat'><em>21).</em></span> <span class='ocrx_word' id='word_1_351' title='bbox 1744 2702 1771 2728; x_wconf 85' lang='lat' dir='ltr'><strong>A</strong></span> 
     </span>
     <span class='ocr_line' id='line_1_41' title="bbox 454 2745 664 2771; baseline 0.005 -8"><span class='ocrx_word' id='word_1_352' title='bbox 454 2745 480 2763; x_wconf 89' lang='grc' dir='ltr'><em>ιιι</em></span> <span class='ocrx_word' id='word_1_353' title='bbox 506 2746 617 2771; x_wconf 73' lang='lat' dir='ltr'><em>111arg.:</em></span> <span class='ocrx_word' id='word_1_354' title='bbox 642 2746 664 2764; x_wconf 82' lang='lat' dir='ltr'><em>l.</em></span> 
     </span>
    </p>
   </div>
   <div class='ocr_carea' id='block_1_8' title="bbox 525 2821 818 2861">
    <p class='ocr_par' dir='ltr' id='par_1_11' title="bbox 525 2821 818 2861">
     <span class='ocr_line' id='line_1_42' title="bbox 525 2821 818 2861; baseline 0 -10"><span class='ocrx_word' id='word_1_355' title='bbox 525 2822 576 2853; x_wconf 75' lang='lat'><em>23.</em></span> <span class='ocrx_word' id='word_1_356' title='bbox 606 2821 678 2852; x_wconf 67' lang='grc' dir='ltr'><em>ω.</em></span> <span class='ocrx_word' id='word_1_357' title='bbox 710 2822 760 2861; x_wconf 88' lang='grc' dir='ltr'><strong>ιιι,</strong></span> <span class='ocrx_word' id='word_1_358' title='bbox 791 2823 818 2853; x_wconf 62' lang='grc'><em>3,</em></span> 
     </span>
    </p>
   </div>
   <div class='ocr_carea' id='block_1_9' title="bbox 1790 843 1830 864">
    <p class='ocr_par' dir='ltr' id='par_1_12' title="bbox 1790 843 1830 864">
     <span class='ocr_line' id='line_1_43' title="bbox 1790 843 1830 864; baseline 0 0"><span class='ocrx_word' id='word_1_359' title='bbox 1790 843 1830 864; x_wconf 85' lang='grc' dir='ltr'><em>ΙΟ</em></span> 
     </span>
    </p>
   </div>
   <div class='ocr_carea' id='block_1_10' title="bbox 1793 1123 1828 1155">
    <p class='ocr_par' dir='ltr' id='par_1_13' title="bbox 1793 1123 1828 1155">
     <span class='ocr_line' id='line_1_44' title="bbox 1793 1123 1828 1155; baseline 0.029 -1"><span class='ocrx_word' id='word_1_360' title='bbox 1793 1123 1828 1155; x_wconf 77' lang='lat'><em>15</em></span> 
     </span>
    </p>
   </div>
   <div class='ocr_carea' id='block_1_11' title="bbox 1791 1423 1831 1444">
    <p class='ocr_par' dir='ltr' id='par_1_14' title="bbox 1791 1423 1831 1444">
     <span class='ocr_line' id='line_1_45' title="bbox 1791 1423 1831 1444; baseline 0 0"><span class='ocrx_word' id='word_1_361' title='bbox 1791 1423 1831 1444; x_wconf 80' lang='lat'><em>20</em></span> 
     </span>
    </p>
   </div>
   <div class='ocr_carea' id='block_1_12' title="bbox 1790 1703 1828 1735">
    <p class='ocr_par' dir='ltr' id='par_1_15' title="bbox 1790 1703 1828 1735">
     <span class='ocr_line' id='line_1_46' title="bbox 1790 1703 1828 1735; baseline 0.026 -1"><span class='ocrx_word' id='word_1_362' title='bbox 1790 1703 1828 1735; x_wconf 73' lang='lat'><em>25</em></span> 
     </span>
    </p>
   </div>
   <div class='ocr_carea' id='block_1_13' title="bbox 1790 2145 1831 2175">
    <p class='ocr_par' dir='ltr' id='par_1_16' title="bbox 1790 2145 1831 2175">
     <span class='ocr_line' id='line_1_47' title="bbox 1790 2145 1831 2175; baseline -0.024 0"><span class='ocrx_word' id='word_1_363' title='bbox 1790 2145 1831 2175; x_wconf 74' lang='lat'><em>30</em></span> 
     </span>
    </p>
   </div>
   <div class='ocr_carea' id='block_1_14' title="bbox 1788 2432 1827 2465">
    <p class='ocr_par' dir='ltr' id='par_1_17' title="bbox 1788 2432 1827 2465">
     <span class='ocr_line' id='line_1_48' title="bbox 1788 2432 1827 2465; baseline -0.026 0"><span class='ocrx_word' id='word_1_364' title='bbox 1788 2432 1827 2465; x_wconf 80' lang='lat'><em>35</em></span> 
     </span>
    </p>
   </div>
  </div>
 </body>
</html>
