1986 3289
75 443 142 475 400

202 202 408 255 CAP.X111.]
576 213 632 244 DE
661 211 975 243 ANTICHRISTO
1005 212 1087 242 Llss.
1116 211 1136 241 Ι.
1749 213 1799 246 47

203 321 396 357 hominum
429 319 688 368 spiritualium
720 319 905 363 salutem5
936 330 1074 353 aurum
1107 325 1231 353 autem
1265 318 1367 366 quod
1398 318 1511 353 estin
1562 322 1691 356 Temple
1711 321 1771 348 and

1444 375 1450 381 .
1546 357 1621 383 altar
1643 365 1722 383 were
1742 357 1790 383 for

203 379 343 427 templo
389 379 448 413 vel
491 377 631 413 donum
677 377 779 424 quod
822 383 876 412 est
919 388 1036 425 super
1080 376 1206 411 altare
1253 376 1304 410 ad
1340 375 1512 425 gloriam
1540 392 1638 418 God's
1659 391 1793 424 service;

203 437 352 485 quidem
387 436 462 472 Dei
487 435 669 484 pertinet,
708 442 742 469 et
778 434 901 483 ipsum
934 441 1060 469 tamen
1094 446 1231 469 aurum
1262 429 1266 485 Ι
1296 441 1330 469 et
1374 433 1513 468 donum
1541 426 1788 496 golidarflii’ydfgirsts

203 494 330 545 magis
361 494 412 529 ad
445 493 739 529 delectacionem
773 492 969 528 hominum
1003 500 1037 527 et
1069 492 1120 527 ad
1153 492 1354 527 utilitatem
1387 503 1515 527 sacer·
1577 496 1677 523 man⁷s
1697 504 1761 523 use.

169 553 332 589 §dotum
367 552 531 601 offertur
562 563 679 600 super
710 551 848 586 altare.
880 550 995 586 Judei
1037 562 1133 600 ergo
1167 562 1307 585 aurum
1342 561 1413 598 quo
1446 549 1519 598 ipsi

203 610 495 647 delectabantur
538 617 573 645 et
618 609 716 644 dona
750 609 884 657 quibus
917 608 991 657 ipsi
1022 609 1284 657 pascebantur
1315 608 1517 643 sancciora

204 668 379 704 dicebant
411 680 492 704 esse
524 679 635 716 quam
670 667 794 715 ipsum
828 667 1012 715 templum
1046 673 1081 701 et
1112 667 1251 712 altare,
1286 673 1325 701 ut
1347 666 1518 701 homines

199 727 470 776 prompciores
507 726 654 775 fierent
698 725 749 760 ad
793 725 989 773 offerenda
1024 725 1123 759 dona
1157 736 1269 772 quam
1303 724 1354 759 ad
1382 736 1519 773 preces

204 785 434 834 fundendas
465 784 500 819 in
534 783 675 832 templo
709 790 774 818 aut
806 782 978 818 iusticias
1000 782 1220 830 faciendas.
1253 782 1371 817 Multi
1397 782 1516 817 eciam

148 853 187 875 10
204 850 238 879 et
270 855 368 878 nunc
400 841 604 878 christiani
632 841 686 876 sic
719 839 942 890 insipienter
973 840 1204 889 intelligunt.

259 901 362 937 Ecce
405 900 500 936 enim
545 900 579 935 si
621 899 749 947 aliqua
784 899 915 947 fuerit
960 910 1088 943 causa,
1141 898 1333 933 modicum
1370 897 1520 933 videtur

191 960 334 1008 facere
365 958 429 1007 qui
459 958 562 993 iurat
589 969 664 1006 per
695 957 833 992 Deum.
885 956 961 1000 Qui
1003 963 1128 992 autem
1170 956 1272 991 iurat
1298 968 1373 1004 per
1405 967 1518 991 evan-

200 1017 346 1067 gelium
392 1016 520 1066 magis
563 1015 710 1063 aliquid
744 1015 892 1062 fecisse
925 1014 1089 1050 videtur.
1137 1014 1284 1058 Quibus
1317 1014 1518 1049 dicendum

202 1082 257 1111 est
289 1082 322 1111 et
355 1074 411 1110 liis
450 1073 597 1110 stultis:
641 1073 844 1121 Scripture
876 1080 1043 1121 propter
1075 1073 1199 1107 Deum
1245 1072 1388 1121 scripte
1419 1079 1519 1118 sunt,

150 1133 185 1166 15
202 1145 273 1169 non
308 1133 413 1167 Deus
452 1139 619 1181 propter
662 1131 892 1180 scripturas.
939 1130 1070 1166 M'aior
1102 1137 1157 1166 est
1189 1142 1285 1179 ergo
1319 1130 1425 1165 Deus
1457 1131 1522 1179 qui

201 1191 414 1240 sanctificat
446 1189 688 1239 evangelium
722 1201 834 1237 quam
860 1188 1102 1238 evangelium
1134 1189 1236 1236 quod
1257 1188 1521 1238 sanctificatur

202 1249 248 1284 ab
280 1261 335 1287 eo.
370 1249 453 1284 Hec
488 1247 770 1283 Crisostomus.

259 1306 426 1342 Videtur
459 1306 529 1341 hos
561 1313 722 1341 sanctos
755 1306 896 1341 ambos
938 1304 976 1339 in
1009 1304 1084 1340 ista
1117 1303 1321 1340 sentencia
1355 1316 1522 1340 concor·
1573 1307 1651 1334 Both
1672 1307 1771 1334 saints

203 1365 298 1400 dare
343 1365 450 1412 quod
491 1362 700 1411 pontifices
749 1362 924 1411 pharisei
971 1371 1007 1398 et
1055 1361 1284 1410 quicunque
1329 1363 1375 1397 de
1416 1362 1522 1398 clero
1547 1343 1799 1404 ἱινέἓῑὲῐεῷἓὲἷῐῃ

146 1433 187 1454 20
201 1421 368 1458 Judaico
401 1430 567 1469 propter
601 1422 840 1457 candentem
874 1420 1091 1456 avariciam
1125 1432 1170 1456 ea
1204 1433 1280 1469 que
1303 1429 1523 1456 sonuerant
1624 1420 1725 1440 cause.

202 1480 243 1516 in
275 1488 459 1528 questum
495 1492 631 1516 eorum
668 1479 837 1515 nimium
870 1480 1163 1527 ponderabant,
1200 1491 1244 1515 ea
1278 1487 1411 1514 autem
1447 1491 1522 1527 que

202 1539 362 1574 fuerunt
400 1537 595 1574 direccius
629 1546 770 1573 contra
802 1539 945 1584 Deum,
993 1536 1194 1572 modicum
1228 1538 1520 1584 ponderabant.

204 1597 318 1633 Unde
351 1595 445 1644 quia
478 1596 553 1632 hoc
586 1595 658 1631 fuit
692 1608 907 1631 commune
942 1594 1214 1642 pontificibus,
1248 1594 1373 1631 tribus
1406 1595 1523 1631 sectis

204 1654 291 1691 aliis
337 1662 373 1690 et
417 1653 638 1702 prophetis,
685 1653 775 1689 ideo
822 1653 997 1689 creditur
1041 1654 1150 1701 quod
1196 1652 1374 1689 Christus
1418 1661 1522 1689 tacet

147 1712 186 1744 25
204 1711 354 1748 scribas
399 1720 436 1747 et
482 1711 688 1760 phariseos
734 1711 937 1759 ypocritas
982 1711 1021 1746 in
1067 1710 1142 1746 isto
1187 1712 1243 1747 Ve
1295 1710 1522 1758 specialiter

203 1770 427 1807 nominare.

261 1830 342 1864 Nec
388 1827 553 1864 dubium
601 1826 696 1876 quin
742 1828 868 1863 clerus
913 1835 1048 1862 noster
1093 1827 1310 1863 hodiernus
1351 1827 1427 1863 isto
1466 1828 1521 1863 Ve
1554 1820 1791 1890 mffiseffissldssnys'

204 1885 430 1934 specialiter
474 1885 664 1929 irretitur,
711 1894 753 1920 ut
788 1883 1094 1932 magnificamus
1131 1885 1384 1933 sacrilegium
1418 1893 1520 1921 tam-
1565 1889 1696 1928 *Claim
1717 1892 1751 1929 φῇ

205 1956 325 1992 quam
360 1952 568 1991 peccatum
603 1943 883 1991 gravissimum
913 1951 949 1978 et
972 1942 1265 1979 introducimus
1289 1943 1520 1991 opinionem
1564 1925 1785 1987 Ἓξῗῇῗλᾞῖξγ

148 2002 189 2033 30
206 2003 253 2037 de
285 2013 326 2037 re
358 2014 485 2048 sacra,
525 2003 633 2050 quod
667 2000 862 2050 quidquid
894 1999 1012 2036 fuerit
1045 2002 1181 2037 datum
1208 2002 1268 2037 vel
1292 2001 1521 2037 dedicatum
1596 1999 1753 2030 property,

206 2059 384 2105 ecclesie,
430 2059 528 2095 illud
574 2072 620 2096 eo
666 2059 751 2107 ipso
797 2068 854 2095 est
886 2070 1065 2104 sacrum3
1111 2067 1147 2095 et
1180 2060 1336 2095 auferre
1369 2059 1468 2095 illud
1500 2072 1522 2095 a

204 2126 346 2154 vocata
379 2117 545 2154 ecclesia
579 2126 636 2154 est
668 2130 849 2153 summus
894 2117 1040 2165 gradus
1080 2117 1278 2165 sacrilegii
1323 2116 1424 2153 sicut
1466 2117 1522 2153 di—

206 2184 319 2223 cunt3
354 2184 391 2212 et
414 2176 468 2212 sic
492 2177 597 2212 bona
621 2184 787 2223 possunt
810 2188 880 2223 per
904 2174 1029 2211 laicos
1054 2175 1227 2211 conferri
1252 2175 1429 2222 ecclesie,
1453 2177 1522 2211 sed

206 2232 247 2269 in
270 2234 381 2269 nullo
406 2246 500 2269 casu
526 2233 672 2270 auferri
698 2235 746 2269 ab
771 2246 828 2269 ea.
853 2236 901 2269 Et
924 2232 980 2268 sic
1005 2234 1260 2269 cumulantur
1283 2233 1523 2281 temporalia

149 2294 331 2339 35usque
361 2292 410 2327 ad
432 2292 687 2339 putredinem
713 2301 795 2327 tam
821 2304 958 2327 eorum
985 2303 1105 2338 quam
1141 2291 1380 2327 clericorum
1404 2304 1522 2328 occu-

206 2349 410 2396 pancium,
445 2349 539 2397 quia
572 2349 701 2385 simile
726 2358 782 2385 est
815 2362 860 2385 ac
893 2348 922 2384 si
948 2348 1016 2385 illa
1039 2349 1279 2396 temporalia
1302 2349 1450 2385 fuerint
1482 2349 1522 2385 in

205 2406 367 2443 tartaris
393 2408 594 2454 devorata,
619 2407 712 2456 quia
737 2410 794 2453 (ut
818 2410 1012 2451 asserunt)
1030 2406 1123 2443 licet
1140 2407 1252 2443 laicis
1267 2407 1380 2444 valde
1404 2407 1521 2443 meri-

206 2464 307 2501 torie
356 2466 450 2501 dare
503 2465 580 2501 illis
623 2466 727 2501 bona
770 2473 852 2501 tam
899 2464 1065 2501 mobilia
1113 2478 1231 2513 quam
1279 2465 1519 2502 immobilia.

207 2523 285 2558 Sed
317 2531 532 2570 postquam
566 2523 634 2558 illa
665 2522 813 2559 fuerint
845 2535 915 2570 per
938 2522 1054 2558 istam
1086 2522 1299 2559 dacionem
1330 2523 1519 2560 stolidam

147 2594 192 2624 40
208 2589 454 2627 consecrata,
490 2593 570 2617 non
602 2580 695 2617 licet
727 2581 833 2617 clero
867 2582 1034 2617 reddere
1067 2580 1135 2617 illa
1168 2582 1273 2617 bona
1306 2590 1521 2630 quantum-

208 2650 364 2686 cunque
411 2639 618 2675 brachium
651 2639 829 2675 seculare
863 2638 1014 2686 eguerit
1059 2647 1095 2675 et
1128 2639 1186 2675 lex
1219 2639 1290 2675 Dei
1325 2639 1518 2685 docuerit,

277 2805 302 2833 3.
326 2806 445 2834 Codd.:
467 2810 496 2834 et
513 2807 589 2842 ipsa.
663 2815 686 2833 2.
709 2807 748 2833 B:
775 2808 887 2834 donum
913 2807 1035 2842 quidem
1060 2815 1154 2842 super
1173 2808 1287 2834 altare.
1361 2807 1401 2834 18.
1434 2809 1461 2835 A
1490 2808 1519 2835 in

209 2849 317 2876 marg:
339 2840 504 2868 Johannes.
558 2849 604 2869 20.
628 2842 665 2868 1’1:
687 2845 845 2869 sonuerat.
919 2850 962 2876 27.
984 2842 1057 2869 Ain
1074 2850 1187 2876 marga
1212 2851 1233 2868 ι.
1309 2841 1407 2875 3413:
1425 2843 1519 2869 etita.
