1986 3289
149 201 231 238 344

148 300 265 362 Oraicio
299 299 468 327 sacerdotis
501 299 625 335 reprobi
655 307 671 325 a
702 298 768 325 Deo
797 305 858 325 non
885 305 975 325 exau-

151 339 393 404 OracirgrpZssti
414 368 522 396 cesarii
543 368 573 396 fit
592 368 623 396 in
644 371 803 403 peccatum
825 367 881 399 175.

150 404 321 432 Oraciones
342 404 500 431 beatorum
523 407 672 438 quantum
692 403 793 430 valent
813 400 878 437 307.

151 438 322 467 Oraciones
342 439 472 466 fratrum
493 442 639 474 quantum
660 438 761 465 valent
780 445 823 471 4¹·

152 474 254 502 Causa
275 472 502 509 persecucionis
528 473 559 500 in
586 472 713 499 ecclesia
741 472 773 499 fit
792 480 828 499 ex
855 471 978 506 refrige-

205 508 325 536 scencia
356 508 490 535 caritatis
514 512 639 543 propter
664 507 855 534 ceremonias
884 514 979 533 novo-

206 551 273 571 rum
293 543 439 570 ordinum
461 541 519 570 183.

150 578 450 606 Commendaciones
472 584 623 604 novorum
644 576 789 604 ordinum
811 575 857 611 59.

154 613 288 640 Ordines
310 612 379 647 plus
399 616 507 639 curant
534 612 571 639 de
603 612 685 639 bono
712 613 854 647 corporis
887 617 979 646 quam

207 648 244 675 de
265 647 346 674 bono
367 646 469 674 anime
489 645 529 674 55.

154 682 387 710 Ρ1ον3110311013
408 681 554 709 ordinum
575 680 616 708 55.

153 717 390 746 Sacramentum
411 716 531 743 ordinis
551 723 603 751 49.

154 751 270 779 Pedum
291 751 397 778 oscula
418 751 577 778 beatorum
597 757 659 778 non
690 754 802 778 sonant
827 750 858 777 in
885 749 981 777 animi

205 786 357 814 locionem
377 793 435 821 312.

549 896 594 926 P.

154 962 390 991 Sacramentum
424 961 493 988 licet
521 961 552 989 in
584 965 693 988 natura
725 969 780 989 sua
809 960 848 988 sit
884 961 983 995 panis,

208 998 333 1032 mystice
352 1001 453 1023 tamen
474 1004 586 1031 corpus
607 996 721 1024 Christi
743 996 889 1030 145—147.

154 1031 389 1060 Sacramentum
405 1031 494 1066 panis
509 1031 649 1058 versucia
662 1030 848 1059 Antichristi
860 1038 984 1059 versum

210 1070 254 1093 est
273 1066 303 1093 in
326 1066 449 1101 signum
470 1065 612 1093 falsitatis
634 1073 696 1100 149.

156 1101 247 1163 Pani5s
285 1101 515 1128 sacramentalis
553 1105 600 1128 est
624 1108 739 1136 corpus
771 1101 891 1128 domini
925 1098 985 1135 143,

217 1144 223 1163 1
270 1157 276 1163 .

159 1170 233 1198 Post
247 1143 522 1199 {onsecracionem
545 1174 647 1198 manet
668 1170 769 1197 hostia
789 1178 850 1198 non
872 1170 987 1206 princi-

211 1205 319 1240 paliter
339 1205 428 1242 panis
450 1205 502 1232 sed
524 1212 638 1240 corpus
659 1204 774 1233 Christi
796 1204 856 1233 163.

160 1240 295 1276 Quidam
311 1241 479 1276 episcopus
497 1239 630 1267 Johanni
644 1239 764 1278 Wyclif
781 1240 864 1276 dicit,
888 1248 988 1268 sacra-

213 1280 349 1303 mentum
372 1275 461 1309 panis
481 1283 549 1302 esse
570 1274 662 1302 nichil
687 1274 745 1302 150.

159 1309 243 1346 Papa
263 1311 408 1339 seductor
428 1310 535 1345 populi
555 1314 602 1336 est
620 1309 834 1337 Antichristus
855 1310 917 1338 106.

161 1344 193 1373 S.
232 1345 442 1381 Hieronymus
473 1344 618 1380 opinatur
649 1352 761 1379 papam
796 1353 863 1373 esse
900 1344 988 1373 Anti—

213 1380 364 1407 christum
387 1380 448 1407 106.

162 1414 234 1443 Non
255 1415 355 1442 solum
385 1414 434 1442 ille
465 1422 544 1449 papa
573 1414 626 1441 sed
648 1422 756 1442 omnes
779 1423 857 1450 pape
878 1423 894 1442 a
913 1419 989 1443 tem-

213 1457 287 1484 pore
305 1448 479 1477 dotacionis
493 1448 630 1483 ecclesie,
651 1449 822 1477 cardinales
842 1454 898 1478 etc.
919 1454 990 1477 sunt

212 1484 397 1512 Antichristi
419 1491 478 1519 107.

161 1519 244 1555 Papa
262 1520 308 1547 vel
328 1518 539 1546 Antichristus
558 1518 699 1546 omnium
721 1520 873 1547 malorum
894 1519 990 1547 susci-

213 1557 294 1582 tator
313 1561 344 1581 22
371 1573 378 1580 .

161 1604 196 1611 -
215 1562 366 1616 vendicat9
382 1588 464 1624 quod
486 1593 613 1622 superat
632 1589 765 1624 prelatos
786 1588 861 1624 legis
881 1589 990 1617 veteris

215 1628 244 1651 et
263 1628 393 1651 cunctos
412 1624 571 1658 apostolos
591 1631 636 1659 27.

161 1673 196 1679 --
233 1658 377 1693 superbia
424 1657 587 1685 induratus
641 1658 861 1692 dedignaretur
907 1659 989 1695 quod

215 1693 359 1721 Christus
379 1691 498 1720 sederet
516 1693 600 1719 iuxta
619 1701 688 1721 eum
709 1693 754 1721 28.

163 1744 198 1749 —-
217 1732 262 1755 est
281 1732 373 1762 caput
392 1732 544 1754 sectarum
565 1727 607 1755 35.

164 1779 198 1784 —
217 1763 248 1790 in
269 1762 433 1790 duodecim
455 1762 551 1797 signis
571 1762 697 1790 Christo
718 1767 764 1790 est
783 1763 991 1798 adversarius,

218 1797 288 1825 ideo
307 1797 523 1824 Antichristus
545 1798 608 1825 100.

165 1832 291 1860 —inter
305 1840 414 1859 omnes
428 1831 570 1859 homines
585 1840 706 1860 summe
720 1833 816 1860 elatus
830 1837 858 1861 et
872 1840 993 1861 summe

219 1866 386 1894 dominans
407 1865 463 1894 133.

165 1916 199 1923 —-
219 1902 332 1929 residet
357 1901 388 1929 in
418 1906 602 1937 sumptuoso
635 1901 754 1937 palacio
786 1906 814 1930 et
843 1902 994 1930 malefacit

219 1935 408 1972 pauperibus
429 1935 485 1963 133.

168 1987 203 1991 —
222 1970 328 1998 vendit
347 1980 360 1998 5
388 1971 506 1998 irituale
527 1970 708 2006 suffragium
730 1969 786 1999 133.

167 2022 201 2027 —
220 2005 252 2068 ii}5
271 2005 336 2033 suis
377 2006 434 2033 ctis
462 2005 726 2041 promissionibus
753 2013 874 2034 summe
904 2006 995 2034 fallax

223 2048 231 2068 1
254 2049 283 2074 4.

172 2091 206 2097 —
225 2075 401 2138 ⁰}und}g⁰⁵
429 2075 563 2103 honores
595 2080 623 2103 et
648 2075 768 2103 lucrum
802 2077 996 2112 amplectitur

226 2119 235 2138 1
308 2118 317 2137 1
361 2131 367 2137 .

169 2161 203 2165 -
220 2119 373 2173 οΧ11Γο1111111
394 2153 487 2181 supra
507 2153 599 2172 omne
616 2146 698 2181 quod
717 2145 830 2173 dicitur
844 2146 926 2173 Deus
942 2144 994 2174 135.

169 2196 203 2201 —
231 2188 291 2207 non
308 2184 351 2206 est
366 2180 570 2214 humillimus,
591 2180 817 2219 pauperrimus,
845 2181 908 2208 Deo
926 2182 997 2208 obe-

223 2214 436 2242 dientissimus
450 2223 566 2250 —ergo
586 2215 798 2243 Antichristus
820 2215 881 2244 108.

172 2265 206 2270 —
224 2249 312 2276 valde
333 2250 497 2284 peccabilis
518 2258 574 2284 141.

171 2300 205 2306 ·-
230 2284 331 2311 innuit
368 2293 399 2311 se
436 2286 536 2312 facere
573 2292 631 2320 que
665 2283 808 2312 Christus
841 2285 939 2319 potuit
970 2289 998 2312 et

224 2319 320 2346 multa
339 2327 397 2354 qne
417 2318 561 2347 Christus
581 2327 642 2346 non
664 2320 765 2355 potuit
785 2318 841 2347 132.

174 2370 206 2374 —
227 2353 353 2380 ecclesie
372 2362 524 2381 onerosus
545 2352 600 2381 133.

175 2405 206 2408 —
228 2388 393 2451 pr5ecipuus
408 2389 619 2416 Antichristus
639 2388 669 2416 in
691 2389 871 2416 occidentali
887 2390 998 2424 angulo

226 2431 234 2450 1
279 2446 284 2451 .

174 2458 218 2485 De
238 2431 376 2485 &ersucia
398 2457 555 2493 religionis
575 2466 654 2493 pape
676 2457 735 2492 138,
757 2457 817 2494 139.

174 2493 279 2520 Plures
299 2493 461 2520 infideliter
476 2501 588 2528 papam
607 2498 777 2528 sequuntur
797 2498 824 2521 et
840 2493 999 2521 Christum

228 2529 373 2555 deserunt
395 2535 454 2562 192.

176 2562 255 2597 Magi
277 2570 337 2589 non
370 2566 487 2589 tantum
515 2562 699 2589 seduxerant
729 2563 881 2591 mundum
908 2571 1000 2599 quam

228 2604 307 2632 papa
328 2597 486 2624 ecclesiam
508 2605 568 2632 192.

175 2631 257 2666 Papa
294 2632 368 2658 dicit
403 2632 571 2668 ypocritice
615 2632 698 2667 quod
744 2632 783 2660 sit
826 2632 1002 2660 immediate

231 2665 347 2693 Christi
369 2667 503 2694 vicarius
525 2674 568 2702 27.

179 2700 314 2728 Locucio
344 2701 523 2736 blasphema
553 2701 637 2736 quod
671 2710 750 2737 papa
779 2706 904 2729 vocetur
925 2710 1003 2737 papa

233 2735 432 2763 beatissimus
453 2743 491 2763 21.

179 2769 397 2797 Obediendum
419 2775 463 2798 est
492 2779 570 2806 pape
591 2771 709 2806 precise
736 2772 772 2799 de
793 2776 907 2807 quanto
939 2772 1004 2807 ipse

235 2804 325 2832 fidem
349 2804 465 2832 Christi
488 2805 592 2833 docuit
614 2805 675 2841 189.

809 194 1026 228 GENERAL
1054 195 1202 227 INDEX.

1047 296 1393 360 Nogdexistentcggpaiga
1425 296 1552 325 00010513
1581 296 1690 324 melius
1723 298 1815 322 staret
1843 293 1874 320 in

1144 340 1159 358 e
1179 339 1240 366 109,
1262 340 1270 359 1
1317 353 1322 365 ,
1346 340 1353 358 1
1378 339 1407 367 9.
1764 364 1769 369 ·
1845 364 1850 369 ¹

1048 366 1171 394 Nomen
1193 374 1271 402 pape
1299 370 1327 394 et
1346 366 1550 394 cardinalium
1577 375 1638 394 non
1668 367 1824 395 invenitur
1843 372 1874 392 111

1102 401 1255 436 scriptura
1277 400 1337 436 187.

1051 436 1183 471 Argucie
1205 444 1261 471 pro
1283 436 1418 472 primatu
1439 445 1516 472 pape
1537 436 1598 465 108.

1051 470 1163 498 Omnis
1179 479 1258 506 papa
1272 472 1469 499 mutescendo
1485 472 1521 499 de
1535 472 1683 506 quiditate
1692 473 1791 500 hostie
1805 481 1876 501 con-

1103 510 1217 533 secrate
1238 510 1400 541 suspectus
1420 510 1465 533 est
1486 507 1523 533 de
1544 508 1644 534 heresi
1666 507 1724 543 187.

1050 540 1158 567 Petrus
1183 545 1211 568 et
1239 541 1332 568 ceteri
1361 541 1493 574 apostoli
1525 549 1595 569 cum
1627 542 1785 570 Clemente
1815 551 1876 571 non

1102 575 1225 603 fuerunt
1245 583 1323 611 pape
1343 575 1404 603 188.

1052 608 1301 638 Consuetudines
1334 618 1413 646 pape
1450 619 1509 646 que
1546 619 1607 640 non
1645 610 1814 640 fundantur
1843 613 1874 641 in

1105 645 1256 680 scripture
1277 650 1349 673 sunt
1369 650 1510 685 suspecte
1530 646 1588 674 182,

1053 680 1134 715 Papa
1154 688 1190 707 ex
1210 680 1350 708 carencia
1369 681 1504 708 caritatis
1530 681 1737 717 indispositus
1758 687 1814 717 est,
1848 687 1880 711 ut

1105 715 1220 751 regulet
1238 715 1399 743 ecclesiam
1421 716 1604 744 militantem
1623 718 1666 745 52.

1056 766 1081 769 -
1104 749 1188 785 Ρ3ρ3
1208 754 1237 777 01
1258 754 1336 778 50010
1357 759 1388 778 50
1408 750 1515 778 iuvant
1534 759 1627 786 quare
1645 760 1690 785 41.

1053 799 1086 805 —
1106 789 1304 820 pugnatores,
1331 793 1392 813 non
1413 786 1622 821 predicatores
1648 787 1732 823 eligit
1757 787 1787 815 in
1814 795 1878 815 car-

1106 819 1225 847 dinales
1244 828 1295 854 44.

1054 869 1087 874 —
1106 862 1168 882 non
1184 863 1334 891 pauperes
1351 855 1548 892 presbyteros
1568 855 1649 891 eligit
1668 857 1698 884 in
1713 856 1878 892 episcopos

1057 940 1085 943 —
1108 929 1227 960 reputat
1241 925 1418 960 theologum
1439 924 1606 953 inhabilem
1627 930 1661 953 ut
1679 931 1808 962 occupet
1827 927 1879 954 ali-

1107 967 1200 994 quam
1221 960 1401 994 dignitatem
1421 960 1452 987 in
1472 960 1599 988 ecclesia
1619 961 1769 989 militante
1787 960 1832 995 37.

1055 993 1146 1022 Falsa
1166 994 1272 1029 opinio
1293 995 1376 1030 quod
1406 1003 1487 1030 papa
1516 995 1554 1023 sit
1573 995 1672 1023 maior
1697 996 1727 1023 in
1753 996 1881 1024 ecclesia

1109 1029 1260 1057 militante
1279 1037 1326 1063 24.

1056 1064 1299 1100 Presumptuosa
1313 1063 1447 1092 stulticia
1461 1072 1538 1100 pape
1550 1065 1601 1100 qui
1616 1065 1748 1093 absolvit
1758 1070 1882 1101 propter

1108 1098 1227 1126 lucrum
1248 1098 1317 1132 304,
1338 1098 1403 1135 307.

1057 1133 1138 1196 Ρ31ἒο
1158 1138 1186 1161 01
1212 1134 1379 1170 complices
1411 1134 1558 1162 claudunt
1586 1142 1714 1169 regnum
1746 1135 1881 1162 celorum

1128 1176 1153 1196 2.

1058 1203 1128 1265 Soll,
1142 1203 1173 1243 id
1194 1208 1239 1231 est
1259 1212 1349 1265 p3apa‚
1369 1203 1597 1240 obscurabitur,
1618 1204 1777 1240 quomodo
1796 1204 1882 1232 intel-

1122 1247 1128 1266 1
1155 1242 1214 1266 11111
1234 1246 1270 1266 2ο
1292 1259 1298 1266 .

1059 1246 1152 1301 Licetg
1162 1278 1290 1309 uterque
1320 1281 1400 1309 papa
1426 1274 1564 1309 sepultus
1584 1274 1675 1301 fuerit
1694 1273 1725 1301 in
1751 1273 1883 1306 inferno,

1112 1315 1215 1371 tgmen
1235 1309 1353 1336 viantes
1369 1312 1513 1343 poterunt
1533 1309 1751 1337 beatitudinem
1775 1309 1886 1337 mereri

1113 1352 1121 1371 1
1166 1365 1172 1371 .

1060 1351 1161 1406 Medi}
1189 1378 1226 1405 ad
1254 1378 1506 1412 cognoscendum
1527 1379 1598 1414 quis
1626 1386 1778 1414 paparum
1811 1378 1887 1407 reci-

1113 1413 1245 1449 piendus
1264 1417 1344 1441 esset
1364 1421 1425 1447 170,
1448 1422 1500 1449 171,

1060 1449 1216 1484 Paparum
1253 1448 1510 1476 contendencium
1542 1448 1617 1476 alter
1653 1452 1700 1476 est
1731 1447 1884 1476 hereticus

1114 1486 1144 1511 16
1171 1504 1177 1511 .

1062 1518 1106 1546 130
1126 1491 1241 1554 ρὲ50113
1260 1518 1386 1545 Domini
1407 1516 1564 1553 287—336.

1062 1553 1283 1589 Unusquisque
1298 1561 1353 1592 pro
1374 1557 1498 1588 peccato
1514 1561 1570 1581 suo
1586 1552 1721 1589 punitur,
1741 1552 1886 1580 sacerdos

1115 1597 1171 1624 pro
1192 1592 1325 1623 peccatis
1346 1588 1487 1615 omnium
1508 1587 1568 1615 225.

1063 1624 1108 1651 130
1129 1623 1347 1658 persecucione
1366 1623 1428 1657 126,
1448 1621 1506 1650 231.
1867 1656 1872 1660 ι

1062 1658 1274 1686 Predicatores
1306 1657 1411 1685 dicunt
1442 1657 1524 1693 quod
1556 1665 1669 1692 corpus
1696 1656 1822 1685 Domini
1849 1660 1889 1684 Sit

1116 1692 1304 1728 septipedale
1324 1693 1380 1720 150.

1064 1728 1107 1755 De
1127 1727 1291 1767 generibus
1312 1727 1540 1762 predicatorum
1562 1726 1708 1755 158-160.

1064 1762 1330 1798 Equivocaciones
1351 1762 1381 1789 in
1403 1762 1618 1797 predicacione
1638 1759 1786 1800 162-1163.

1066 1798 1168 1833 Quam
1190 1796 1449 1832 preeminenciam
1469 1797 1576 1824 Petrus
1598 1797 1739 1824 habuerit
1759 1796 1817 1824 105.

1065 1832 1173 1860 Prelati
1195 1833 1291 1860 nostri
1308 1832 1412 1859 colunt
1431 1831 1508 1858 festa
1529 1835 1700 1867 martyrum
1720 1836 1749 1859 et
1762 1831 1841 1859 vitas
1861 1834 1890 1858 et

1117 1867 1274 1894 doctrinas
1295 1874 1402 1894 eorum
1422 1870 1648 1901 contempnunt
1667 1866 1716 1894 68.

1065 1917 1098 1922 -
1118 1902 1270 1936 moderni,
1291 1901 1343 1929 filii
1363 1901 1548 1928 Antichristi
1569 1901 1616 1928 62.

1065 1953 1098 1957 —
1116 1952 1149 1957 —-
1169 1936 1293 1964 heretici
1313 1935 1357 1970 75.

1066 1987 1100 1992 -
1118 1971 1155 1999 de
1176 1971 1265 1999 sectis
1286 1975 1418 2005 quatuor
1444 1969 1552 1998 nolunt
1571 1970 1670 2007 legem
1692 1969 1808 1998 Christi
1836 1977 1890 2006 po-

1120 2007 1192 2041 pulo
1215 2006 1372 2042 predicare
1391 2004 1438 2033 36.

1066 2057 1100 2062 —
1121 2041 1269 2069 claudunt
1289 2048 1417 2076 regnum
1438 2040 1575 2068 celorum
1595 2038 1640 2074 37.
1788 2074 1793 2079 ,

1069 2077 1150 2104 130115
1171 2084 1232 2103 11011
1253 2079 1438 2111 cooperatur
1462 2083 1533 2103 cum
1555 2076 1671 2110 prelato
1697 2082 1815 2103 cesario
1837 2074 1892 2110 175.

1069 2112 1112 2139 De
1133 2111 1258 2146 prelatis
1278 2110 1405 2138 cesariis
1425 2116 1580 2146 272—274.

1068 2146 1176 2174 Prelati
1199 2149 1325 2181 peccant
1352 2144 1405 2179 qui
1435 2149 1593 2180 acceptant
1620 2144 1735 2180 gradus
1767 2148 1894 2180 propter

1122 2181 1236 2208 fastum
1258 2185 1286 2207 et
1305 2181 1426 2208 lucrum
1447 2187 1475 2215 7.

1069 2215 1177 2244 Prelati
1210 2219 1239 2243 et
1270 2215 1367 2243 curati
1406 2219 1532 2250 propter
1560 2218 1701 2250 questum
1739 2213 1894 2249 accipiunt

1122 2250 1284 2286 dignitates
1305 2254 1333 2277 et
1353 2249 1511 2278 Christum
1533 2249 1669 2284 produnt
1688 2247 1755 2276 306.

1070 2286 1198 2324 Propter
1227 2285 1415 2320 prelatorum
1442 2284 1614 2319 nequiciam
1637 2283 1771 2319 populus
1791 2290 1807 2310 a
1827 2282 1891 2310 Deo

1144 2324 1248 2347 unitur
1268 2328 1276 2347 1
1320 2340 1326 2346 .

1070 2328 1146 2382 ,1115ξί
1157 2328 1327 2390 ρ105071ζ711
1340 2358 1384 2381 051
1398 2357 1623 2381 sacramentum
1636 2351 1894 2386 confirmacionis,

1122 2389 1254 2423 ordinis,
1277 2389 1511 2416 benedicciones
1531 2388 1604 2415 dare
1623 2394 1675 2421 49.
1725 2420 1731 2426 ⁶

1072 2424 1195 2487 {imbus
1216 2425 1306 2451 rebus
1329 2424 1460 2459 populus
1482 2431 1497 2449 a
1518 2423 1608 2450 sectis
1629 2422 1785 2450 seducitur
1804 2421 1849 2456 59.

1104 2459 1280 2486 ummularii
1302 2463 1372 2486 sunt
1402 2458 1505 2485 fideles
1527 2457 1696 2493 presbyteri
1726 2457 1778 2492 qui
1800 2457 1895 2491 legem

1125 2493 1240 2522 Christi
1262 2493 1421 2529 predicant
1441 2500 1501 2528 271.

1073 2529 1117 2555 130
1138 2529 1273 2564 primatu
1295 2528 1374 2555 Petri
1394 2526 1556 2561 300-304.

1074 2564 1201 2591 Peccant
1222 2563 1395 2599 proselytos
1415 2562 1560 2589 facientes
1580 2560 1631 2600 45:

1074 2599 1211 2633 Pugnare
1233 2597 1419 2634 presbyteris
1439 2605 1500 2624 non
1521 2600 1566 2624 est
1584 2597 1704 2623 licitum
1727 2594 1778 2622 115.

1465 2704 1515 2735 R.

1077 2771 1219 2799 Rectores
1248 2771 1373 2799 ecclesie
1393 2771 1429 2798 ad
1463 2770 1598 2797 decimas
1628 2770 1807 2806 respiciunt,
1838 2778 1899 2798 non

1130 2806 1166 2833 ad
1189 2806 1315 2833 salutem
1338 2805 1438 2833 anime
1459 2806 1502 2833 52.
