<?xml version="1.0" encoding="UTF-8"?>
<!DOCTYPE html PUBLIC "-//W3C//DTD XHTML 1.0 Transitional//EN"
    "http://www.w3.org/TR/xhtml1/DTD/xhtml1-transitional.dtd">
<html xmlns="http://www.w3.org/1999/xhtml" xml:lang="en" lang="en">
 <head>
  <title>
</title>
<meta http-equiv="Content-Type" content="text/html;charset=utf-8" />
  <meta name='ocr-system' content='tesseract 3.04.00' />
  <meta name='ocr-capabilities' content='ocr_page ocr_carea ocr_par ocr_line ocrx_word'/>
</head>
<body>
  <div class='ocr_page' id='page_1' title='image "./opusevangelicum34wycl/opusevangelicum34wycl_0381.png"; bbox 0 0 1986 3289; ppageno 0'>
   <div class='ocr_carea' id='block_1_1' title="bbox 750 216 1143 248">
    <p class='ocr_par' dir='ltr' id='par_1_1' title="bbox 750 216 1143 248">
     <span class='ocr_line' id='line_1_1' title="bbox 750 216 1143 248; baseline 0 0"><span class='ocrx_word' id='word_1_1' title='bbox 750 216 968 248; x_wconf 87' lang='lat' dir='ltr'>GENERAL</span> <span class='ocrx_word' id='word_1_2' title='bbox 995 216 1143 248; x_wconf 90' lang='lat' dir='ltr'>INDEX.</span> 
     </span>
    </p>
   </div>
   <div class='ocr_carea' id='block_1_2' title="bbox 83 317 910 494">
    <p class='ocr_par' dir='ltr' id='par_1_2' title="bbox 83 317 909 383">
     <span class='ocr_line' id='line_1_2' title="bbox 83 317 909 348; baseline -0.005 0"><span class='ocrx_word' id='word_1_3' title='bbox 83 320 128 348; x_wconf 91' lang='lat' dir='ltr'>De</span> <span class='ocrx_word' id='word_1_4' title='bbox 149 320 301 348; x_wconf 89' lang='lat' dir='ltr'>divisione</span> <span class='ocrx_word' id='word_1_5' title='bbox 315 319 393 347; x_wconf 86' lang='lat' dir='ltr'>inter</span> <span class='ocrx_word' id='word_1_6' title='bbox 402 319 575 346; x_wconf 82' lang='lat' dir='ltr'>Romanam</span> <span class='ocrx_word' id='word_1_7' title='bbox 593 317 753 345; x_wconf 90' lang='lat' dir='ltr'>ecclesiam</span> <span class='ocrx_word' id='word_1_8' title='bbox 775 322 803 345; x_wconf 90' lang='lat' dir='ltr'>et</span> <span class='ocrx_word' id='word_1_9' title='bbox 819 318 909 346; x_wconf 90' lang='lat' dir='ltr'>Sara-</span> 
     </span>
     <span class='ocr_line' id='line_1_3' title="bbox 135 354 494 383; baseline -0.008 0"><span class='ocrx_word' id='word_1_10' title='bbox 135 363 228 383; x_wconf 89' lang='lat' dir='ltr'>cenos</span> <span class='ocrx_word' id='word_1_11' title='bbox 248 358 275 382; x_wconf 90' lang='lat' dir='ltr'>et</span> <span class='ocrx_word' id='word_1_12' title='bbox 296 354 413 381; x_wconf 83' lang='lat' dir='ltr'>Grecos</span> <span class='ocrx_word' id='word_1_13' title='bbox 433 361 494 381; x_wconf 84' lang='lat'>120.</span> 
     </span>
    </p>

    <p class='ocr_par' dir='ltr' id='par_1_3' title="bbox 83 387 815 426">
     <span class='ocr_line' id='line_1_4' title="bbox 83 387 815 426; baseline -0.007 -8"><span class='ocrx_word' id='word_1_14' title='bbox 83 405 117 410; x_wconf 90' lang='lat'>—-</span> <span class='ocrx_word' id='word_1_15' title='bbox 135 406 168 410; x_wconf 97' lang='lat'>—</span> <span class='ocrx_word' id='word_1_16' title='bbox 188 390 267 417; x_wconf 89' lang='lat' dir='ltr'>inter</span> <span class='ocrx_word' id='word_1_17' title='bbox 284 388 451 417; x_wconf 86' lang='lat' dir='ltr'>Urbanitas</span> <span class='ocrx_word' id='word_1_18' title='bbox 472 392 500 415; x_wconf 90' lang='lat' dir='ltr'>et</span> <span class='ocrx_word' id='word_1_19' title='bbox 520 387 731 415; x_wconf 86' lang='lat' dir='ltr'>Clementinos</span> <span class='ocrx_word' id='word_1_20' title='bbox 752 394 815 426; x_wconf 39' lang='lat'>120..</span> 
     </span>
    </p>

    <p class='ocr_par' dir='ltr' id='par_1_4' title="bbox 83 421 910 494">
     <span class='ocr_line' id='line_1_5' title="bbox 83 421 910 487; baseline -0.005 -35"><span class='ocrx_word' id='word_1_21' title='bbox 83 425 230 452; x_wconf 84' lang='lat' dir='ltr'>Doctrina</span> <span class='ocrx_word' id='word_1_22' title='bbox 250 423 369 487; x_wconf 67' lang='lat' dir='ltr'>dgomini</span> <span class='ocrx_word' id='word_1_23' title='bbox 396 423 508 451; x_wconf 83' lang='lat' dir='ltr'>sufficit</span> <span class='ocrx_word' id='word_1_24' title='bbox 534 422 571 449; x_wconf 88' lang='lat' dir='ltr'>ad</span> <span class='ocrx_word' id='word_1_25' title='bbox 600 421 787 450; x_wconf 89' lang='lat' dir='ltr'>veniendum</span> <span class='ocrx_word' id='word_1_26' title='bbox 808 429 838 449; x_wconf 83' lang='lat'>111</span> <span class='ocrx_word' id='word_1_27' title='bbox 859 429 910 456; x_wconf 90' lang='lat' dir='ltr'>pa-</span> 
     </span>
     <span class='ocr_line' id='line_1_6' title="bbox 133 459 306 494; baseline 0 -8"><span class='ocrx_word' id='word_1_28' title='bbox 133 459 224 487; x_wconf 89' lang='lat' dir='ltr'>triam</span> <span class='ocrx_word' id='word_1_29' title='bbox 244 467 253 486; x_wconf 94' lang='lat'>1</span> <span class='ocrx_word' id='word_1_30' title='bbox 278 465 306 494; x_wconf 87' lang='lat'>9.</span> 
     </span>
    </p>
   </div>
   <div class='ocr_carea' id='block_1_3' title="bbox 476 555 524 586">
    <p class='ocr_par' dir='ltr' id='par_1_5' title="bbox 476 555 524 586">
     <span class='ocr_line' id='line_1_7' title="bbox 476 555 524 586; baseline 0.021 -1"><span class='ocrx_word' id='word_1_31' title='bbox 476 555 524 586; x_wconf 81' lang='lat' dir='ltr'>E.</span> 
     </span>
    </p>
   </div>
   <div class='ocr_carea' id='block_1_4' title="bbox 82 619 916 1593">
    <p class='ocr_par' dir='ltr' id='par_1_6' title="bbox 83 619 879 657">
     <span class='ocr_line' id='line_1_8' title="bbox 83 619 879 657; baseline -0.005 -8"><span class='ocrx_word' id='word_1_32' title='bbox 83 621 220 649; x_wconf 87' lang='lat' dir='ltr'>Ecclesie</span> <span class='ocrx_word' id='word_1_33' title='bbox 238 625 340 657; x_wconf 88' lang='lat' dir='ltr'>partes</span> <span class='ocrx_word' id='word_1_34' title='bbox 360 629 404 655; x_wconf 82' lang='lat'>22,</span> <span class='ocrx_word' id='word_1_35' title='bbox 424 620 469 656; x_wconf 81' lang='lat'>23,</span> <span class='ocrx_word' id='word_1_36' title='bbox 490 628 551 656; x_wconf 84' lang='lat'>179,</span> <span class='ocrx_word' id='word_1_37' title='bbox 572 619 633 655; x_wconf 88' lang='lat'>218,</span> <span class='ocrx_word' id='word_1_38' title='bbox 653 627 713 655; x_wconf 88' lang='lat'>219,</span> <span class='ocrx_word' id='word_1_39' title='bbox 733 627 797 647; x_wconf 85' lang='lat'>220.</span> <span class='ocrx_word' id='word_1_40' title='bbox 874 653 879 657; x_wconf 30' lang='grc' dir='ltr'>ι</span> 
     </span>
    </p>

    <p class='ocr_par' dir='ltr' id='par_1_7' title="bbox 83 654 912 753">
     <span class='ocr_line' id='line_1_9' title="bbox 83 654 910 695; baseline -0.005 -11"><span class='ocrx_word' id='word_1_41' title='bbox 83 656 216 685; x_wconf 88' lang='lat' dir='ltr'>Hereses</span> <span class='ocrx_word' id='word_1_42' title='bbox 227 660 254 683; x_wconf 88' lang='lat' dir='ltr'>et</span> <span class='ocrx_word' id='word_1_43' title='bbox 265 656 409 695; x_wconf 81' lang='lat' dir='ltr'>superbie</span> <span class='ocrx_word' id='word_1_44' title='bbox 420 659 561 683; x_wconf 83' lang='lat' dir='ltr'>crescunt</span> <span class='ocrx_word' id='word_1_45' title='bbox 570 655 602 682; x_wconf 92' lang='lat' dir='ltr'>in</span> <span class='ocrx_word' id='word_1_46' title='bbox 614 655 764 682; x_wconf 82' lang='lat' dir='ltr'>militante</span> <span class='ocrx_word' id='word_1_47' title='bbox 774 654 910 681; x_wconf 72' lang='lat' dir='ltr'>eccleffla.</span> 
     </span>
     <span class='ocr_line' id='line_1_10' title="bbox 134 689 912 726; baseline -0.004 -8"><span class='ocrx_word' id='word_1_48' title='bbox 134 690 268 719; x_wconf 87' lang='lat' dir='ltr'>Racione</span> <span class='ocrx_word' id='word_1_49' title='bbox 288 699 353 718; x_wconf 84' lang='lat' dir='ltr'>eius</span> <span class='ocrx_word' id='word_1_50' title='bbox 373 690 519 718; x_wconf 84' lang='lat' dir='ltr'>crementi</span> <span class='ocrx_word' id='word_1_51' title='bbox 535 694 657 726; x_wconf 86' lang='lat' dir='ltr'>oportet</span> <span class='ocrx_word' id='word_1_52' title='bbox 670 689 799 717; x_wconf 86' lang='lat' dir='ltr'>finaliter</span> <span class='ocrx_word' id='word_1_53' title='bbox 820 689 912 716; x_wconf 85' lang='lat' dir='ltr'>eccle·</span> 
     </span>
     <span class='ocr_line' id='line_1_11' title="bbox 137 725 524 753; baseline -0.003 0"><span class='ocrx_word' id='word_1_54' title='bbox 137 725 213 753; x_wconf 90' lang='lat' dir='ltr'>siam</span> <span class='ocrx_word' id='word_1_55' title='bbox 234 725 446 753; x_wconf 89' lang='lat' dir='ltr'>consummari</span> <span class='ocrx_word' id='word_1_56' title='bbox 467 725 524 753; x_wconf 86' lang='lat'>125.</span> 
     </span>
    </p>

    <p class='ocr_par' dir='ltr' id='par_1_8' title="bbox 85 758 913 822">
     <span class='ocr_line' id='line_1_12' title="bbox 85 758 913 788; baseline -0.004 -1"><span class='ocrx_word' id='word_1_57' title='bbox 85 760 156 788; x_wconf 86' lang='lat' dir='ltr'>Vita</span> <span class='ocrx_word' id='word_1_58' title='bbox 188 765 292 787; x_wconf 87' lang='lat' dir='ltr'>sancta</span> <span class='ocrx_word' id='word_1_59' title='bbox 322 765 351 787; x_wconf 89' lang='lat' dir='ltr'>et</span> <span class='ocrx_word' id='word_1_60' title='bbox 387 760 528 787; x_wconf 89' lang='lat' dir='ltr'>doctrina</span> <span class='ocrx_word' id='word_1_61' title='bbox 565 759 717 787; x_wconf 89' lang='lat' dir='ltr'>catholica</span> <span class='ocrx_word' id='word_1_62' title='bbox 755 758 829 785; x_wconf 90' lang='lat' dir='ltr'>satis</span> <span class='ocrx_word' id='word_1_63' title='bbox 868 761 913 785; x_wconf 90' lang='lat' dir='ltr'>est</span> 
     </span>
     <span class='ocr_line' id='line_1_13' title="bbox 136 795 509 822; baseline -0.003 0"><span class='ocrx_word' id='word_1_64' title='bbox 136 795 262 822; x_wconf 86' lang='lat' dir='ltr'>ecclesie</span> <span class='ocrx_word' id='word_1_65' title='bbox 282 795 422 822; x_wconf 84' lang='lat' dir='ltr'>militanti</span> <span class='ocrx_word' id='word_1_66' title='bbox 442 795 509 822; x_wconf 83' lang='lat'>260.</span> 
     </span>
    </p>

    <p class='ocr_par' dir='ltr' id='par_1_9' title="bbox 85 827 912 892">
     <span class='ocr_line' id='line_1_14' title="bbox 85 827 912 892; baseline -0.004 -36"><span class='ocrx_word' id='word_1_67' title='bbox 85 829 295 892; x_wconf 51' lang='lat' dir='ltr'>Conggregacio</span> <span class='ocrx_word' id='word_1_68' title='bbox 322 830 475 857; x_wconf 88' lang='lat' dir='ltr'>bonorum</span> <span class='ocrx_word' id='word_1_69' title='bbox 496 829 624 857; x_wconf 85' lang='lat' dir='ltr'>ecclesie</span> <span class='ocrx_word' id='word_1_70' title='bbox 644 836 736 855; x_wconf 85' lang='lat' dir='ltr'>causa</span> <span class='ocrx_word' id='word_1_71' title='bbox 762 827 912 855; x_wconf 85' lang='lat' dir='ltr'>bellorum</span> 
     </span>
    </p>

    <p class='ocr_par' dir='ltr' id='par_1_10' title="bbox 82 896 914 1003">
     <span class='ocr_line' id='line_1_15' title="bbox 82 896 912 934; baseline -0.004 -8"><span class='ocrx_word' id='word_1_72' title='bbox 82 898 153 927; x_wconf 94' lang='lat' dir='ltr'>Non</span> <span class='ocrx_word' id='word_1_73' title='bbox 174 899 232 926; x_wconf 88' lang='lat' dir='ltr'>erit</span> <span class='ocrx_word' id='word_1_74' title='bbox 251 907 310 934; x_wconf 86' lang='lat' dir='ltr'>pax</span> <span class='ocrx_word' id='word_1_75' title='bbox 330 899 375 926; x_wconf 93' lang='lat' dir='ltr'>vel</span> <span class='ocrx_word' id='word_1_76' title='bbox 397 898 602 934; x_wconf 85' lang='lat' dir='ltr'>tranquillitas</span> <span class='ocrx_word' id='word_1_77' title='bbox 630 898 659 925; x_wconf 94' lang='lat' dir='ltr'>in</span> <span class='ocrx_word' id='word_1_78' title='bbox 682 896 811 924; x_wconf 88' lang='lat' dir='ltr'>ecclesia</span> <span class='ocrx_word' id='word_1_79' title='bbox 833 896 912 923; x_wconf 89' lang='lat' dir='ltr'>mili-</span> 
     </span>
     <span class='ocr_line' id='line_1_16' title="bbox 135 931 914 995; baseline -0.003 -35"><span class='ocrx_word' id='word_1_80' title='bbox 135 938 228 968; x_wconf 79' lang='lat' dir='ltr'>tante,</span> <span class='ocrx_word' id='word_1_81' title='bbox 263 938 431 995; x_wconf 53' lang='grc' dir='ltr'>Ξὲιῐεᾳυειη]</span> <span class='ocrx_word' id='word_1_82' title='bbox 470 933 679 961; x_wconf 77' lang='lat' dir='ltr'>Antichristus</span> <span class='ocrx_word' id='word_1_83' title='bbox 718 932 809 959; x_wconf 90' lang='lat' dir='ltr'>fuerit</span> <span class='ocrx_word' id='word_1_84' title='bbox 841 931 914 958; x_wconf 82' lang='lat' dir='ltr'>effu-</span> 
     </span>
     <span class='ocr_line' id='line_1_17' title="bbox 137 973 304 1003; baseline -0.006 -8"><span class='ocrx_word' id='word_1_85' title='bbox 137 973 224 1003; x_wconf 73' lang='lat' dir='ltr'>gatus</span> <span class='ocrx_word' id='word_1_86' title='bbox 244 975 259 995; x_wconf 84' lang='lat'>2</span> <span class='ocrx_word' id='word_1_87' title='bbox 299 989 304 994; x_wconf 95' lang='lat'>.</span> 
     </span>
    </p>

    <p class='ocr_par' dir='ltr' id='par_1_11' title="bbox 87 1002 470 1037">
     <span class='ocr_line' id='line_1_18' title="bbox 87 1002 470 1037; baseline 0 -7"><span class='ocrx_word' id='word_1_88' title='bbox 87 1002 253 1030; x_wconf 87' lang='lat' dir='ltr'>Dedicacio</span> <span class='ocrx_word' id='word_1_89' title='bbox 274 1003 400 1030; x_wconf 86' lang='lat' dir='ltr'>ecclesie</span> <span class='ocrx_word' id='word_1_90' title='bbox 419 1011 470 1037; x_wconf 85' lang='grc'>49.</span> 
     </span>
    </p>

    <p class='ocr_par' dir='ltr' id='par_1_12' title="bbox 85 1035 774 1071">
     <span class='ocr_line' id='line_1_19' title="bbox 85 1035 774 1071; baseline 0 -7"><span class='ocrx_word' id='word_1_91' title='bbox 85 1037 129 1064; x_wconf 91' lang='lat' dir='ltr'>De</span> <span class='ocrx_word' id='word_1_92' title='bbox 149 1037 218 1065; x_wconf 87' lang='lat' dir='ltr'>altis</span> <span class='ocrx_word' id='word_1_93' title='bbox 239 1037 367 1065; x_wconf 89' lang='lat' dir='ltr'>edificiis</span> <span class='ocrx_word' id='word_1_94' title='bbox 387 1037 634 1065; x_wconf 90' lang='lat' dir='ltr'>Mendicancium</span> <span class='ocrx_word' id='word_1_95' title='bbox 656 1035 702 1071; x_wconf 82' lang='lat'>63,</span> <span class='ocrx_word' id='word_1_96' title='bbox 725 1037 774 1070; x_wconf 84' lang='lat'>64.</span> 
     </span>
    </p>

    <p class='ocr_par' dir='ltr' id='par_1_13' title="bbox 86 1071 913 1141">
     <span class='ocr_line' id='line_1_20' title="bbox 86 1071 913 1107; baseline -0.002 -8"><span class='ocrx_word' id='word_1_97' title='bbox 86 1071 237 1107; x_wconf 87' lang='lat' dir='ltr'>Egressus</span> <span class='ocrx_word' id='word_1_98' title='bbox 265 1071 380 1099; x_wconf 85' lang='lat' dir='ltr'>Christi</span> <span class='ocrx_word' id='word_1_99' title='bbox 418 1072 455 1099; x_wconf 90' lang='lat' dir='ltr'>de</span> <span class='ocrx_word' id='word_1_100' title='bbox 481 1072 598 1107; x_wconf 89' lang='lat' dir='ltr'>templo</span> <span class='ocrx_word' id='word_1_101' title='bbox 631 1072 740 1106; x_wconf 79' lang='lat' dir='ltr'>figurat</span> <span class='ocrx_word' id='word_1_102' title='bbox 771 1071 913 1099; x_wconf 88' lang='lat' dir='ltr'>destruc-</span> 
     </span>
     <span class='ocr_line' id='line_1_21' title="bbox 137 1106 680 1141; baseline -0.002 -7"><span class='ocrx_word' id='word_1_103' title='bbox 137 1106 259 1134; x_wconf 88' lang='lat' dir='ltr'>cionem</span> <span class='ocrx_word' id='word_1_104' title='bbox 279 1106 405 1134; x_wconf 87' lang='lat' dir='ltr'>ecclesie</span> <span class='ocrx_word' id='word_1_105' title='bbox 424 1106 608 1134; x_wconf 76' lang='lat' dir='ltr'>Antichristi</span> <span class='ocrx_word' id='word_1_106' title='bbox 630 1113 680 1141; x_wconf 85' lang='lat'>99.</span> 
     </span>
    </p>

    <p class='ocr_par' dir='ltr' id='par_1_14' title="bbox 86 1141 552 1176">
     <span class='ocr_line' id='line_1_22' title="bbox 86 1141 552 1176; baseline 0 -8"><span class='ocrx_word' id='word_1_107' title='bbox 86 1141 131 1168; x_wconf 90' lang='lat' dir='ltr'>De</span> <span class='ocrx_word' id='word_1_108' title='bbox 149 1141 304 1169; x_wconf 84' lang='lat' dir='ltr'>eleccione</span> <span class='ocrx_word' id='word_1_109' title='bbox 324 1149 475 1176; x_wconf 86' lang='lat' dir='ltr'>paparum</span> <span class='ocrx_word' id='word_1_110' title='bbox 498 1141 552 1169; x_wconf 85' lang='lat'>181.</span> 
     </span>
    </p>

    <p class='ocr_par' dir='ltr' id='par_1_15' title="bbox 85 1175 914 1238">
     <span class='ocr_line' id='line_1_23' title="bbox 85 1175 914 1211; baseline 0 -8"><span class='ocrx_word' id='word_1_111' title='bbox 85 1175 265 1203; x_wconf 89' lang='lat' dir='ltr'>Elecciones</span> <span class='ocrx_word' id='word_1_112' title='bbox 276 1176 478 1203; x_wconf 85' lang='lat' dir='ltr'>cardinalium</span> <span class='ocrx_word' id='word_1_113' title='bbox 494 1184 556 1203; x_wconf 91' lang='lat' dir='ltr'>non</span> <span class='ocrx_word' id='word_1_114' title='bbox 573 1180 644 1204; x_wconf 91' lang='lat' dir='ltr'>sunt</span> <span class='ocrx_word' id='word_1_115' title='bbox 657 1176 749 1211; x_wconf 84' lang='lat' dir='ltr'>digne</span> <span class='ocrx_word' id='word_1_116' title='bbox 764 1176 914 1204; x_wconf 87' lang='lat' dir='ltr'>memoria</span> 
     </span>
     <span class='ocr_line' id='line_1_24' title="bbox 142 1218 205 1238; baseline -0.016 0"><span class='ocrx_word' id='word_1_117' title='bbox 142 1218 172 1238; x_wconf 95' lang='lat'>10</span> <span class='ocrx_word' id='word_1_118' title='bbox 198 1231 205 1237; x_wconf 93' lang='lat'>.</span> 
     </span>
    </p>

    <p class='ocr_par' dir='ltr' id='par_1_16' title="bbox 86 1218 915 1313">
     <span class='ocr_line' id='line_1_25' title="bbox 86 1218 915 1281; baseline 0.001 -9"><span class='ocrx_word' id='word_1_119' title='bbox 86 1218 207 1273; x_wconf 58' lang='lat' dir='ltr'>Elecci&#39;o</span> <span class='ocrx_word' id='word_1_120' title='bbox 228 1253 307 1281; x_wconf 89' lang='lat' dir='ltr'>pape</span> <span class='ocrx_word' id='word_1_121' title='bbox 327 1245 481 1273; x_wconf 86' lang='lat' dir='ltr'>contraria</span> <span class='ocrx_word' id='word_1_122' title='bbox 501 1245 682 1273; x_wconf 86' lang='lat' dir='ltr'>diffinicioni</span> <span class='ocrx_word' id='word_1_123' title='bbox 701 1244 773 1273; x_wconf 87' lang='lat' dir='ltr'>Jesu</span> <span class='ocrx_word' id='word_1_124' title='bbox 799 1244 915 1273; x_wconf 87' lang='lat' dir='ltr'>Christi</span> 
     </span>
     <span class='ocr_line' id='line_1_26' title="bbox 139 1287 270 1313; baseline 0.008 -6"><span class='ocrx_word' id='word_1_125' title='bbox 139 1288 154 1307; x_wconf 86' lang='lat'><strong>2</strong></span> <span class='ocrx_word' id='word_1_126' title='bbox 206 1287 270 1313; x_wconf 77' lang='lat'>100.</span> 
     </span>
    </p>

    <p class='ocr_par' dir='ltr' id='par_1_17' title="bbox 86 1288 914 1377">
     <span class='ocr_line' id='line_1_27' title="bbox 86 1288 914 1377; baseline 0 -35"><span class='ocrx_word' id='word_1_127' title='bbox 86 1288 269 1377; x_wconf 47' lang='lat' dir='ltr'>Dift}7r}&#39;3engia</span> <span class='ocrx_word' id='word_1_128' title='bbox 282 1314 361 1377; x_wconf 57' lang='lat' dir='ltr'>ingter</span> <span class='ocrx_word' id='word_1_129' title='bbox 371 1314 556 1343; x_wconf 86' lang='lat' dir='ltr'>eleccionem</span> <span class='ocrx_word' id='word_1_130' title='bbox 570 1323 648 1350; x_wconf 90' lang='lat' dir='ltr'>pape</span> <span class='ocrx_word' id='word_1_131' title='bbox 662 1319 690 1342; x_wconf 87' lang='lat' dir='ltr'>et</span> <span class='ocrx_word' id='word_1_132' title='bbox 701 1315 914 1351; x_wconf 85' lang='lat' dir='ltr'>apostolorum</span> 
     </span>
    </p>

    <p class='ocr_par' dir='ltr' id='par_1_18' title="bbox 162 1357 361 1384">
     <span class='ocr_line' id='line_1_28' title="bbox 162 1357 361 1384; baseline 0 -7"><span class='ocrx_word' id='word_1_133' title='bbox 162 1358 169 1376; x_wconf 96' lang='lat'>1</span> <span class='ocrx_word' id='word_1_134' title='bbox 195 1372 201 1384; x_wconf 92' lang='lat'>,</span> <span class='ocrx_word' id='word_1_135' title='bbox 223 1357 283 1384; x_wconf 74' lang='lat'>³19,</span> <span class='ocrx_word' id='word_1_136' title='bbox 322 1357 361 1377; x_wconf 90' lang='lat'>21.</span> 
     </span>
    </p>

    <p class='ocr_par' dir='ltr' id='par_1_19' title="bbox 87 1384 915 1454">
     <span class='ocr_line' id='line_1_29' title="bbox 87 1384 915 1420; baseline 0 -9"><span class='ocrx_word' id='word_1_137' title='bbox 87 1384 182 1412; x_wconf 89' lang='lat' dir='ltr'>Error</span> <span class='ocrx_word' id='word_1_138' title='bbox 201 1384 231 1412; x_wconf 94' lang='lat' dir='ltr'>in</span> <span class='ocrx_word' id='word_1_139' title='bbox 253 1384 379 1412; x_wconf 91' lang='lat' dir='ltr'>homine</span> <span class='ocrx_word' id='word_1_140' title='bbox 399 1388 501 1419; x_wconf 88' lang='lat' dir='ltr'>potest</span> <span class='ocrx_word' id='word_1_141' title='bbox 520 1392 587 1411; x_wconf 89' lang='lat' dir='ltr'>esse</span> <span class='ocrx_word' id='word_1_142' title='bbox 607 1388 710 1412; x_wconf 87' lang='lat' dir='ltr'>tantus</span> <span class='ocrx_word' id='word_1_143' title='bbox 731 1384 814 1420; x_wconf 87' lang='lat' dir='ltr'>quod</span> <span class='ocrx_word' id='word_1_144' title='bbox 832 1384 915 1411; x_wconf 92' lang='lat' dir='ltr'>Deus</span> 
     </span>
     <span class='ocr_line' id='line_1_30' title="bbox 140 1419 694 1454; baseline 0 -8"><span class='ocrx_word' id='word_1_145' title='bbox 140 1426 201 1446; x_wconf 89' lang='lat' dir='ltr'>non</span> <span class='ocrx_word' id='word_1_146' title='bbox 223 1424 441 1454; x_wconf 84' lang='lat' dir='ltr'>cooperaretur</span> <span class='ocrx_word' id='word_1_147' title='bbox 461 1427 531 1446; x_wconf 87' lang='lat' dir='ltr'>cum</span> <span class='ocrx_word' id='word_1_148' title='bbox 553 1419 604 1446; x_wconf 92' lang='lat' dir='ltr'>illo</span> <span class='ocrx_word' id='word_1_149' title='bbox 624 1419 694 1447; x_wconf 85' lang='lat'><strong>260.</strong></span> 
     </span>
    </p>

    <p class='ocr_par' dir='ltr' id='par_1_20' title="bbox 89 1453 916 1522">
     <span class='ocr_line' id='line_1_31' title="bbox 89 1453 916 1490; baseline -0.001 -9"><span class='ocrx_word' id='word_1_150' title='bbox 89 1453 211 1481; x_wconf 89' lang='lat' dir='ltr'>Veritas</span> <span class='ocrx_word' id='word_1_151' title='bbox 226 1454 401 1488; x_wconf 84' lang='lat' dir='ltr'>evangelica</span> <span class='ocrx_word' id='word_1_152' title='bbox 421 1458 466 1481; x_wconf 91' lang='lat' dir='ltr'>est</span> <span class='ocrx_word' id='word_1_153' title='bbox 480 1454 683 1490; x_wconf 85' lang='lat' dir='ltr'>evangelium,</span> <span class='ocrx_word' id='word_1_154' title='bbox 704 1458 732 1482; x_wconf 92' lang='lat' dir='ltr'>et</span> <span class='ocrx_word' id='word_1_155' title='bbox 751 1453 819 1490; x_wconf 89' lang='lat' dir='ltr'>ipsa</span> <span class='ocrx_word' id='word_1_156' title='bbox 833 1453 916 1481; x_wconf 85' lang='lat' dir='ltr'>falsi-</span> 
     </span>
     <span class='ocr_line' id='line_1_32' title="bbox 141 1487 509 1522; baseline -0.003 -6"><span class='ocrx_word' id='word_1_157' title='bbox 141 1488 224 1516; x_wconf 84' lang='lat' dir='ltr'>ficari</span> <span class='ocrx_word' id='word_1_158' title='bbox 245 1496 306 1515; x_wconf 93' lang='lat' dir='ltr'>non</span> <span class='ocrx_word' id='word_1_159' title='bbox 328 1492 431 1522; x_wconf 91' lang='lat' dir='ltr'>potest</span> <span class='ocrx_word' id='word_1_160' title='bbox 450 1487 509 1516; x_wconf 87' lang='lat'><strong>325.</strong></span> 
     </span>
    </p>

    <p class='ocr_par' dir='ltr' id='par_1_21' title="bbox 89 1522 916 1593">
     <span class='ocr_line' id='line_1_33' title="bbox 89 1522 916 1559; baseline 0 -9"><span class='ocrx_word' id='word_1_161' title='bbox 89 1522 211 1550; x_wconf 82' lang='lat' dir='ltr'>Fratres</span> <span class='ocrx_word' id='word_1_162' title='bbox 232 1523 399 1550; x_wconf 88' lang='lat' dir='ltr'>abhorrent</span> <span class='ocrx_word' id='word_1_163' title='bbox 418 1523 501 1558; x_wconf 88' lang='lat' dir='ltr'>quod</span> <span class='ocrx_word' id='word_1_164' title='bbox 523 1523 717 1559; x_wconf 83' lang='lat' dir='ltr'>evangelium</span> <span class='ocrx_word' id='word_1_165' title='bbox 738 1523 767 1551; x_wconf 95' lang='lat' dir='ltr'>in</span> <span class='ocrx_word' id='word_1_166' title='bbox 783 1523 916 1558; x_wconf 84' lang='lat' dir='ltr'>Anglico</span> 
     </span>
     <span class='ocr_line' id='line_1_34' title="bbox 141 1557 418 1593; baseline -0.004 -8"><span class='ocrx_word' id='word_1_167' title='bbox 141 1562 346 1593; x_wconf 87' lang='lat' dir='ltr'>cognoscatur</span> <span class='ocrx_word' id='word_1_168' title='bbox 367 1557 418 1585; x_wconf 87' lang='lat'>115.</span> 
     </span>
    </p>
   </div>
   <div class='ocr_carea' id='block_1_5' title="bbox 480 1667 525 1697">
    <p class='ocr_par' dir='ltr' id='par_1_22' title="bbox 480 1667 525 1697">
     <span class='ocr_line' id='line_1_35' title="bbox 480 1667 525 1697; baseline 0 0"><span class='ocrx_word' id='word_1_169' title='bbox 480 1667 525 1697; x_wconf 82' lang='lat' dir='ltr'>F.</span> 
     </span>
    </p>
   </div>
   <div class='ocr_carea' id='block_1_6' title="bbox 87 1731 920 2554">
    <p class='ocr_par' dir='ltr' id='par_1_23' title="bbox 89 1731 812 1767">
     <span class='ocr_line' id='line_1_36' title="bbox 89 1731 812 1767; baseline -0.001 -7"><span class='ocrx_word' id='word_1_170' title='bbox 89 1732 202 1760; x_wconf 90' lang='lat' dir='ltr'>Fidelis</span> <span class='ocrx_word' id='word_1_171' title='bbox 222 1740 259 1759; x_wconf 83' lang='lat' dir='ltr'>ex</span> <span class='ocrx_word' id='word_1_172' title='bbox 278 1731 448 1760; x_wconf 89' lang='lat' dir='ltr'>omissione</span> <span class='ocrx_word' id='word_1_173' title='bbox 469 1736 514 1759; x_wconf 90' lang='lat' dir='ltr'>est</span> <span class='ocrx_word' id='word_1_174' title='bbox 533 1732 749 1767; x_wconf 89' lang='lat' dir='ltr'>reprobandus</span> <span class='ocrx_word' id='word_1_175' title='bbox 768 1731 812 1760; x_wconf 84' lang='lat'>58.</span> 
     </span>
    </p>

    <p class='ocr_par' dir='ltr' id='par_1_24' title="bbox 88 1767 917 1829">
     <span class='ocr_line' id='line_1_37' title="bbox 88 1767 917 1803; baseline -0.001 -8"><span class='ocrx_word' id='word_1_176' title='bbox 88 1767 208 1795; x_wconf 88' lang='lat' dir='ltr'>Fideles</span> <span class='ocrx_word' id='word_1_177' title='bbox 251 1767 298 1794; x_wconf 92' lang='lat' dir='ltr'>lus</span> <span class='ocrx_word' id='word_1_178' title='bbox 318 1767 443 1794; x_wconf 86' lang='lat' dir='ltr'>credant</span> <span class='ocrx_word' id='word_1_179' title='bbox 461 1767 541 1794; x_wconf 87' lang='lat' dir='ltr'>vivis</span> <span class='ocrx_word' id='word_1_180' title='bbox 556 1767 706 1802; x_wconf 85' lang='lat' dir='ltr'>operibus</span> <span class='ocrx_word' id='word_1_181' title='bbox 727 1774 820 1803; x_wconf 89' lang='lat' dir='ltr'>quam</span> <span class='ocrx_word' id='word_1_182' title='bbox 835 1774 917 1793; x_wconf 86' lang='lat' dir='ltr'>mor-</span> 
     </span>
     <span class='ocr_line' id='line_1_38' title="bbox 139 1801 485 1829; baseline 0 -1"><span class='ocrx_word' id='word_1_183' title='bbox 139 1802 200 1829; x_wconf 90' lang='lat' dir='ltr'>tuis</span> <span class='ocrx_word' id='word_1_184' title='bbox 219 1801 227 1828; x_wconf 92' lang='lat' dir='ltr'>i</span> <span class='ocrx_word' id='word_1_185' title='bbox 243 1801 417 1829; x_wconf 84' lang='lat' dir='ltr'>lusionibus</span> <span class='ocrx_word' id='word_1_186' title='bbox 438 1801 485 1828; x_wconf 83' lang='lat'>60.</span> 
     </span>
    </p>

    <p class='ocr_par' dir='ltr' id='par_1_25' title="bbox 91 1835 609 1871">
     <span class='ocr_line' id='line_1_39' title="bbox 91 1835 609 1871; baseline -0.002 -7"><span class='ocrx_word' id='word_1_187' title='bbox 91 1835 214 1864; x_wconf 87' lang='lat' dir='ltr'>Fratres</span> <span class='ocrx_word' id='word_1_188' title='bbox 234 1836 369 1871; x_wconf 90' lang='lat' dir='ltr'>spoliant</span> <span class='ocrx_word' id='word_1_189' title='bbox 390 1837 543 1864; x_wconf 90' lang='lat' dir='ltr'>seculares</span> <span class='ocrx_word' id='word_1_190' title='bbox 563 1835 609 1870; x_wconf 90' lang='grc'>45.</span> 
     </span>
    </p>

    <p class='ocr_par' dir='ltr' id='par_1_26' title="bbox 87 1870 477 1905">
     <span class='ocr_line' id='line_1_40' title="bbox 87 1870 477 1905; baseline 0 -8"><span class='ocrx_word' id='word_1_191' title='bbox 87 1886 121 1891; x_wconf 92' lang='lat'>—-</span> <span class='ocrx_word' id='word_1_192' title='bbox 141 1879 173 1898; x_wconf 94' lang='lat' dir='ltr'>se</span> <span class='ocrx_word' id='word_1_193' title='bbox 192 1871 340 1898; x_wconf 89' lang='lat' dir='ltr'>extollunt</span> <span class='ocrx_word' id='word_1_194' title='bbox 358 1879 410 1905; x_wconf 82' lang='grc'>44,</span> <span class='ocrx_word' id='word_1_195' title='bbox 431 1870 477 1905; x_wconf 83' lang='grc'>45.</span> 
     </span>
    </p>

    <p class='ocr_par' dir='ltr' id='par_1_27' title="bbox 88 1905 510 1938">
     <span class='ocr_line' id='line_1_41' title="bbox 88 1905 510 1938; baseline -0.002 -6"><span class='ocrx_word' id='word_1_196' title='bbox 88 1921 122 1925; x_wconf 85' lang='grc'>-</span> <span class='ocrx_word' id='word_1_197' title='bbox 142 1905 292 1932; x_wconf 89' lang='lat' dir='ltr'>seducunt</span> <span class='ocrx_word' id='word_1_198' title='bbox 310 1905 442 1933; x_wconf 88' lang='lat' dir='ltr'>feminas</span> <span class='ocrx_word' id='word_1_199' title='bbox 461 1914 510 1938; x_wconf 80' lang='grc' dir='ltr'>4ο.</span> 
     </span>
    </p>

    <p class='ocr_par' dir='ltr' id='par_1_28' title="bbox 88 1940 874 1975">
     <span class='ocr_line' id='line_1_42' title="bbox 88 1940 874 1975; baseline 0 -8"><span class='ocrx_word' id='word_1_200' title='bbox 88 1955 122 1960; x_wconf 90' lang='lat'>—</span> <span class='ocrx_word' id='word_1_201' title='bbox 139 1955 173 1961; x_wconf 79' lang='lat'>-</span> <span class='ocrx_word' id='word_1_202' title='bbox 193 1940 359 1975; x_wconf 81' lang='lat' dir='ltr'>presertim&#39;</span> <span class='ocrx_word' id='word_1_203' title='bbox 376 1940 627 1967; x_wconf 82' lang='lat' dir='ltr'>sanctimoniales</span> <span class='ocrx_word' id='word_1_204' title='bbox 648 1943 675 1967; x_wconf 91' lang='lat' dir='ltr'>et</span> <span class='ocrx_word' id='word_1_205' title='bbox 694 1940 804 1967; x_wconf 88' lang='lat' dir='ltr'>viduas</span> <span class='ocrx_word' id='word_1_206' title='bbox 823 1948 874 1974; x_wconf 85' lang='lat'>40.</span> 
     </span>
    </p>

    <p class='ocr_par' dir='ltr' id='par_1_29' title="bbox 88 1974 918 2043">
     <span class='ocr_line' id='line_1_43' title="bbox 88 1974 918 2010; baseline 0 -9"><span class='ocrx_word' id='word_1_207' title='bbox 88 1990 122 1995; x_wconf 90' lang='lat'>—</span> <span class='ocrx_word' id='word_1_208' title='bbox 141 1975 287 2002; x_wconf 86' lang='lat' dir='ltr'>claudunt</span> <span class='ocrx_word' id='word_1_209' title='bbox 306 1982 433 2009; x_wconf 85' lang='lat' dir='ltr'>regnum</span> <span class='ocrx_word' id='word_1_210' title='bbox 455 1975 591 2002; x_wconf 87' lang='lat' dir='ltr'>celorum</span> <span class='ocrx_word' id='word_1_211' title='bbox 612 1974 813 2009; x_wconf 88' lang='lat' dir='ltr'>impediendo</span> <span class='ocrx_word' id='word_1_212' title='bbox 835 1974 918 2010; x_wconf 90' lang='lat' dir='ltr'>quod</span> 
     </span>
     <span class='ocr_line' id='line_1_44' title="bbox 141 2008 596 2043; baseline 0 -7"><span class='ocrx_word' id='word_1_213' title='bbox 141 2008 334 2043; x_wconf 89' lang='lat' dir='ltr'>evangelium</span> <span class='ocrx_word' id='word_1_214' title='bbox 355 2009 530 2043; x_wconf 87' lang='lat' dir='ltr'>predicetur</span> <span class='ocrx_word' id='word_1_215' title='bbox 547 2008 596 2036; x_wconf 84' lang='lat'>36.</span> 
     </span>
    </p>

    <p class='ocr_par' dir='ltr' id='par_1_30' title="bbox 89 2043 919 2146">
     <span class='ocr_line' id='line_1_45' title="bbox 89 2043 919 2079; baseline 0.001 -9"><span class='ocrx_word' id='word_1_216' title='bbox 89 2043 274 2071; x_wconf 90' lang='lat' dir='ltr'>Venditores</span> <span class='ocrx_word' id='word_1_217' title='bbox 295 2043 353 2070; x_wconf 90' lang='lat' dir='ltr'>olei</span> <span class='ocrx_word' id='word_1_218' title='bbox 374 2043 405 2071; x_wconf 91' lang='lat' dir='ltr'>in</span> <span class='ocrx_word' id='word_1_219' title='bbox 427 2044 573 2079; x_wconf 88' lang='lat' dir='ltr'>parabola</span> <span class='ocrx_word' id='word_1_220' title='bbox 594 2048 665 2071; x_wconf 91' lang='lat' dir='ltr'>sunt</span> <span class='ocrx_word' id='word_1_221' title='bbox 685 2043 794 2071; x_wconf 83' lang='lat' dir='ltr'>fratres</span> <span class='ocrx_word' id='word_1_222' title='bbox 814 2047 843 2071; x_wconf 88' lang='lat' dir='ltr'>et</span> <span class='ocrx_word' id='word_1_223' title='bbox 862 2044 919 2071; x_wconf 89' lang='lat' dir='ltr'>alie</span> 
     </span>
     <span class='ocr_line' id='line_1_46' title="bbox 142 2078 919 2113; baseline 0 -8"><span class='ocrx_word' id='word_1_224' title='bbox 142 2082 238 2110; x_wconf 76' lang='lat' dir='ltr'>secte:</span> <span class='ocrx_word' id='word_1_225' title='bbox 273 2086 407 2113; x_wconf 84' lang='lat' dir='ltr'>quorum</span> <span class='ocrx_word' id='word_1_226' title='bbox 437 2078 539 2106; x_wconf 88' lang='lat' dir='ltr'>oleum</span> <span class='ocrx_word' id='word_1_227' title='bbox 572 2086 634 2106; x_wconf 94' lang='lat' dir='ltr'>non</span> <span class='ocrx_word' id='word_1_228' title='bbox 666 2079 778 2106; x_wconf 89' lang='lat' dir='ltr'>lucebit</span> <span class='ocrx_word' id='word_1_229' title='bbox 808 2078 839 2105; x_wconf 93' lang='lat' dir='ltr'>in</span> <span class='ocrx_word' id='word_1_230' title='bbox 871 2078 919 2105; x_wconf 93' lang='lat' dir='ltr'>die</span> 
     </span>
     <span class='ocr_line' id='line_1_47' title="bbox 143 2112 335 2146; baseline -0.005 -6"><span class='ocrx_word' id='word_1_231' title='bbox 143 2112 248 2140; x_wconf 91' lang='lat' dir='ltr'>iudicii</span> <span class='ocrx_word' id='word_1_232' title='bbox 268 2112 335 2146; x_wconf 85' lang='lat'>248.</span> 
     </span>
    </p>

    <p class='ocr_par' dir='ltr' id='par_1_31' title="bbox 89 2146 919 2209">
     <span class='ocr_line' id='line_1_48' title="bbox 89 2146 919 2182; baseline 0 -8"><span class='ocrx_word' id='word_1_233' title='bbox 89 2147 122 2175; x_wconf 90' lang='lat' dir='ltr'>Si</span> <span class='ocrx_word' id='word_1_234' title='bbox 142 2147 252 2174; x_wconf 89' lang='lat' dir='ltr'>fratres</span> <span class='ocrx_word' id='word_1_235' title='bbox 267 2151 338 2174; x_wconf 87' lang='lat' dir='ltr'>sunt</span> <span class='ocrx_word' id='word_1_236' title='bbox 357 2146 388 2174; x_wconf 86' lang='lat' dir='ltr'>in</span> <span class='ocrx_word' id='word_1_237' title='bbox 409 2147 516 2174; x_wconf 89' lang='lat' dir='ltr'>ultima</span> <span class='ocrx_word' id='word_1_238' title='bbox 530 2147 720 2182; x_wconf 86' lang='lat' dir='ltr'>necessitate,</span> <span class='ocrx_word' id='word_1_239' title='bbox 742 2147 845 2175; x_wconf 88' lang='lat' dir='ltr'>fideles</span> <span class='ocrx_word' id='word_1_240' title='bbox 866 2155 919 2174; x_wconf 88' lang='lat' dir='ltr'>eos</span> 
     </span>
     <span class='ocr_line' id='line_1_49' title="bbox 142 2180 496 2209; baseline -0.003 0"><span class='ocrx_word' id='word_1_241' title='bbox 142 2182 253 2209; x_wconf 89' lang='lat' dir='ltr'>debent</span> <span class='ocrx_word' id='word_1_242' title='bbox 273 2181 419 2209; x_wconf 88' lang='lat' dir='ltr'>adiuvare</span> <span class='ocrx_word' id='word_1_243' title='bbox 439 2180 496 2209; x_wconf 76' lang='lat'>321.</span> 
     </span>
    </p>

    <p class='ocr_par' dir='ltr' id='par_1_32' title="bbox 88 2215 918 2251">
     <span class='ocr_line' id='line_1_50' title="bbox 88 2215 918 2251; baseline 0 -8"><span class='ocrx_word' id='word_1_244' title='bbox 88 2215 210 2244; x_wconf 82' lang='lat' dir='ltr'>Fratres</span> <span class='ocrx_word' id='word_1_245' title='bbox 230 2216 398 2243; x_wconf 85' lang='lat' dir='ltr'>defendunt</span> <span class='ocrx_word' id='word_1_246' title='bbox 423 2215 506 2251; x_wconf 89' lang='lat' dir='ltr'>quod</span> <span class='ocrx_word' id='word_1_247' title='bbox 527 2217 645 2244; x_wconf 87' lang='lat' dir='ltr'>licitum</span> <span class='ocrx_word' id='word_1_248' title='bbox 673 2221 717 2243; x_wconf 87' lang='lat' dir='ltr'>est</span> <span class='ocrx_word' id='word_1_249' title='bbox 749 2216 869 2244; x_wconf 88' lang='lat' dir='ltr'>mentiri</span> <span class='ocrx_word' id='word_1_250' title='bbox 892 2224 918 2250; x_wconf 92' lang='lat'>7.</span> 
     </span>
    </p>

    <p class='ocr_par' dir='ltr' id='par_1_33' title="bbox 88 2250 594 2279">
     <span class='ocr_line' id='line_1_51' title="bbox 88 2250 594 2279; baseline 0 -2"><span class='ocrx_word' id='word_1_251' title='bbox 88 2266 122 2270; x_wconf 89' lang='lat'><strong>—</strong></span> <span class='ocrx_word' id='word_1_252' title='bbox 141 2255 211 2278; x_wconf 91' lang='lat' dir='ltr'>sunt</span> <span class='ocrx_word' id='word_1_253' title='bbox 230 2250 326 2278; x_wconf 88' lang='lat' dir='ltr'>cauda</span> <span class='ocrx_word' id='word_1_254' title='bbox 346 2250 530 2278; x_wconf 87' lang='lat' dir='ltr'>Antichristi</span> <span class='ocrx_word' id='word_1_255' title='bbox 550 2250 594 2279; x_wconf 80' lang='lat'>38.</span> 
     </span>
    </p>

    <p class='ocr_par' dir='ltr' id='par_1_34' title="bbox 87 2285 920 2421">
     <span class='ocr_line' id='line_1_52' title="bbox 87 2285 920 2320; baseline -0.001 -8"><span class='ocrx_word' id='word_1_256' title='bbox 87 2300 121 2304; x_wconf 88' lang='lat'>—</span> <span class='ocrx_word' id='word_1_257' title='bbox 140 2285 317 2312; x_wconf 85' lang='lat' dir='ltr'>fabulantur</span> <span class='ocrx_word' id='word_1_258' title='bbox 348 2285 464 2320; x_wconf 93' lang='lat' dir='ltr'>populo</span> <span class='ocrx_word' id='word_1_259' title='bbox 497 2286 627 2313; x_wconf 87' lang='lat' dir='ltr'>ludicria</span> <span class='ocrx_word' id='word_1_260' title='bbox 652 2290 680 2312; x_wconf 89' lang='lat' dir='ltr'>et</span> <span class='ocrx_word' id='word_1_261' title='bbox 706 2285 866 2313; x_wconf 85' lang='lat' dir='ltr'>mendacia</span> <span class='ocrx_word' id='word_1_262' title='bbox 893 2290 920 2312; x_wconf 91' lang='lat' dir='ltr'>et</span> 
     </span>
     <span class='ocr_line' id='line_1_53' title="bbox 141 2319 918 2355; baseline 0 -9"><span class='ocrx_word' id='word_1_263' title='bbox 141 2320 273 2352; x_wconf 86' lang='lat' dir='ltr'>correpti</span> <span class='ocrx_word' id='word_1_264' title='bbox 294 2319 331 2346; x_wconf 90' lang='lat' dir='ltr'>de</span> <span class='ocrx_word' id='word_1_265' title='bbox 358 2319 494 2347; x_wconf 87' lang='lat' dir='ltr'>tacencia</span> <span class='ocrx_word' id='word_1_266' title='bbox 520 2320 668 2355; x_wconf 86' lang='lat' dir='ltr'>evangelii</span> <span class='ocrx_word' id='word_1_267' title='bbox 700 2320 807 2348; x_wconf 90' lang='lat' dir='ltr'>dicunt</span> <span class='ocrx_word' id='word_1_268' title='bbox 835 2320 918 2355; x_wconf 90' lang='lat' dir='ltr'>quod</span> 
     </span>
     <span class='ocr_line' id='line_1_54' title="bbox 141 2354 919 2416; baseline 0 -35"><span class='ocrx_word' id='word_1_269' title='bbox 141 2354 280 2416; x_wconf 84' lang='lat' dir='ltr'>lquelibet</span> <span class='ocrx_word' id='word_1_270' title='bbox 305 2354 416 2381; x_wconf 90' lang='lat' dir='ltr'>veritas</span> <span class='ocrx_word' id='word_1_271' title='bbox 451 2354 534 2381; x_wconf 90' lang='lat' dir='ltr'>utilis</span> <span class='ocrx_word' id='word_1_272' title='bbox 564 2355 681 2390; x_wconf 90' lang='lat' dir='ltr'>populo</span> <span class='ocrx_word' id='word_1_273' title='bbox 710 2359 755 2381; x_wconf 92' lang='lat' dir='ltr'>est</span> <span class='ocrx_word' id='word_1_274' title='bbox 792 2362 919 2390; x_wconf 83' lang='lat' dir='ltr'>evange-</span> 
     </span>
     <span class='ocr_line' id='line_1_55' title="bbox 152 2396 262 2421; baseline -0.009 -5"><span class='ocrx_word' id='word_1_275' title='bbox 152 2397 215 2416; x_wconf 84' lang='lat' dir='ltr'>lum</span> <span class='ocrx_word' id='word_1_276' title='bbox 235 2396 262 2421; x_wconf 89' lang='lat'>7.</span> 
     </span>
    </p>

    <p class='ocr_par' dir='ltr' id='par_1_35' title="bbox 89 2422 917 2458">
     <span class='ocr_line' id='line_1_56' title="bbox 89 2422 917 2458; baseline 0 -8"><span class='ocrx_word' id='word_1_277' title='bbox 89 2422 195 2450; x_wconf 87' lang='lat' dir='ltr'>Frater</span> <span class='ocrx_word' id='word_1_278' title='bbox 221 2423 386 2450; x_wconf 74' lang='lat' dir='ltr'>carmelita</span> <span class='ocrx_word' id='word_1_279' title='bbox 413 2423 529 2450; x_wconf 89' lang='lat' dir='ltr'>delator</span> <span class='ocrx_word' id='word_1_280' title='bbox 558 2422 646 2450; x_wconf 91' lang='lat' dir='ltr'>ducis</span> <span class='ocrx_word' id='word_1_281' title='bbox 682 2423 859 2450; x_wconf 57' lang='lat' dir='ltr'>lancastrie</span> <span class='ocrx_word' id='word_1_282' title='bbox 891 2431 917 2458; x_wconf 86' lang='lat'>7.</span> 
     </span>
    </p>

    <p class='ocr_par' dir='ltr' id='par_1_36' title="bbox 90 2457 560 2491">
     <span class='ocr_line' id='line_1_57' title="bbox 90 2457 560 2491; baseline 0.002 -7"><span class='ocrx_word' id='word_1_283' title='bbox 90 2457 136 2484; x_wconf 91' lang='lat' dir='ltr'>De</span> <span class='ocrx_word' id='word_1_284' title='bbox 154 2457 250 2485; x_wconf 90' lang='lat' dir='ltr'>literis</span> <span class='ocrx_word' id='word_1_285' title='bbox 268 2457 496 2485; x_wconf 75' lang='lat' dir='ltr'>fraternitatum</span> <span class='ocrx_word' id='word_1_286' title='bbox 517 2465 560 2491; x_wconf 95' lang='grc'>41.</span> 
     </span>
    </p>

    <p class='ocr_par' dir='ltr' id='par_1_37' title="bbox 89 2491 920 2554">
     <span class='ocr_line' id='line_1_58' title="bbox 89 2491 920 2554; baseline 0 -35"><span class='ocrx_word' id='word_1_287' title='bbox 89 2492 208 2554; x_wconf 53' lang='lat' dir='ltr'>Populo</span> <span class='ocrx_word' id='word_1_288' title='bbox 246 2500 317 2520; x_wconf 88' lang='lat' dir='ltr'>cum</span> <span class='ocrx_word' id='word_1_289' title='bbox 351 2492 521 2527; x_wconf 85' lang='lat' dir='ltr'>prudencia</span> <span class='ocrx_word' id='word_1_290' title='bbox 556 2491 744 2527; x_wconf 86' lang='lat' dir='ltr'>predicanda</span> <span class='ocrx_word' id='word_1_291' title='bbox 774 2496 846 2519; x_wconf 88' lang='lat' dir='ltr'>sunt</span> <span class='ocrx_word' id='word_1_292' title='bbox 884 2492 920 2520; x_wconf 89' lang='lat' dir='ltr'>de</span> 
     </span>
     <span class='ocr_line' id='line_1_59' title="bbox 158 2531 328 2554; baseline 0 0"><span class='ocrx_word' id='word_1_293' title='bbox 158 2531 247 2554; x_wconf 88' lang='lat' dir='ltr'>uturo</span> <span class='ocrx_word' id='word_1_294' title='bbox 268 2534 328 2554; x_wconf 89' lang='lat'>102.</span> 
     </span>
    </p>
   </div>
   <div class='ocr_carea' id='block_1_7' title="bbox 479 2611 531 2642">
    <p class='ocr_par' dir='ltr' id='par_1_38' title="bbox 479 2611 531 2642">
     <span class='ocr_line' id='line_1_60' title="bbox 479 2611 531 2642; baseline 0.019 -1"><span class='ocrx_word' id='word_1_295' title='bbox 479 2611 531 2642; x_wconf 90' lang='lat' dir='ltr'>H.</span> 
     </span>
    </p>
   </div>
   <div class='ocr_carea' id='block_1_8' title="bbox 90 2676 922 2849">
    <p class='ocr_par' dir='ltr' id='par_1_39' title="bbox 93 2676 546 2712">
     <span class='ocr_line' id='line_1_61' title="bbox 93 2676 546 2712; baseline 0.002 -9"><span class='ocrx_word' id='word_1_296' title='bbox 93 2676 227 2703; x_wconf 82' lang='lat' dir='ltr'>Heresis</span> <span class='ocrx_word' id='word_1_297' title='bbox 240 2676 314 2711; x_wconf 90' lang='lat' dir='ltr'>quid</span> <span class='ocrx_word' id='word_1_298' title='bbox 335 2681 379 2704; x_wconf 87' lang='lat' dir='ltr'>est</span> <span class='ocrx_word' id='word_1_299' title='bbox 400 2676 462 2712; x_wconf 77' lang='lat'>168,</span> <span class='ocrx_word' id='word_1_300' title='bbox 483 2677 546 2711; x_wconf 83' lang='lat'>169.</span> 
     </span>
    </p>

    <p class='ocr_par' dir='ltr' id='par_1_40' title="bbox 91 2710 922 2780">
     <span class='ocr_line' id='line_1_62' title="bbox 91 2710 922 2746; baseline 0 -8"><span class='ocrx_word' id='word_1_301' title='bbox 91 2725 126 2730; x_wconf 94' lang='lat'>—·</span> <span class='ocrx_word' id='word_1_302' title='bbox 147 2716 207 2738; x_wconf 85' lang='lat' dir='ltr'>stat</span> <span class='ocrx_word' id='word_1_303' title='bbox 225 2711 256 2738; x_wconf 91' lang='lat' dir='ltr'>in</span> <span class='ocrx_word' id='word_1_304' title='bbox 277 2718 381 2738; x_wconf 86' lang='lat' dir='ltr'>errore</span> <span class='ocrx_word' id='word_1_305' title='bbox 399 2711 471 2745; x_wconf 84' lang='lat' dir='ltr'>vite,</span> <span class='ocrx_word' id='word_1_306' title='bbox 492 2719 554 2746; x_wconf 91' lang='lat' dir='ltr'>quo</span> <span class='ocrx_word' id='word_1_307' title='bbox 576 2710 752 2738; x_wconf 89' lang='lat' dir='ltr'>sacerdotes</span> <span class='ocrx_word' id='word_1_308' title='bbox 767 2710 922 2738; x_wconf 86' lang='lat' dir='ltr'>declinant</span> 
     </span>
     <span class='ocr_line' id='line_1_63' title="bbox 145 2745 600 2780; baseline 0.002 -8"><span class='ocrx_word' id='word_1_309' title='bbox 145 2746 182 2773; x_wconf 92' lang='lat' dir='ltr'>ab</span> <span class='ocrx_word' id='word_1_310' title='bbox 202 2745 380 2773; x_wconf 88' lang='lat' dir='ltr'>imitacione</span> <span class='ocrx_word' id='word_1_311' title='bbox 401 2746 519 2773; x_wconf 89' lang='lat' dir='ltr'>Christi</span> <span class='ocrx_word' id='word_1_312' title='bbox 541 2753 600 2780; x_wconf 87' lang='lat'>129.</span> 
     </span>
    </p>

    <p class='ocr_par' dir='ltr' id='par_1_41' title="bbox 90 2780 921 2849">
     <span class='ocr_line' id='line_1_64' title="bbox 90 2780 921 2842; baseline 0 -35"><span class='ocrx_word' id='word_1_313' title='bbox 90 2794 123 2799; x_wconf 89' lang='lat'>—</span> <span class='ocrx_word' id='word_1_314' title='bbox 145 2780 190 2841; x_wconf 55' lang='lat' dir='ltr'>{ie</span> <span class='ocrx_word' id='word_1_315' title='bbox 217 2780 364 2842; x_wconf 51' lang='lat' dir='ltr'>ggadibus</span> <span class='ocrx_word' id='word_1_316' title='bbox 391 2780 575 2816; x_wconf 83' lang='lat' dir='ltr'>dignitatum</span> <span class='ocrx_word' id='word_1_317' title='bbox 606 2780 731 2807; x_wconf 85' lang='lat' dir='ltr'>ecclesie</span> <span class='ocrx_word' id='word_1_318' title='bbox 761 2780 921 2807; x_wconf 85' lang='lat' dir='ltr'>militantis</span> 
     </span>
     <span class='ocr_line' id='line_1_65' title="bbox 165 2822 292 2849; baseline 0 -8"><span class='ocrx_word' id='word_1_319' title='bbox 165 2822 231 2849; x_wconf 87' lang='lat'>19—</span> <span class='ocrx_word' id='word_1_320' title='bbox 251 2822 292 2841; x_wconf 88' lang='lat'>21.</span> 
     </span>
    </p>
   </div>
   <div class='ocr_carea' id='block_1_9' title="bbox 1726 219 1805 256">
    <p class='ocr_par' dir='ltr' id='par_1_42' title="bbox 1726 219 1805 256">
     <span class='ocr_line' id='line_1_66' title="bbox 1726 219 1805 256; baseline 0 0"><span class='ocrx_word' id='word_1_321' title='bbox 1726 219 1805 256; x_wconf 78' lang='lat'>343</span> 
     </span>
    </p>
   </div>
   <div class='ocr_carea' id='block_1_10' title="bbox 981 315 1814 1184">
    <p class='ocr_par' dir='ltr' id='par_1_43' title="bbox 982 315 1358 344">
     <span class='ocr_line' id='line_1_67' title="bbox 982 315 1358 344; baseline -0.003 0"><span class='ocrx_word' id='word_1_322' title='bbox 982 317 1025 344; x_wconf 90' lang='lat' dir='ltr'>De</span> <span class='ocrx_word' id='word_1_323' title='bbox 1045 316 1144 344; x_wconf 89' lang='lat' dir='ltr'>heresi</span> <span class='ocrx_word' id='word_1_324' title='bbox 1164 316 1280 344; x_wconf 86' lang='lat' dir='ltr'>Ariana</span> <span class='ocrx_word' id='word_1_325' title='bbox 1300 315 1358 344; x_wconf 78' lang='lat'>318.</span> 
     </span>
    </p>

    <p class='ocr_par' dir='ltr' id='par_1_44' title="bbox 981 351 1810 425">
     <span class='ocr_line' id='line_1_68' title="bbox 981 351 1810 386; baseline 0.002 -8"><span class='ocrx_word' id='word_1_326' title='bbox 981 351 1052 379; x_wconf 92' lang='lat' dir='ltr'>Non</span> <span class='ocrx_word' id='word_1_327' title='bbox 1081 356 1124 379; x_wconf 88' lang='lat' dir='ltr'>est</span> <span class='ocrx_word' id='word_1_328' title='bbox 1155 351 1303 386; x_wconf 85' lang='lat' dir='ltr'>possibile</span> <span class='ocrx_word' id='word_1_329' title='bbox 1334 359 1522 386; x_wconf 85' lang='lat' dir='ltr'>quemquam</span> <span class='ocrx_word' id='word_1_330' title='bbox 1554 360 1620 379; x_wconf 88' lang='lat' dir='ltr'>esse</span> <span class='ocrx_word' id='word_1_331' title='bbox 1640 352 1810 381; x_wconf 88' lang='lat' dir='ltr'>hereticum</span> 
     </span>
     <span class='ocr_line' id='line_1_69' title="bbox 1033 386 1810 425; baseline 0.003 -12"><span class='ocrx_word' id='word_1_332' title='bbox 1033 386 1150 425; x_wconf 38' lang='lat' dir='ltr'>nisi-de</span> <span class='ocrx_word' id='word_1_333' title='bbox 1176 390 1291 420; x_wconf 90' lang='lat' dir='ltr'>quanto</span> <span class='ocrx_word' id='word_1_334' title='bbox 1317 386 1409 413; x_wconf 87' lang='lat' dir='ltr'>fuerit</span> <span class='ocrx_word' id='word_1_335' title='bbox 1437 394 1521 413; x_wconf 86' lang='lat' dir='ltr'>sacre</span> <span class='ocrx_word' id='word_1_336' title='bbox 1554 387 1706 422; x_wconf 88' lang='lat' dir='ltr'>scripture</span> <span class='ocrx_word' id='word_1_337' title='bbox 1738 395 1810 415; x_wconf 90' lang='lat' dir='ltr'>con-</span> 
     </span>
    </p>

    <p class='ocr_par' dir='ltr' id='par_1_45' title="bbox 984 421 1663 490">
     <span class='ocr_line' id='line_1_70' title="bbox 984 421 1663 490; baseline 0.003 -7"><span class='ocrx_word' id='word_1_338' title='bbox 984 421 1215 490; x_wconf 40' lang='lat' dir='ltr'>Sigggriilessessiss</span> <span class='ocrx_word' id='word_1_339' title='bbox 1235 454 1265 482; x_wconf 89' lang='lat' dir='ltr'>in</span> <span class='ocrx_word' id='word_1_340' title='bbox 1286 455 1413 483; x_wconf 90' lang='lat' dir='ltr'>ecclesia</span> <span class='ocrx_word' id='word_1_341' title='bbox 1434 455 1584 483; x_wconf 88' lang='lat' dir='ltr'>militante</span> <span class='ocrx_word' id='word_1_342' title='bbox 1603 456 1663 485; x_wconf 88' lang='lat'>128.</span> 
     </span>
    </p>

    <p class='ocr_par' dir='ltr' id='par_1_46' title="bbox 983 490 1812 529">
     <span class='ocr_line' id='line_1_71' title="bbox 983 490 1812 529; baseline 0.002 -12"><span class='ocrx_word' id='word_1_343' title='bbox 983 490 1193 529; x_wconf 67' lang='lat' dir='ltr'>Hieronymus</span> <span class='ocrx_word' id='word_1_344' title='bbox 1225 490 1343 518; x_wconf 89' lang='lat' dir='ltr'>invehit</span> <span class='ocrx_word' id='word_1_345' title='bbox 1371 494 1477 518; x_wconf 90' lang='lat' dir='ltr'>contra</span> <span class='ocrx_word' id='word_1_346' title='bbox 1506 491 1674 519; x_wconf 86' lang='lat' dir='ltr'>modernos</span> <span class='ocrx_word' id='word_1_347' title='bbox 1711 491 1812 526; x_wconf 89' lang='lat' dir='ltr'>ponti-</span> 
     </span>
    </p>

    <p class='ocr_par' dir='ltr' id='par_1_47' title="bbox 984 526 1332 594">
     <span class='ocr_line' id='line_1_72' title="bbox 984 526 1332 594; baseline 0 -8"><span class='ocrx_word' id='word_1_348' title='bbox 984 526 1256 594; x_wconf 52' lang='grc' dir='ltr'>ῡεῄὴοὲξριίξέἰίῐειῐε</span> <span class='ocrx_word' id='word_1_349' title='bbox 1274 557 1332 587; x_wconf 80' lang='grc'>231.</span> 
     </span>
    </p>

    <p class='ocr_par' dir='ltr' id='par_1_48' title="bbox 985 594 1759 633">
     <span class='ocr_line' id='line_1_73' title="bbox 985 594 1759 633; baseline 0.003 -13"><span class='ocrx_word' id='word_1_350' title='bbox 985 594 1086 632; x_wconf 79' lang='lat' dir='ltr'>Homo</span> <span class='ocrx_word' id='word_1_351' title='bbox 1108 602 1233 633; x_wconf 81' lang='lat' dir='ltr'>peregre</span> <span class='ocrx_word' id='word_1_352' title='bbox 1253 594 1454 633; x_wconf 75' lang='lat' dir='ltr'>proficiscens</span> <span class='ocrx_word' id='word_1_353' title='bbox 1474 599 1519 622; x_wconf 91' lang='lat' dir='ltr'>est</span> <span class='ocrx_word' id='word_1_354' title='bbox 1539 594 1682 623; x_wconf 89' lang='lat' dir='ltr'>Christus</span> <span class='ocrx_word' id='word_1_355' title='bbox 1701 595 1759 624; x_wconf 85' lang='lat'><strong>255.</strong></span> 
     </span>
    </p>

    <p class='ocr_par' dir='ltr' id='par_1_49' title="bbox 985 628 1812 691">
     <span class='ocr_line' id='line_1_74' title="bbox 985 628 1812 691; baseline 0.004 -36"><span class='ocrx_word' id='word_1_356' title='bbox 985 628 1099 690; x_wconf 35' lang='lat' dir='ltr'>Onsslnia</span> <span class='ocrx_word' id='word_1_357' title='bbox 1112 628 1290 691; x_wconf 56' lang='lat' dir='ltr'>omqhwdua</span> <span class='ocrx_word' id='word_1_358' title='bbox 1323 630 1433 664; x_wconf 83' lang='lat' dir='ltr'>speciei</span> <span class='ocrx_word' id='word_1_359' title='bbox 1466 630 1600 658; x_wconf 87' lang='lat' dir='ltr'>humane</span> <span class='ocrx_word' id='word_1_360' title='bbox 1632 634 1702 658; x_wconf 89' lang='lat' dir='ltr'>sunt</span> <span class='ocrx_word' id='word_1_361' title='bbox 1732 638 1812 658; x_wconf 89' lang='lat' dir='ltr'>unus</span> 
     </span>
    </p>

    <p class='ocr_par' dir='ltr' id='par_1_50' title="bbox 984 671 1810 759">
     <span class='ocr_line' id='line_1_75' title="bbox 984 671 1810 759; baseline 0.005 -35"><span class='ocrx_word' id='word_1_362' title='bbox 984 697 1028 725; x_wconf 89' lang='lat' dir='ltr'>De</span> <span class='ocrx_word' id='word_1_363' title='bbox 1051 671 1166 759; x_wconf 49' lang='lat' dir='ltr'>gilgstig</span> <span class='ocrx_word' id='word_1_364' title='bbox 1184 685 1367 727; x_wconf 48' lang='lat' dir='ltr'>&#39;consecrata</span> <span class='ocrx_word' id='word_1_365' title='bbox 1395 698 1442 733; x_wconf 83' lang='lat'>28,</span> <span class='ocrx_word' id='word_1_366' title='bbox 1478 699 1627 735; x_wconf 84' lang='lat'>142—168,</span> <span class='ocrx_word' id='word_1_367' title='bbox 1662 699 1810 736; x_wconf 81' lang='lat'>168—178,</span> 
     </span>
    </p>

    <p class='ocr_par' dir='ltr' id='par_1_51' title="bbox 1118 740 1133 753">
     <span class='ocr_line' id='line_1_76' title="bbox 1118 740 1133 753; baseline 0 0"><span class='ocrx_word' id='word_1_368' title='bbox 1118 740 1133 753; x_wconf 60' lang='grc' dir='ltr'><strong><em>ἢ</em></strong></span> 
     </span>
    </p>

    <p class='ocr_par' dir='ltr' id='par_1_52' title="bbox 985 740 1809 803">
     <span class='ocr_line' id='line_1_77' title="bbox 985 740 1809 803; baseline 0.002 -9"><span class='ocrx_word' id='word_1_369' title='bbox 985 740 1270 795; x_wconf 47' lang='grc' dir='ltr'>Βειὴὲῗεέζῖὸηῐτε</span> <span class='ocrx_word' id='word_1_370' title='bbox 1285 765 1418 795; x_wconf 79' lang='lat' dir='ltr'>hostiam</span> <span class='ocrx_word' id='word_1_371' title='bbox 1434 773 1646 796; x_wconf 83' lang='lat' dir='ltr'>consecratam</span> <span class='ocrx_word' id='word_1_372' title='bbox 1659 768 1809 803; x_wconf 81' lang='lat'>142-168.</span> 
     </span>
    </p>

    <p class='ocr_par' dir='ltr' id='par_1_53' title="bbox 984 801 1813 863">
     <span class='ocr_line' id='line_1_78' title="bbox 984 801 1813 863; baseline 0.004 -35"><span class='ocrx_word' id='word_1_373' title='bbox 984 801 1094 863; x_wconf 51' lang='lat' dir='ltr'>Hosgia</span> <span class='ocrx_word' id='word_1_374' title='bbox 1109 807 1287 829; x_wconf 87' lang='lat' dir='ltr'>consecrata</span> <span class='ocrx_word' id='word_1_375' title='bbox 1300 802 1331 830; x_wconf 93' lang='lat' dir='ltr'>in</span> <span class='ocrx_word' id='word_1_376' title='bbox 1347 807 1455 830; x_wconf 84' lang='lat' dir='ltr'>natura</span> <span class='ocrx_word' id='word_1_377' title='bbox 1475 812 1530 830; x_wconf 80' lang='lat' dir='ltr'>sua</span> <span class='ocrx_word' id='word_1_378' title='bbox 1549 809 1595 831; x_wconf 88' lang='lat' dir='ltr'>est</span> <span class='ocrx_word' id='word_1_379' title='bbox 1614 812 1704 831; x_wconf 88' lang='lat' dir='ltr'>verus</span> <span class='ocrx_word' id='word_1_380' title='bbox 1724 804 1813 839; x_wconf 86' lang='lat' dir='ltr'>panis</span> 
     </span>
    </p>

    <p class='ocr_par' dir='ltr' id='par_1_54' title="bbox 984 845 1813 942">
     <span class='ocr_line' id='line_1_79' title="bbox 984 845 1813 908; baseline 0.002 -10"><span class='ocrx_word' id='word_1_381' title='bbox 984 845 1122 906; x_wconf 43' lang='lat' dir='ltr'>Negadt‘ur</span> <span class='ocrx_word' id='word_1_382' title='bbox 1140 876 1299 907; x_wconf 87' lang='lat' dir='ltr'>tamquam</span> <span class='ocrx_word' id='word_1_383' title='bbox 1326 872 1493 900; x_wconf 89' lang='lat' dir='ltr'>hereticum</span> <span class='ocrx_word' id='word_1_384' title='bbox 1514 872 1597 908; x_wconf 90' lang='lat' dir='ltr'>quod</span> <span class='ocrx_word' id='word_1_385' title='bbox 1624 872 1692 908; x_wconf 87' lang='lat' dir='ltr'>ipsa</span> <span class='ocrx_word' id='word_1_386' title='bbox 1712 873 1813 900; x_wconf 85' lang='lat' dir='ltr'>hostia</span> 
     </span>
     <span class='ocr_line' id='line_1_80' title="bbox 1037 906 1709 942; baseline 0.003 -9"><span class='ocrx_word' id='word_1_387' title='bbox 1037 906 1076 933; x_wconf 89' lang='lat' dir='ltr'>sit</span> <span class='ocrx_word' id='word_1_388' title='bbox 1094 913 1209 941; x_wconf 89' lang='lat' dir='ltr'>corpus</span> <span class='ocrx_word' id='word_1_389' title='bbox 1230 906 1345 934; x_wconf 88' lang='lat' dir='ltr'>Christi</span> <span class='ocrx_word' id='word_1_390' title='bbox 1366 907 1396 933; x_wconf 91' lang='lat' dir='ltr'>in</span> <span class='ocrx_word' id='word_1_391' title='bbox 1416 907 1517 934; x_wconf 89' lang='lat' dir='ltr'>forma</span> <span class='ocrx_word' id='word_1_392' title='bbox 1538 907 1627 942; x_wconf 86' lang='lat' dir='ltr'>panis</span> <span class='ocrx_word' id='word_1_393' title='bbox 1648 915 1709 940; x_wconf 84' lang='grc'>142.</span> 
     </span>
    </p>

    <p class='ocr_par' dir='ltr' id='par_1_55' title="bbox 986 939 1812 1009">
     <span class='ocr_line' id='line_1_81' title="bbox 986 939 1812 978; baseline 0.004 -11"><span class='ocrx_word' id='word_1_394' title='bbox 986 939 1199 968; x_wconf 86' lang='lat' dir='ltr'>Hereticorum</span> <span class='ocrx_word' id='word_1_395' title='bbox 1227 941 1312 968; x_wconf 87' lang='lat' dir='ltr'>ficcio</span> <span class='ocrx_word' id='word_1_396' title='bbox 1344 942 1427 977; x_wconf 92' lang='lat' dir='ltr'>quod</span> <span class='ocrx_word' id='word_1_397' title='bbox 1456 950 1518 969; x_wconf 92' lang='lat' dir='ltr'>non</span> <span class='ocrx_word' id='word_1_398' title='bbox 1551 942 1683 970; x_wconf 89' lang='lat' dir='ltr'>adorant</span> <span class='ocrx_word' id='word_1_399' title='bbox 1711 943 1812 978; x_wconf 87' lang='lat' dir='ltr'>ipsam</span> 
     </span>
     <span class='ocr_line' id='line_1_82' title="bbox 1038 974 1327 1009; baseline 0.003 -7"><span class='ocrx_word' id='word_1_400' title='bbox 1038 975 1170 1003; x_wconf 88' lang='lat' dir='ltr'>hostiam</span> <span class='ocrx_word' id='word_1_401' title='bbox 1193 974 1247 1009; x_wconf 83' lang='grc'>153,</span> <span class='ocrx_word' id='word_1_402' title='bbox 1269 976 1327 1009; x_wconf 87' lang='grc'>154.</span> 
     </span>
    </p>

    <p class='ocr_par' dir='ltr' id='par_1_56' title="bbox 987 1009 1709 1046">
     <span class='ocr_line' id='line_1_83' title="bbox 987 1009 1709 1046; baseline 0.004 -10"><span class='ocrx_word' id='word_1_403' title='bbox 987 1009 1096 1036; x_wconf 86' lang='lat' dir='ltr'>Hostia</span> <span class='ocrx_word' id='word_1_404' title='bbox 1116 1015 1162 1037; x_wconf 87' lang='lat' dir='ltr'>est</span> <span class='ocrx_word' id='word_1_405' title='bbox 1182 1018 1298 1045; x_wconf 88' lang='lat' dir='ltr'>corpus</span> <span class='ocrx_word' id='word_1_406' title='bbox 1320 1010 1436 1038; x_wconf 90' lang='lat' dir='ltr'>Christi</span> <span class='ocrx_word' id='word_1_407' title='bbox 1457 1011 1624 1046; x_wconf 86' lang='lat' dir='ltr'>figuraliter</span> <span class='ocrx_word' id='word_1_408' title='bbox 1644 1010 1709 1045; x_wconf 88' lang='grc'>234.</span> 
     </span>
    </p>

    <p class='ocr_par' dir='ltr' id='par_1_57' title="bbox 987 1044 1579 1079">
     <span class='ocr_line' id='line_1_84' title="bbox 987 1044 1579 1079; baseline 0.002 -8"><span class='ocrx_word' id='word_1_409' title='bbox 987 1044 1171 1079; x_wconf 81' lang='lat' dir='ltr'>Hypocrisis</span> <span class='ocrx_word' id='word_1_410' title='bbox 1191 1045 1305 1072; x_wconf 82' lang='lat' dir='ltr'>vicium</span> <span class='ocrx_word' id='word_1_411' title='bbox 1327 1046 1497 1073; x_wconf 89' lang='lat' dir='ltr'>maximum</span> <span class='ocrx_word' id='word_1_412' title='bbox 1519 1044 1579 1073; x_wconf 82' lang='lat'>232.</span> 
     </span>
    </p>

    <p class='ocr_par' dir='ltr' id='par_1_58' title="bbox 987 1078 1814 1149">
     <span class='ocr_line' id='line_1_85' title="bbox 987 1078 1814 1117; baseline 0.004 -12"><span class='ocrx_word' id='word_1_413' title='bbox 987 1078 1175 1114; x_wconf 87' lang='lat' dir='ltr'>Hypocritae</span> <span class='ocrx_word' id='word_1_414' title='bbox 1212 1080 1242 1106; x_wconf 94' lang='lat' dir='ltr'>in</span> <span class='ocrx_word' id='word_1_415' title='bbox 1275 1080 1389 1114; x_wconf 85' lang='lat' dir='ltr'>Anglia</span> <span class='ocrx_word' id='word_1_416' title='bbox 1424 1088 1577 1115; x_wconf 89' lang='lat' dir='ltr'>pauperes</span> <span class='ocrx_word' id='word_1_417' title='bbox 1616 1081 1814 1117; x_wconf 86' lang='lat' dir='ltr'>presbyteros</span> 
     </span>
     <span class='ocr_line' id='line_1_86' title="bbox 1039 1115 1329 1149; baseline 0.003 -9"><span class='ocrx_word' id='word_1_418' title='bbox 1039 1118 1265 1149; x_wconf 85' lang='lat' dir='ltr'>persequuntur</span> <span class='ocrx_word' id='word_1_419' title='bbox 1287 1115 1329 1141; x_wconf 80' lang='lat'>61.</span> 
     </span>
    </p>

    <p class='ocr_par' dir='ltr' id='par_1_59' title="bbox 987 1148 1442 1184">
     <span class='ocr_line' id='line_1_87' title="bbox 987 1148 1442 1184; baseline 0.004 -9"><span class='ocrx_word' id='word_1_420' title='bbox 987 1148 1102 1176; x_wconf 90' lang='lat' dir='ltr'>Contra</span> <span class='ocrx_word' id='word_1_421' title='bbox 1123 1149 1303 1184; x_wconf 86' lang='lat' dir='ltr'>hypocritas</span> <span class='ocrx_word' id='word_1_422' title='bbox 1321 1148 1442 1177; x_wconf 82' lang='lat'>58-60.</span> 
     </span>
    </p>
   </div>
   <div class='ocr_carea' id='block_1_11' title="bbox 1385 1257 1414 1287">
    <p class='ocr_par' dir='ltr' id='par_1_60' title="bbox 1385 1257 1414 1287">
     <span class='ocr_line' id='line_1_88' title="bbox 1385 1257 1414 1287; baseline 0 0"><span class='ocrx_word' id='word_1_423' title='bbox 1385 1257 1414 1287; x_wconf 89' lang='lat'>1.</span> 
     </span>
    </p>
   </div>
   <div class='ocr_carea' id='block_1_12' title="bbox 987 1321 1818 1948">
    <p class='ocr_par' dir='ltr' id='par_1_61' title="bbox 987 1321 1467 1350">
     <span class='ocr_line' id='line_1_89' title="bbox 987 1321 1467 1350; baseline 0.002 -1"><span class='ocrx_word' id='word_1_424' title='bbox 987 1323 1031 1350; x_wconf 84' lang='lat' dir='ltr'>De</span> <span class='ocrx_word' id='word_1_425' title='bbox 1050 1322 1296 1350; x_wconf 89' lang='lat' dir='ltr'>identificacione</span> <span class='ocrx_word' id='word_1_426' title='bbox 1319 1321 1467 1350; x_wconf 76' lang='lat'>156—160.</span> 
     </span>
    </p>

    <p class='ocr_par' dir='ltr' id='par_1_62' title="bbox 989 1356 1726 1392">
     <span class='ocr_line' id='line_1_90' title="bbox 989 1356 1726 1392; baseline 0.004 -9"><span class='ocrx_word' id='word_1_427' title='bbox 989 1358 1057 1392; x_wconf 89' lang='lat' dir='ltr'>Que</span> <span class='ocrx_word' id='word_1_428' title='bbox 1075 1357 1164 1384; x_wconf 69' lang='lat' dir='ltr'>,lesus</span> <span class='ocrx_word' id='word_1_429' title='bbox 1185 1358 1249 1384; x_wconf 91' lang='lat' dir='ltr'>vult</span> <span class='ocrx_word' id='word_1_430' title='bbox 1268 1357 1407 1384; x_wconf 88' lang='lat' dir='ltr'>membra</span> <span class='ocrx_word' id='word_1_431' title='bbox 1428 1365 1482 1384; x_wconf 91' lang='lat' dir='ltr'>sua</span> <span class='ocrx_word' id='word_1_432' title='bbox 1501 1356 1646 1392; x_wconf 84' lang='lat' dir='ltr'>ignorare</span> <span class='ocrx_word' id='word_1_433' title='bbox 1665 1357 1726 1386; x_wconf 82' lang='lat'>216.</span> 
     </span>
    </p>

    <p class='ocr_par' dir='ltr' id='par_1_63' title="bbox 987 1391 1814 1428">
     <span class='ocr_line' id='line_1_91' title="bbox 987 1391 1814 1428; baseline 0 -9"><span class='ocrx_word' id='word_1_434' title='bbox 987 1391 1194 1426; x_wconf 73' lang='lat' dir='ltr'>Indulgenciis</span> <span class='ocrx_word' id='word_1_435' title='bbox 1216 1392 1378 1427; x_wconf 88' lang='lat' dir='ltr'>papalibus</span> <span class='ocrx_word' id='word_1_436' title='bbox 1399 1400 1460 1419; x_wconf 91' lang='lat' dir='ltr'>non</span> <span class='ocrx_word' id='word_1_437' title='bbox 1481 1392 1645 1420; x_wconf 83' lang='lat' dir='ltr'>credamus</span> <span class='ocrx_word' id='word_1_438' title='bbox 1666 1400 1729 1428; x_wconf 82' lang='lat'>194,</span> <span class='ocrx_word' id='word_1_439' title='bbox 1751 1392 1814 1427; x_wconf 88' lang='lat'>198.</span> 
     </span>
    </p>

    <p class='ocr_par' dir='ltr' id='par_1_64' title="bbox 990 1425 1605 1466">
     <span class='ocr_line' id='line_1_92' title="bbox 990 1425 1605 1466; baseline 0.003 -13"><span class='ocrx_word' id='word_1_440' title='bbox 990 1427 1032 1454; x_wconf 88' lang='lat' dir='ltr'>De</span> <span class='ocrx_word' id='word_1_441' title='bbox 1052 1426 1279 1466; x_wconf 88' lang='lat' dir='ltr'>preeminencia</span> <span class='ocrx_word' id='word_1_442' title='bbox 1298 1426 1448 1454; x_wconf 86' lang='lat' dir='ltr'>Johannis</span> <span class='ocrx_word' id='word_1_443' title='bbox 1467 1426 1523 1455; x_wconf 85' lang='lat' dir='ltr'>Ev.</span> <span class='ocrx_word' id='word_1_444' title='bbox 1545 1425 1605 1455; x_wconf 83' lang='lat'>333.</span> 
     </span>
    </p>

    <p class='ocr_par' dir='ltr' id='par_1_65' title="bbox 988 1459 1493 1496">
     <span class='ocr_line' id='line_1_93' title="bbox 988 1459 1493 1496; baseline -0.004 -6"><span class='ocrx_word' id='word_1_445' title='bbox 988 1463 1035 1490; x_wconf 91' lang='lat' dir='ltr'>Ira</span> <span class='ocrx_word' id='word_1_446' title='bbox 1054 1465 1134 1488; x_wconf 82' lang='lat' dir='ltr'>iusta</span> <span class='ocrx_word' id='word_1_447' title='bbox 1154 1465 1200 1488; x_wconf 87' lang='lat' dir='ltr'>est</span> <span class='ocrx_word' id='word_1_448' title='bbox 1219 1461 1417 1496; x_wconf 84' lang='lat' dir='ltr'>indulgencia</span> <span class='ocrx_word' id='word_1_449' title='bbox 1436 1459 1493 1489; x_wconf 85' lang='lat'>231.</span> 
     </span>
    </p>

    <p class='ocr_par' dir='ltr' id='par_1_66' title="bbox 990 1493 1533 1530">
     <span class='ocr_line' id='line_1_94' title="bbox 990 1493 1533 1530; baseline -0.002 -7"><span class='ocrx_word' id='word_1_450' title='bbox 990 1496 1032 1523; x_wconf 88' lang='lat' dir='ltr'>De</span> <span class='ocrx_word' id='word_1_451' title='bbox 1051 1496 1132 1523; x_wconf 92' lang='lat' dir='ltr'>finali</span> <span class='ocrx_word' id='word_1_452' title='bbox 1152 1495 1268 1523; x_wconf 90' lang='lat' dir='ltr'>iudicio</span> <span class='ocrx_word' id='word_1_453' title='bbox 1287 1503 1356 1530; x_wconf 75' lang='lat'><strong>249,</strong></span> <span class='ocrx_word' id='word_1_454' title='bbox 1377 1493 1533 1524; x_wconf 74' lang='lat'><strong>280—283.</strong></span> 
     </span>
    </p>

    <p class='ocr_par' dir='ltr' id='par_1_67' title="bbox 988 1529 1815 1593">
     <span class='ocr_line' id='line_1_95' title="bbox 988 1529 1815 1593; baseline 0.001 -35"><span class='ocrx_word' id='word_1_455' title='bbox 988 1532 1021 1558; x_wconf 91' lang='lat' dir='ltr'>ln</span> <span class='ocrx_word' id='word_1_456' title='bbox 1042 1531 1090 1593; x_wconf 58' lang='lat' dir='ltr'>d5i53:</span> <span class='ocrx_word' id='word_1_457' title='bbox 1108 1529 1213 1558; x_wconf 90' lang='lat' dir='ltr'>iudicii</span> <span class='ocrx_word' id='word_1_458' title='bbox 1246 1538 1308 1558; x_wconf 91' lang='lat' dir='ltr'>non</span> <span class='ocrx_word' id='word_1_459' title='bbox 1335 1530 1480 1558; x_wconf 90' lang='lat' dir='ltr'>valebunt</span> <span class='ocrx_word' id='word_1_460' title='bbox 1500 1539 1614 1566; x_wconf 90' lang='lat' dir='ltr'>pompe</span> <span class='ocrx_word' id='word_1_461' title='bbox 1633 1531 1815 1559; x_wconf 89' lang='lat' dir='ltr'>Antichristi</span> 
     </span>
     <span class='ocr_line' id='line_1_96' title="bbox 1040 1573 1098 1593; baseline 0.017 -1"><span class='ocrx_word' id='word_1_462' title='bbox 1040 1573 1054 1592; x_wconf 92' lang='lat'>2</span> <span class='ocrx_word' id='word_1_463' title='bbox 1091 1586 1098 1593; x_wconf 95' lang='lat'>.</span> 
     </span>
    </p>

    <p class='ocr_par' dir='ltr' id='par_1_68' title="bbox 988 1598 1817 1698">
     <span class='ocr_line' id='line_1_97' title="bbox 988 1598 1817 1638; baseline 0 -10"><span class='ocrx_word' id='word_1_464' title='bbox 988 1601 1087 1635; x_wconf 88' lang='lat' dir='ltr'>Prope</span> <span class='ocrx_word' id='word_1_465' title='bbox 1107 1599 1188 1627; x_wconf 90' lang='lat' dir='ltr'>diem</span> <span class='ocrx_word' id='word_1_466' title='bbox 1211 1598 1316 1627; x_wconf 88' lang='lat' dir='ltr'>iudicii</span> <span class='ocrx_word' id='word_1_467' title='bbox 1330 1599 1384 1638; x_wconf 77' lang='lat' dir='ltr'>illi,</span> <span class='ocrx_word' id='word_1_468' title='bbox 1406 1600 1458 1635; x_wconf 92' lang='lat' dir='ltr'>qui</span> <span class='ocrx_word' id='word_1_469' title='bbox 1473 1599 1565 1635; x_wconf 84' lang='lat' dir='ltr'>digne</span> <span class='ocrx_word' id='word_1_470' title='bbox 1584 1600 1701 1636; x_wconf 89' lang='lat' dir='ltr'>populo</span> <span class='ocrx_word' id='word_1_471' title='bbox 1722 1601 1817 1629; x_wconf 88' lang='lat' dir='ltr'>locuti</span> 
     </span>
     <span class='ocr_line' id='line_1_98' title="bbox 1041 1634 1817 1698; baseline 0.003 -37"><span class='ocrx_word' id='word_1_472' title='bbox 1041 1639 1113 1696; x_wconf 54' lang='lat' dir='ltr'>gunt</span> <span class='ocrx_word' id='word_1_473' title='bbox 1142 1634 1272 1698; x_wconf 54' lang='lat' dir='ltr'>vggbum</span> <span class='ocrx_word' id='word_1_474' title='bbox 1297 1634 1364 1669; x_wconf 81' lang='lat' dir='ltr'>Dei,</span> <span class='ocrx_word' id='word_1_475' title='bbox 1402 1639 1492 1663; x_wconf 88' lang='lat' dir='ltr'>erunt</span> <span class='ocrx_word' id='word_1_476' title='bbox 1522 1643 1559 1662; x_wconf 87' lang='lat' dir='ltr'>ex</span> <span class='ocrx_word' id='word_1_477' title='bbox 1584 1635 1686 1663; x_wconf 87' lang='lat' dir='ltr'>officio</span> <span class='ocrx_word' id='word_1_478' title='bbox 1720 1643 1817 1663; x_wconf 89' lang='lat' dir='ltr'>sacer-</span> 
     </span>
    </p>

    <p class='ocr_par' dir='ltr' id='par_1_69' title="bbox 1063 1674 1206 1696">
     <span class='ocr_line' id='line_1_99' title="bbox 1063 1674 1206 1696; baseline 0 0"><span class='ocrx_word' id='word_1_479' title='bbox 1063 1674 1128 1696; x_wconf 88' lang='lat' dir='ltr'>otes</span> <span class='ocrx_word' id='word_1_480' title='bbox 1146 1677 1162 1696; x_wconf 83' lang='lat'>2</span> <span class='ocrx_word' id='word_1_481' title='bbox 1200 1690 1206 1696; x_wconf 90' lang='lat'>.</span> 
     </span>
    </p>

    <p class='ocr_par' dir='ltr' id='par_1_70' title="bbox 988 1703 1818 1773">
     <span class='ocr_line' id='line_1_100' title="bbox 988 1703 1818 1739; baseline 0.001 -8"><span class='ocrx_word' id='word_1_482' title='bbox 988 1705 1151 1739; x_wconf 84' lang='lat' dir='ltr'>Inopinate</span> <span class='ocrx_word' id='word_1_483' title='bbox 1182 1703 1318 1731; x_wconf 89' lang='lat' dir='ltr'>succedit</span> <span class='ocrx_word' id='word_1_484' title='bbox 1348 1703 1413 1731; x_wconf 91' lang='lat' dir='ltr'>dies</span> <span class='ocrx_word' id='word_1_485' title='bbox 1445 1704 1562 1736; x_wconf 90' lang='lat' dir='ltr'>iudicii,</span> <span class='ocrx_word' id='word_1_486' title='bbox 1595 1704 1674 1733; x_wconf 87' lang='lat' dir='ltr'>sicut</span> <span class='ocrx_word' id='word_1_487' title='bbox 1704 1705 1762 1733; x_wconf 88' lang='lat' dir='ltr'>fuit</span> <span class='ocrx_word' id='word_1_488' title='bbox 1781 1704 1818 1732; x_wconf 89' lang='lat' dir='ltr'>de</span> 
     </span>
     <span class='ocr_line' id='line_1_101' title="bbox 1041 1738 1378 1773; baseline -0.003 -7"><span class='ocrx_word' id='word_1_489' title='bbox 1041 1739 1173 1766; x_wconf 88' lang='lat' dir='ltr'>adventu</span> <span class='ocrx_word' id='word_1_490' title='bbox 1193 1738 1299 1766; x_wconf 91' lang='lat' dir='ltr'>diluvii</span> <span class='ocrx_word' id='word_1_491' title='bbox 1320 1746 1378 1773; x_wconf 90' lang='lat'>217.</span> 
     </span>
    </p>

    <p class='ocr_par' dir='ltr' id='par_1_71' title="bbox 990 1772 1628 1808">
     <span class='ocr_line' id='line_1_102' title="bbox 990 1772 1628 1808; baseline 0.002 -8"><span class='ocrx_word' id='word_1_492' title='bbox 990 1774 1097 1801; x_wconf 91' lang='lat' dir='ltr'>Iudicii</span> <span class='ocrx_word' id='word_1_493' title='bbox 1120 1773 1272 1800; x_wconf 84' lang='lat' dir='ltr'>rectitudo</span> <span class='ocrx_word' id='word_1_494' title='bbox 1292 1773 1322 1800; x_wconf 89' lang='lat' dir='ltr'>in</span> <span class='ocrx_word' id='word_1_495' title='bbox 1344 1781 1404 1808; x_wconf 92' lang='lat' dir='ltr'>quo</span> <span class='ocrx_word' id='word_1_496' title='bbox 1425 1773 1567 1801; x_wconf 90' lang='lat' dir='ltr'>consistit</span> <span class='ocrx_word' id='word_1_497' title='bbox 1585 1772 1628 1801; x_wconf 83' lang='lat'>53.</span> 
     </span>
    </p>

    <p class='ocr_par' dir='ltr' id='par_1_72' title="bbox 990 1808 1817 1879">
     <span class='ocr_line' id='line_1_103' title="bbox 990 1808 1817 1845; baseline 0.001 -10"><span class='ocrx_word' id='word_1_498' title='bbox 990 1809 1205 1844; x_wconf 82' lang='lat' dir='ltr'>Dampnantur</span> <span class='ocrx_word' id='word_1_499' title='bbox 1224 1808 1275 1843; x_wconf 88' lang='lat' dir='ltr'>qui</span> <span class='ocrx_word' id='word_1_500' title='bbox 1292 1809 1360 1843; x_wconf 89' lang='lat' dir='ltr'>plus</span> <span class='ocrx_word' id='word_1_501' title='bbox 1374 1812 1504 1836; x_wconf 88' lang='lat' dir='ltr'>tractant</span> <span class='ocrx_word' id='word_1_502' title='bbox 1523 1809 1590 1836; x_wconf 86' lang='lat' dir='ltr'>iura</span> <span class='ocrx_word' id='word_1_503' title='bbox 1604 1808 1704 1836; x_wconf 86' lang='lat' dir='ltr'>civilia</span> <span class='ocrx_word' id='word_1_504' title='bbox 1727 1813 1817 1845; x_wconf 86' lang='lat' dir='ltr'>atque</span> 
     </span>
     <span class='ocr_line' id='line_1_104' title="bbox 1042 1842 1585 1879; baseline 0.002 -9"><span class='ocrx_word' id='word_1_505' title='bbox 1042 1843 1192 1870; x_wconf 88' lang='lat' dir='ltr'>canonica</span> <span class='ocrx_word' id='word_1_506' title='bbox 1211 1851 1304 1878; x_wconf 86' lang='lat' dir='ltr'>quam</span> <span class='ocrx_word' id='word_1_507' title='bbox 1325 1842 1373 1869; x_wconf 93' lang='lat' dir='ltr'>ius</span> <span class='ocrx_word' id='word_1_508' title='bbox 1393 1842 1506 1871; x_wconf 86' lang='lat' dir='ltr'>Christi</span> <span class='ocrx_word' id='word_1_509' title='bbox 1527 1851 1585 1879; x_wconf 87' lang='lat'>271.</span> 
     </span>
    </p>

    <p class='ocr_par' dir='ltr' id='par_1_73' title="bbox 992 1877 1738 1913">
     <span class='ocr_line' id='line_1_105' title="bbox 992 1877 1738 1913; baseline 0.003 -9"><span class='ocrx_word' id='word_1_510' title='bbox 992 1877 1126 1913; x_wconf 87' lang='lat' dir='ltr'>Quando</span> <span class='ocrx_word' id='word_1_511' title='bbox 1146 1881 1175 1904; x_wconf 92' lang='lat' dir='ltr'>et</span> <span class='ocrx_word' id='word_1_512' title='bbox 1193 1877 1324 1912; x_wconf 88' lang='lat' dir='ltr'>qualiter</span> <span class='ocrx_word' id='word_1_513' title='bbox 1343 1881 1389 1905; x_wconf 90' lang='lat' dir='ltr'>est</span> <span class='ocrx_word' id='word_1_514' title='bbox 1407 1877 1573 1905; x_wconf 89' lang='lat' dir='ltr'>iurandum</span> <span class='ocrx_word' id='word_1_515' title='bbox 1594 1877 1738 1906; x_wconf 86' lang='grc'>212-213.</span> 
     </span>
    </p>

    <p class='ocr_par' dir='ltr' id='par_1_74' title="bbox 991 1911 1816 1948">
     <span class='ocr_line' id='line_1_106' title="bbox 991 1911 1816 1948; baseline -0.002 -7"><span class='ocrx_word' id='word_1_516' title='bbox 991 1913 1127 1941; x_wconf 76' lang='lat' dir='ltr'>iniustus</span> <span class='ocrx_word' id='word_1_517' title='bbox 1153 1911 1267 1939; x_wconf 85' lang='lat' dir='ltr'>iniuste</span> <span class='ocrx_word' id='word_1_518' title='bbox 1298 1916 1430 1947; x_wconf 90' lang='lat' dir='ltr'>occupat</span> <span class='ocrx_word' id='word_1_519' title='bbox 1456 1912 1607 1948; x_wconf 88' lang='lat' dir='ltr'>quidquid</span> <span class='ocrx_word' id='word_1_520' title='bbox 1640 1912 1732 1941; x_wconf 91' lang='lat' dir='ltr'>habet</span> <span class='ocrx_word' id='word_1_521' title='bbox 1751 1915 1816 1948; x_wconf 82' lang='lat'>270.</span> 
     </span>
    </p>
   </div>
   <div class='ocr_carea' id='block_1_13' title="bbox 1372 2033 1416 2063">
    <p class='ocr_par' dir='ltr' id='par_1_75' title="bbox 1372 2033 1416 2063">
     <span class='ocr_line' id='line_1_107' title="bbox 1372 2033 1416 2063; baseline 0.023 -1"><span class='ocrx_word' id='word_1_522' title='bbox 1372 2033 1416 2063; x_wconf 87' lang='lat' dir='ltr'>L.</span> 
     </span>
    </p>
   </div>
   <div class='ocr_carea' id='block_1_14' title="bbox 991 2098 1818 2375">
    <p class='ocr_par' dir='ltr' id='par_1_76' title="bbox 992 2098 1815 2137">
     <span class='ocr_line' id='line_1_108' title="bbox 992 2098 1815 2137; baseline 0.001 -12"><span class='ocrx_word' id='word_1_523' title='bbox 992 2098 1073 2137; x_wconf 35' lang='lat' dir='ltr'>Lai—ci</span> <span class='ocrx_word' id='word_1_524' title='bbox 1095 2098 1206 2137; x_wconf 78' lang='lat' dir='ltr'>debent</span> <span class='ocrx_word' id='word_1_525' title='bbox 1235 2098 1272 2125; x_wconf 89' lang='lat' dir='ltr'>de</span> <span class='ocrx_word' id='word_1_526' title='bbox 1302 2098 1363 2125; x_wconf 84' lang='lat' dir='ltr'>vita</span> <span class='ocrx_word' id='word_1_527' title='bbox 1400 2102 1429 2126; x_wconf 87' lang='lat' dir='ltr'>et</span> <span class='ocrx_word' id='word_1_528' title='bbox 1461 2098 1611 2134; x_wconf 81' lang='lat' dir='ltr'>operibus</span> <span class='ocrx_word' id='word_1_529' title='bbox 1644 2099 1815 2135; x_wconf 87' lang='lat' dir='ltr'>presbyteri</span> 
     </span>
    </p>

    <p class='ocr_par' dir='ltr' id='par_1_77' title="bbox 992 2132 1817 2237">
     <span class='ocr_line' id='line_1_109' title="bbox 992 2132 1817 2195; baseline 0 0"><span class='ocrx_word' id='word_1_530' title='bbox 992 2133 1183 2195; x_wconf 52' lang='lat' dir='ltr'>Leiiughciisii</span> <span class='ocrx_word' id='word_1_531' title='bbox 1199 2132 1248 2194; x_wconf 76' lang='lat' dir='ltr'>8est</span> <span class='ocrx_word' id='word_1_532' title='bbox 1269 2167 1350 2194; x_wconf 84' lang='lat' dir='ltr'>basis</span> <span class='ocrx_word' id='word_1_533' title='bbox 1365 2167 1505 2195; x_wconf 88' lang='lat' dir='ltr'>fidelibus</span> <span class='ocrx_word' id='word_1_534' title='bbox 1526 2167 1563 2195; x_wconf 88' lang='lat' dir='ltr'>ad</span> <span class='ocrx_word' id='word_1_535' title='bbox 1578 2167 1817 2195; x_wconf 86' lang='lat' dir='ltr'>discernendum</span> 
     </span>
     <span class='ocr_line' id='line_1_110' title="bbox 1043 2201 1522 2237; baseline 0.002 -8"><span class='ocrx_word' id='word_1_536' title='bbox 1043 2202 1203 2237; x_wconf 92' lang='lat' dir='ltr'>quomodo</span> <span class='ocrx_word' id='word_1_537' title='bbox 1223 2202 1333 2229; x_wconf 87' lang='lat' dir='ltr'>debent</span> <span class='ocrx_word' id='word_1_538' title='bbox 1354 2202 1455 2229; x_wconf 89' lang='lat' dir='ltr'>vivere</span> <span class='ocrx_word' id='word_1_539' title='bbox 1475 2201 1522 2236; x_wconf 83' lang='lat'>39.</span> 
     </span>
    </p>

    <p class='ocr_par' dir='ltr' id='par_1_78' title="bbox 994 2234 1724 2272">
     <span class='ocr_line' id='line_1_111' title="bbox 994 2234 1724 2272; baseline 0.001 -9"><span class='ocrx_word' id='word_1_540' title='bbox 994 2236 1087 2271; x_wconf 84' lang='lat' dir='ltr'>Leges</span> <span class='ocrx_word' id='word_1_541' title='bbox 1106 2236 1291 2264; x_wconf 88' lang='lat' dir='ltr'>Antichristi</span> <span class='ocrx_word' id='word_1_542' title='bbox 1312 2236 1452 2264; x_wconf 87' lang='lat' dir='ltr'>inficiunt</span> <span class='ocrx_word' id='word_1_543' title='bbox 1472 2236 1658 2272; x_wconf 88' lang='lat' dir='ltr'>scripturam</span> <span class='ocrx_word' id='word_1_544' title='bbox 1679 2234 1724 2264; x_wconf 86' lang='lat'>38.</span> 
     </span>
    </p>

    <p class='ocr_par' dir='ltr' id='par_1_79' title="bbox 991 2271 1818 2332">
     <span class='ocr_line' id='line_1_112' title="bbox 991 2271 1818 2332; baseline 0.001 -34"><span class='ocrx_word' id='word_1_545' title='bbox 991 2272 1024 2298; x_wconf 94' lang='lat' dir='ltr'>In</span> <span class='ocrx_word' id='word_1_546' title='bbox 1052 2273 1127 2310; x_wconf 42' lang='lat' dir='ltr'>lege·</span> <span class='ocrx_word' id='word_1_547' title='bbox 1145 2271 1246 2332; x_wconf 64' lang='lat' dir='ltr'>gragie</span> <span class='ocrx_word' id='word_1_548' title='bbox 1277 2277 1348 2298; x_wconf 90' lang='lat' dir='ltr'>sunt</span> <span class='ocrx_word' id='word_1_549' title='bbox 1385 2271 1504 2306; x_wconf 89' lang='lat' dir='ltr'>peiores</span> <span class='ocrx_word' id='word_1_550' title='bbox 1536 2280 1626 2307; x_wconf 85' lang='lat' dir='ltr'>papa,</span> <span class='ocrx_word' id='word_1_551' title='bbox 1665 2271 1818 2307; x_wconf 82' lang='lat' dir='ltr'>doctores,</span> 
     </span>
    </p>

    <p class='ocr_par' dir='ltr' id='par_1_80' title="bbox 992 2307 1691 2375">
     <span class='ocr_line' id='line_1_113' title="bbox 992 2307 1691 2375; baseline 0.001 -8"><span class='ocrx_word' id='word_1_552' title='bbox 992 2307 1237 2367; x_wconf 53' lang='lat' dir='ltr'>Loggslgsggctus</span> <span class='ocrx_word' id='word_1_553' title='bbox 1258 2340 1416 2375; x_wconf 82' lang='lat' dir='ltr'>quomodo</span> <span class='ocrx_word' id='word_1_554' title='bbox 1437 2339 1617 2375; x_wconf 85' lang='lat' dir='ltr'>intelligitur</span> <span class='ocrx_word' id='word_1_555' title='bbox 1637 2339 1691 2368; x_wconf 85' lang='lat'>135.</span> 
     </span>
    </p>
   </div>
   <div class='ocr_carea' id='block_1_15' title="bbox 1374 2459 1432 2491">
    <p class='ocr_par' dir='ltr' id='par_1_81' title="bbox 1374 2459 1432 2491">
     <span class='ocr_line' id='line_1_114' title="bbox 1374 2459 1432 2491; baseline 0.034 -2"><span class='ocrx_word' id='word_1_556' title='bbox 1374 2459 1432 2491; x_wconf 86' lang='lat' dir='ltr'>M.</span> 
     </span>
    </p>
   </div>
   <div class='ocr_carea' id='block_1_16' title="bbox 992 2524 1819 2588">
    <p class='ocr_par' dir='ltr' id='par_1_82' title="bbox 992 2524 1819 2588">
     <span class='ocr_line' id='line_1_115' title="bbox 992 2524 1738 2560; baseline -0.001 -8"><span class='ocrx_word' id='word_1_557' title='bbox 992 2524 1036 2552; x_wconf 89' lang='lat' dir='ltr'>De</span> <span class='ocrx_word' id='word_1_558' title='bbox 1055 2524 1229 2553; x_wconf 88' lang='lat' dir='ltr'>maioritate</span> <span class='ocrx_word' id='word_1_559' title='bbox 1249 2525 1461 2552; x_wconf 89' lang='lat' dir='ltr'>membrorum</span> <span class='ocrx_word' id='word_1_560' title='bbox 1482 2525 1608 2552; x_wconf 89' lang='lat' dir='ltr'>ecclesie</span> <span class='ocrx_word' id='word_1_561' title='bbox 1627 2524 1671 2560; x_wconf 87' lang='lat'>23,</span> <span class='ocrx_word' id='word_1_562' title='bbox 1691 2533 1738 2559; x_wconf 84' lang='grc'>24.</span> 
     </span>
     <span class='ocr_line' id='line_1_116' title="bbox 992 2558 1819 2588; baseline 0 -2"><span class='ocrx_word' id='word_1_563' title='bbox 992 2559 1064 2587; x_wconf 89' lang='lat' dir='ltr'>Vita</span> <span class='ocrx_word' id='word_1_564' title='bbox 1084 2560 1255 2587; x_wconf 86' lang='lat' dir='ltr'>monastica</span> <span class='ocrx_word' id='word_1_565' title='bbox 1281 2560 1438 2587; x_wconf 87' lang='lat' dir='ltr'>contraria</span> <span class='ocrx_word' id='word_1_566' title='bbox 1465 2559 1604 2587; x_wconf 89' lang='lat' dir='ltr'>doctrine</span> <span class='ocrx_word' id='word_1_567' title='bbox 1625 2560 1739 2588; x_wconf 85' lang='lat' dir='ltr'>Christi</span> <span class='ocrx_word' id='word_1_568' title='bbox 1761 2558 1819 2587; x_wconf 83' lang='lat'>183.</span> 
     </span>
    </p>
   </div>
   <div class='ocr_carea' id='block_1_17' title="bbox 1382 2679 1428 2709">
    <p class='ocr_par' dir='ltr' id='par_1_83' title="bbox 1382 2679 1428 2709">
     <span class='ocr_line' id='line_1_117' title="bbox 1382 2679 1428 2709; baseline 0 0"><span class='ocrx_word' id='word_1_569' title='bbox 1382 2679 1428 2709; x_wconf 94' lang='grc' dir='ltr'>Ο.</span> 
     </span>
    </p>
   </div>
   <div class='ocr_carea' id='block_1_18' title="bbox 994 2743 1818 2848">
    <p class='ocr_par' dir='ltr' id='par_1_84' title="bbox 994 2743 1818 2848">
     <span class='ocr_line' id='line_1_118' title="bbox 994 2743 1651 2780; baseline -0.002 -8"><span class='ocrx_word' id='word_1_570' title='bbox 994 2744 1204 2772; x_wconf 86' lang='lat' dir='ltr'>Observancie</span> <span class='ocrx_word' id='word_1_571' title='bbox 1225 2744 1412 2780; x_wconf 81' lang='lat' dir='ltr'>liypocritice</span> <span class='ocrx_word' id='word_1_572' title='bbox 1431 2748 1584 2771; x_wconf 87' lang='lat' dir='ltr'>sectarum</span> <span class='ocrx_word' id='word_1_573' title='bbox 1605 2743 1651 2779; x_wconf 91' lang='grc'>59.</span> 
     </span>
     <span class='ocr_line' id='line_1_119' title="bbox 994 2778 1818 2814; baseline -0.001 -8"><span class='ocrx_word' id='word_1_574' title='bbox 994 2780 1065 2806; x_wconf 88' lang='lat' dir='ltr'>Plus</span> <span class='ocrx_word' id='word_1_575' title='bbox 1085 2778 1175 2806; x_wconf 88' lang='lat' dir='ltr'>debet</span> <span class='ocrx_word' id='word_1_576' title='bbox 1200 2779 1284 2806; x_wconf 91' lang='lat' dir='ltr'>credi</span> <span class='ocrx_word' id='word_1_577' title='bbox 1304 2778 1449 2814; x_wconf 89' lang='lat' dir='ltr'>operibus</span> <span class='ocrx_word' id='word_1_578' title='bbox 1469 2786 1562 2814; x_wconf 84' lang='lat' dir='ltr'>quam</span> <span class='ocrx_word' id='word_1_579' title='bbox 1583 2783 1753 2806; x_wconf 87' lang='lat' dir='ltr'>atramento</span> <span class='ocrx_word' id='word_1_580' title='bbox 1773 2779 1818 2805; x_wconf 86' lang='lat' dir='ltr'>vel</span> 
     </span>
     <span class='ocr_line' id='line_1_120' title="bbox 1046 2812 1387 2848; baseline 0 -8"><span class='ocrx_word' id='word_1_581' title='bbox 1046 2813 1138 2840; x_wconf 89' lang='lat' dir='ltr'>cartis</span> <span class='ocrx_word' id='word_1_582' title='bbox 1159 2813 1297 2848; x_wconf 89' lang='lat' dir='ltr'>episcopi</span> <span class='ocrx_word' id='word_1_583' title='bbox 1319 2812 1387 2840; x_wconf 79' lang='lat'>260.</span> 
     </span>
    </p>
   </div>
  </div>
 </body>
</html>
