1986 3289
187 232 275 259 CAP·
303 219 402 276 VIII-I
557 233 616 264 DE
644 232 960 264 ANTICHRISTO
990 232 1074 263 Lw..
1105 232 1124 262 1.
1737 231 1785 268 29

183 341 405 377 sacerdotes
449 340 661 376 Judeorum
707 339 833 375 omnia
878 339 1047 374 avaricie
1086 351 1201 374 causa
1227 339 1370 386 facere
1423 337 1496 386 qui,
1542 344 1636 383 Thai-r
1658 345 1759 372 selfish

180 410 255 447 per
297 398 516 446 scripturas
558 397 707 445 quidem
755 396 903 432 Christi
953 397 1236 446 cognoscebant
1279 397 1498 433 adventum.
1548 388 1680 449 ᾗῗὲἷιξέ
1699 379 1749 441 {fig

189 455 494 491 Considerabant
525 462 650 490 autem
696 454 888 502 quoniam,
934 462 968 490 et
1019 455 1052 490 si
1107 454 1285 490 Christus
1329 454 1499 489 creditus
1514 450 1789 485 peopleignorant.

185 513 343 562 fuisset,
376 513 609 549 consuetudo
640 512 924 562 sacrificiorum
949 513 1233 561 offerendorum
1258 513 1399 561 fuerat
1431 523 1499 547 ex-

152 571 396 621 5tinguenda
441 578 477 607 et
519 570 753 620 sacrificium
798 570 943 607 iusticie
969 569 1274 620 prevaliturunz‚
1319 570 1416 606 sicut
1455 569 1500 605 de

185 629 354 677 utrisque
386 636 551 665 testatur
568 629 761 678 propheta
786 628 934 664 dicens:
966 628 1112 677 Afferte
1136 629 1305 664 Domino
1327 628 1499 678 gloriam

185 695 220 723 et
252 687 450 723 honorem.
491 686 628 722 Tollite
660 686 804 722 hostias
836 693 870 721 et
903 686 1058 723 introite
1090 686 1125 721 in
1158 686 1260 722 atria
1284 686 1375 722 eius.
1412 686 1499 721 Ideo

179 757 369 794 perversa
403 744 725 794 interpretacione
747 751 833 780 ante
855 752 1096 793 conspectum
1116 745 1253 793 populi
1273 744 1502 780 claudebant

185 803 339 838 ianuam
384 803 482 852 legis
526 810 561 838 et
600 803 900 851 prophetarum,
947 803 1010 850 qui
1055 803 1101 837 de
1145 803 1312 838 adventu
1357 801 1504 837 Christi

133 861 495 909 1omanifestissime
527 868 639 896 erant
671 860 798 906 locuti,
832 868 873 895 ut
905 874 926 895 a
949 860 1034 910 fide
1062 860 1213 896 Christi
1242 860 1414 896 homines
1446 871 1502 895 se»

180 926 334 968 parent,
368 919 543 954 timentes
565 931 609 954 ne
630 919 746 966 forte
769 918 916 954 credito
946 918 1101 954 Christo
1125 918 1198 967 ipsi
1219 918 1502 968 sacrificiorum

184 977 443 1012 oblacionibus
466 976 775 1024 fraudarentur.
815 976 949 1026 Magis
982 977 1079 1012 enim
1113 977 1313 1025 cupiebant
1345 983 1384 1011 ut
1416 976 1503 1024 lege

185 1042 359 1070 manente
403 1035 439 1070 in
484 1046 554 1070 usu
598 1041 721 1070 essent
764 1034 957 1083 sacrificia
1003 1035 1139 1083 quibus
1172 1034 1245 1083 ipsi
1277 1034 1502 1069 ditabantur

184 1104 257 1128 non
290 1093 411 1139 Deus,
445 1104 557 1141 quam
591 1093 677 1141 Iege
709 1099 879 1128 cessante
910 1092 1101 1142 sacrificia
1140 1092 1286 1128 iusticie
1330 1092 1502 1128 venirent

132 1151 221 1189 151'n
254 1162 377 1197 usum,
411 1150 546 1199 quibus
583 1150 763 1186 Christus
796 1150 1063 1186 delectabatur
1095 1158 1129 1186 et
1162 1150 1333 1186 homines
1365 1149 1500 1200 iustifi-

185 1209 384 1245 cabantur.

241 1267 420 1316 Regnum
454 1266 552 1301 enim
586 1266 756 1301 celorum
792 1266 973 1301 dicuntur
1003 1266 1212 1315 scripture,
1245 1266 1332 1314 quia
1366 1266 1402 1301 in
1426 1265 1503 1301 illis
1546 1272 1708 1308 Meanings
1729 1273 1764 1300 of

185 1324 370 1360 insertum
416 1331 470 1360 est
510 1335 674 1374 regnum
708 1324 895 1370 celorum,
948 1324 1060 1359 ianua
1095 1324 1251 1359 illorum
1291 1323 1503 1359 intellectus
1553 1308 1769 1377 qtffigggffisgf

185 1389 292 1426 erat;
322 1389 387 1417 aut
419 1394 583 1431 regnum
618 1389 673 1418 est
706 1380 898 1418 beatitudo
932 1382 1092 1428 celestis,
1127 1381 1240 1417 ianua
1263 1389 1390 1418 autem
1424 1381 1504 1417 eius
1583 1377 1730 1405 Hcaven.’

129 1456 170 1477 20
185 1447 239 1476 est
259 1439 366 1489 fides
394 1452 469 1489 per
500 1452 613 1489 quam
647 1440 830 1476 introitur
874 1440 909 1475 in
950 1452 1048 1475 eam.
1087 1439 1343 1475 Clavicularii
1375 1447 1501 1475 autem

185 1505 272 1533 sunt
314 1498 540 1534 sacerdotes
583 1497 717 1546 quibus
761 1498 949 1533 creditum
994 1505 1050 1533 est
1083 1499 1241 1534 verbum
1277 1497 1439 1534 docendi
1469 1505 1504 1533 et

186 1555 469 1604 interpretandi
498 1555 727 1604 scripturas.
771 1555 902 1591 Clavis
934 1563 1059 1591 autem
1084 1563 1139 1591 est
1163 1557 1321 1592 verbum
1345 1556 1503 1592 sciencie

184 1613 472 1662 scripturarum
502 1625 579 1662 per
610 1625 723 1661 quam
757 1614 935 1663 aperitur
966 1614 1181 1650 hominibus
1213 1614 1326 1649 ianua
1360 1614 1502 1650 verita-

186 1671 245 1707 tis.
290 1671 509 1720 Adapercio
553 1679 677 1707 autem
722 1680 778 1708 est
821 1671 1094 1721 interpretacio
1134 1684 1239 1709 vera.
1292 1671 1385 1708 Vide
1417 1672 1502 1720 quia

130 1733 169 1766 25
187 1741 259 1765 non
293 1729 413 1765 dixit:
467 1729 517 1764 Ve
561 1729 666 1765 vobis
703 1730 767 1778 qui
811 1742 884 1765 non
928 1729 1087 1777 aperitis
1132 1742 1296 1780 regnum
1330 1730 1501 1765 celorum

185 1787 255 1822 sed
298 1787 362 1835 qui
402 1787 593 1822 clauditis.
639 1787 755 1837 Ergo
799 1799 872 1823 non
916 1794 1004 1823 sunt
1036 1788 1231 1836 scripture
1262 1788 1401 1834 clause,
1434 1788 1503 1824 sea'

187 1844 348 1880 obscure
389 1844 557 1893 quidem,
600 1852 640 1880 ut
684 1858 768 1881 cum
814 1846 947 1881 labore
990 1845 1245 1881 inveniantur.
1285 1846 1501 1895 Propterea
1522 1853 1600 1880 How
1621 1853 1782 1888 Scriptum

188 1902 279 1938 dicit
310 1902 450 1939 Petrus
481 1903 517 1938 in
551 1903 709 1952 epistola
753 1915 822 1939 sua
857 1904 903 1938 de
933 1903 1222 1951 scripturarum
1255 1904 1500 1952 obscuritate,
1551 1888 1757 1958 exprllaerffgtsion.

187 1960 274 2009 quia
312 1972 385 1996 non
416 1961 514 1997 sicut
546 1961 665 1997 voluit
696 1961 822 2008 homo,
856 1962 1004 1997 locutus
1037 1969 1091 1997 est
1124 1962 1293 2010 Spiritus
1325 1962 1501 2004 Sanctus,

132 2018 254 2057 3osed
296 2018 392 2055 sicut
436 2018 554 2055 voluit
596 2019 770 2068 Spiritus,
815 2019 866 2054 ita
910 2020 1060 2055 locutus
1104 2027 1159 2055 est
1203 2020 1327 2056 homo.
1382 2020 1502 2056 Racio

187 2083 314 2111 autem
366 2076 611 2112 obscuritatis
662 2077 868 2125 multiplex
919 2085 985 2124 est,
1047 2085 1172 2113 tamen
1224 2078 1505 2126 satisfaccionis

188 2146 324 2170 causas
357 2134 452 2170 duas
485 2134 666 2170 dicimus:
704 2135 851 2183 prima,
896 2135 981 2183 quia
1014 2136 1121 2171 Deus
1153 2136 1273 2171 voluit
1301 2136 1398 2171 alios
1424 2148 1505 2172 esse

189 2192 379 2239 doctores⁷
412 2192 510 2228 alios
543 2193 763 2241 discipulos.
798 2193 841 2228 Si
871 2200 995 2228 autem
1027 2205 1157 2229 omnes
1189 2194 1317 2229 omnia
1348 2194 1502 2239 scirent,

190 2250 326 2286 doctor
368 2250 608 2286 necessarius
652 2262 724 2286 non
771 2258 866 2286 erat.
908 2251 960 2286 Et
992 2251 1075 2286 ideo
1109 2259 1207 2287 esset
1239 2263 1371 2287 rerum
1406 2252 1503 2287 ordo

134 2315 172 2349 35
189 2307 386 2356 confusus.
422 2308 521 2343 Nam
554 2309 605 2343 ad
637 2320 700 2343 eos
732 2308 883 2356 quidem
916 2321 1009 2357 quos
1048 2309 1168 2345 voluit
1199 2321 1280 2346 esse
1313 2311 1502 2355 doctores,

188 2365 242 2401 sic
287 2365 479 2401 Dominus
523 2366 614 2402 dicit
652 2377 727 2414 per
772 2367 913 2402 Isaiam
966 2367 1220 2415 prophetem:
1285 2368 1506 2416 Loquimini

189 2424 411 2459 sacerdotes
443 2424 479 2458 in
512 2424 693 2460 cordibus
720 2424 868 2473 populi.
908 2425 969 2459 Ad
1001 2437 1065 2460 eos
1098 2432 1224 2461 autem
1259 2437 1352 2474 quos
1385 2425 1503 2461 voluit

190 2481 368 2517 discendo
413 2493 648 2531 cognoscere
680 2482 870 2532 mysteria
924 2482 1110 2529 veritatis,
1162 2483 1216 2518 sic
1267 2483 1303 2519 in
1356 2483 1503 2519 cantico

258 2659 283 2687 3.
305 2661 342 2688 B:
365 2664 395 2688 et
413 2661 506 2688 deest.
561 2670 590 2695 4.
612 2662 651 2688 13:
673 2661 923 2697 offerendorum.
988 2662 1012 2690 5.
1034 2663 1077 2690 A:
1098 2663 1276 2690 valituram.
1336 2672 1376 2697 ιο,
1400 2671 1434 2691 11.
1455 2664 1500 2690 A:

187 2699 342 2730 saperent.
415 2696 453 2723 15.
474 2697 518 2723 A:
539 2695 755 2724 dilectabatur.
841 2697 880 2724 18.
902 2698 941 2724 B:
964 2706 1079 2725 eorum.
1169 2705 1214 2725 20.
1237 2698 1282 2725 A:
1304 2701 1350 2725 est
1366 2698 1500 2726 iusticia.

190 2729 230 2763 31,
251 2729 293 2757 32.
316 2731 354 2757 B:
376 2729 608 2767 satisfaccionis
639 2739 731 2758 causa
750 2732 827 2758 duas
857 2732 984 2759 dicimus
1003 2735 1117 2760 causat.
1209 2732 1250 2759 32.
1282 2734 1326 2760 A:
1357 2733 1501 2768 primum.

190 2763 232 2792 33.
253 2766 297 2792 A:
318 2765 503 2792 doctotores.

262 2858 291 2888 7.
320 2848 446 2880 Psalm.
474 2849 624 2888 XXVIII,
653 2859 681 2880 2.
757 2860 809 2892 29.
838 2851 874 2881 ΙΙ.
903 2851 992 2881 Petri
1020 2851 1043 2889 I,
1072 2860 1122 2881 21.
1224 2850 1276 2883 36.
1304 2851 1344 2882 Is.
1370 2851 1442 2889 XL,
1472 2861 1502 2881 2.
