1986 3289
116 182 186 217 150

172 1044 197 1072 3.
219 1046 243 1073 It
263 1045 288 1071 is
310 1053 325 1071 a

118 1081 233 1115 quality
255 1080 381 1106 without

165 1124 180 1142 a
201 1114 327 1148 subject.

112 1160 140 1182 .ς.
162 1150 187 1176 It
206 1150 232 1176 is
247 1149 385 1183 nothing.

160 1577 299 1605 witness
320 1577 354 1604 of

163 1613 346 1648 Augustino.

703 186 822 217 opus
849 184 1186 217 EVANGELICUM
1216 185 1299 216 ΜΒ.
1326 184 1379 215 111.
1504 172 1611 225 [erun
1632 180 1708 207 xm.

396 304 452 331 est
500 293 676 341 primum
723 291 908 328 accidens
950 291 1178 339 corporale3
1225 291 1292 327 sed
1331 289 1519 332 nesciunt
1547 289 1711 325 ulterius

395 352 435 388 in
484 364 562 399 qua
608 349 836 387 continetur
875 349 1008 397 specie
1049 348 1299 397 quantitatis,
1345 349 1412 384 sed
1453 360 1556 383 unus
1588 348 1713 384 fertur

397 409 539 446 dixisse
592 409 700 457 quod
752 409 829 444 hoc
881 415 1180 444 sacramentum
1233 405 1283 442 sit
1334 415 1494 453 tempus
1548 413 1584 441 et
1629 405 1712 441 dies

398 470 639 504 Parasceues
677 466 754 502 isto
793 478 919 512 anno;
964 465 1055 501 licet
1088 473 1223 501 autern
1263 464 1404 500 fratres
1437 463 1714 499 Predicatores

397 526 437 561 in
470 526 734 561 fundamento
768 524 944 560 heretico
984 523 1059 559 isto
1099 522 1387 567 consenserint,
1428 522 1641 557 fundantes
1674 522 1747 557 se5

397 596 517 631 super
548 583 751 619 Thomam
791 582 838 618 de
876 580 1066 630 AIquino,
1111 581 1252 617 fratres
1291 588 1427 616 tamen
1460 579 1634 616 Minores
1674 578 1716 615 in

398 643 473 678 hac
498 642 682 677 secunda
715 648 828 687 parte
863 652 1017 676 errores
1052 638 1328 684 consenciunt,
1361 638 1573 673 fundantes
1597 649 1716 685 super

399 699 506 736 dicto
540 697 760 746 Inceptoris
794 699 944 734 Occam
986 698 1094 745 quod
1134 695 1265 733 omnis
1305 708 1367 732 res
1401 697 1549 732 durans
1582 694 1717 731 invisi-

399 757 531 793 biliter
576 765 679 793 extat
723 764 896 804 tempus,
942 763 978 791 et
1023 755 1078 791 sic
1124 767 1214 791 curn
1257 754 1477 790 secundum
1518 752 1717 801 principia

399 815 732 863 philosophorum
768 813 972 862 quantitas
1010 826 1090 849 non
1132 821 1188 849 est
1222 813 1270 848 de
1303 824 1446 860 genere
1480 811 1715 855 activorum,
1738 824 1775 843 10

402 882 438 910 et
490 874 566 909 hoc
619 880 916 909 sacramentum
970 880 1012 907 ut
1065 882 1213 918 negare
1265 883 1346 907 non
1399 878 1589 918 poterunt
1635 881 1717 905 esse

401 930 590 977 activum,
624 930 782 967 videtur
814 929 899 966 istis
924 929 1110 965 hereticis
1135 927 1429 965 consonancius
1453 927 1585 964 dicere
1609 927 1716 975 quod

401 990 476 1026 hoc
509 997 810 1025 sacramentum
843 987 892 1024 sit
925 987 1097 1036 qualitas
1129 986 1213 1023 sine
1245 986 1438 1022 subiecto.

458 1047 602 1084 Tercio
635 1059 728 1083 vero
761 1046 1041 1082 communicavi
1069 1045 1264 1081 recencius
1293 1057 1376 1080 cum
1400 1044 1566 1092 quodam
1579 1044 1720 1092 fratre

401 1106 577 1155 episcopo
625 1104 692 1153 qui
738 1117 829 1141 cum
875 1103 973 1139 mihi
1018 1111 1203 1151 argueret
1246 1102 1340 1139 satis
1393 1110 1508 1138 acute
1553 1101 1593 1137 in
1646 1100 1776 1137 ista15

403 1163 571 1200 materia
617 1162 878 1199 convenimus
924 1163 1033 1210 quod
1078 1161 1118 1197 in
1159 1161 1237 1197 fine
1275 1160 1359 1208 ipse
1405 1159 1555 1196 diceret
1600 1159 1719 1195 fidem

403 1235 516 1258 suam
541 1230 577 1257 et
601 1220 697 1257 dixit
721 1220 817 1256 mihi
848 1220 1008 1268 publice
1037 1221 1145 1268 quod
1177 1226 1463 1255 sacramentum
1497 1225 1553 1254 est
1585 1217 1723 1262 nichil,-

404 1288 441 1316 et
480 1279 535 1315 sic
575 1280 737 1315 deberet
776 1278 908 1314 dicere
948 1285 1240 1326 consequenter
1272 1277 1380 1325 quod
1420 1284 1476 1312 est
1521 1275 1644 1312 nichil
1681 1274 1721 1311 in

404 1338 533 1374 forma
565 1336 718 1373 nichili.

462 1395 547 1432 Alie
600 1404 736 1431 autem
789 1403 881 1431 sunt
943 1394 1067 1430 multe
1119 1392 1330 1441 opiniones
1384 1391 1558 1429 heretice
1617 1391 1781 1427 circa20

405 1453 643 1502 quiditatem
669 1452 793 1501 ipsius
815 1451 1052 1489 venerabilis
1076 1450 1337 1496 sacramenti3
1361 1451 1430 1487 sed
1454 1449 1526 1486 iste
1550 1457 1723 1498 quatuor

405 1511 610 1549 sufficiunt
643 1524 716 1559 pro
750 1509 939 1559 presenti.

464 1571 556 1606 Ideo
605 1578 745 1605 contra
789 1568 963 1617 primam
1003 1566 1235 1615 opinionem
1277 1565 1495 1602 hereticam
1535 1564 1630 1601 satis
1669 1573 1726 1601 est

405 1628 470 1664 hic
504 1627 634 1664 dicere
667 1626 763 1676 quid
796 1626 921 1663 sancti
953 1634 1163 1662 senserunt
1197 1624 1237 1660 in
1275 1626 1351 1660 hoc
1383 1632 1544 1672 puncto.
1580 1622 1727 1659 Scribit

409 1687 513 1722 enim
561 1698 729 1733 magnus
774 1686 916 1721 doctor
954 1684 1082 1720 fidelis
1123 1692 1159 1719 et
1199 1682 1354 1719 subtilis
1393 1681 1561 1718 clericus
1592 1682 1726 1728 Augu-
1744 1684 1783 1715 25

408 1744 535 1780 stinus
579 1743 620 1779 in
665 1745 722 1780 De
768 1742 1002 1788 Quantitate
1047 1741 1210 1778 Anime:
1262 1741 1349 1776 Non
1395 1740 1537 1786 dubito,
1582 1738 1725 1787 inquit,

409 1815 577 1851 corpora
612 1801 738 1838 omnia
772 1801 1025 1852 longitudine,
1059 1799 1262 1835 latitudine
1293 1806 1328 1834 et
1360 1797 1563 1834 altitudine
1591 1809 1728 1833 carere

411 1873 485 1896 non
525 1872 653 1909 posse,
700 1859 769 1896 sed
815 1858 1001 1908 numquid
1040 1865 1181 1907 potest-
1211 1856 1384 1907 cogitari
1420 1856 1494 1892 ista
1532 1858 1608 1891 tria
1647 1867 1728 1891 esse

411 1918 483 1954 nisi
514 1918 549 1953 in
583 1918 844 1967 corporibus?
888 1917 975 1953 Non
1015 1916 1204 1965 intelligo,
1249 1914 1393 1963 inquit,
1438 1914 1627 1962 quomodo
1661 1912 1730 1948 alii

408 1983 571 2026 possunt
616 1988 707 2011 esse.
754 1977 911 2011 Fratres
951 1982 1086 2010 autem
1121 1973 1398 2009 predicatores
1433 1972 1587 2019 fingunt
1619 1972 1727 2019 quod
1744 1975 1786 2006 30

412 2047 556 2082 corpus
602 2033 750 2069 Christi
802 2041 860 2069 est
912 2032 1157 2081 septipedale
1210 2031 1249 2066 in
1301 2029 1478 2078 qualibet
1529 2029 1728 2078 particula

413 2092 540 2128 hostie
579 2099 823 2136 consecrate,
870 2099 907 2126 et
939 2092 989 2127 ad
1030 2091 1105 2125 hoc
1138 2090 1312 2137 allegant
1343 2089 1543 2124 Thomam
1579 2088 1626 2123 de
1661 2086 1726 2122 AI-

413 2150 536 2198 quino
570 2149 610 2186 in
644 2152 700 2185 De
732 2149 911 2185 Veritate
944 2147 1146 2195 theologie
1178 2147 1281 2183 libro
1313 2148 1392 2182 VII.

471 2209 701 2244 Secundum
764 2206 1038 2243 testimonium
1103 2204 1315 2253 Augustini
1378 2212 1517 2240 contra
1588 2203 1728 2238 fratres

414 2265 588 2302 Minores
618 2265 775 2313 capitur
799 2277 841 2301 ex
871 2265 1047 2301 secundo
1079 2263 1395 2311 Soliloquiorum
1430 2260 1605 2309 capitulo
1629 2261 1727 2305 XIII,
1746 2262 1785 2296 35

414 2323 481 2359 ubi
514 2333 675 2360 sanctus
708 2323 764 2359 sic
797 2322 995 2371 loquitur:
1031 2322 1128 2358 Esse
1159 2321 1306 2369 aliquid
1338 2321 1373 2356 in
1405 2320 1532 2369 aliquo
1566 2331 1633 2354 nos
1656 2330 1728 2354 non

485 2547 514 2572 ,1.
536 2539 574 2565 A:
596 2541 697 2565 autem
718 2538 811 2565 deest.
920 2544 946 2572 7.
979 2536 1096 2563 Codd.:
1127 2543 1262 2562 errore&
1378 2535 1418 2561 16.
1449 2535 1493 2561 A:
1515 2533 1731 2560 convciencius

418 2575 494 2607 (sic).
569 2573 610 2607 25,
631 2574 676 2600 26.
698 2574 727 2600 A
747 2573 776 2599 in
800 2580 914 2606 marg.:
936 2571 1139 2607 Augustinus.
1221 2569 1268 2603 34.
1290 2570 1318 2596 Α
1338 2569 1367 2596 in
1390 2577 1506 2603 marg:
1529 2567 1728 2603 Augustinus.

485 2668 516 2699 8.
550 2667 601 2699 Cf.
635 2667 805 2698 Fasciculi
833 2667 894 2697 ziz.
923 2666 1005 2697 LIII.
1039 2666 1137 2696 Note.
1177 2666 1363 2695 Sermones
1389 2663 1441 2703 III,
1468 2662 1552 2703 436;
1595 2661 1730 2694 TrIalo-

417 2725 498 2755 gum
527 2713 610 2745 265:
646 2714 689 2744 Et
726 2713 786 2744 illo
819 2713 926 2744 modo
960 2712 1151 2753 loquuntur
1177 2709 1391 2752 philosophi,
1429 2715 1598 2751 ponentes
1636 2708 1729 2749 quod

418 2769 555 2801 tempus
581 2760 685 2790 habet
719 2770 793 2790 esse
822 2769 882 2800 per
908 2759 1059 2789 animam
1087 2782 1092 2787 .
1120 2780 1127 2787 .
1155 2780 1162 2787 .
1190 2782 1196 2787 .
1342 2755 1394 2787 26.
1433 2757 1481 2786 St.
1514 2756 1601 2796 Aug.
1638 2756 1729 2795 Opp.

418 2814 502 2837 tom.
530 2807 551 2845 I,
578 2816 655 2846 404.
755 2806 807 2837 35.
834 2806 880 2835 St.
909 2804 1090 2845 Augustini
1119 2804 1209 2844 Opp.
1237 2809 1320 2833 tom.
1348 2802 1370 2840 Ι,
1400 2800 1474 2840 ¹378.
