1986 3289
210 222 299 250 CAP.
322 212 374 265 L.]
582 224 640 255 DE
670 222 981 254 ANTioHRis-To
1011 222 1095 252 [ΑΒ.
1122 222 1144 252 1.

210 329 365 377 signum
413 328 527 364 huius
573 328 721 364 amoris
756 327 972 375 evangelici
1006 327 1046 363 in
1080 326 1234 362 effectu.
1287 327 1352 362 Ille
1386 335 1517 362 autem

211 387 362 423 baiulat
385 398 542 422 crucem
567 398 679 422 suam
714 394 751 421 et
781 386 888 422 venit
910 394 1000 433 post
1025 384 1226 421 Christum
1251 384 1318 431 qui
1351 385 1399 420 ad
1433 396 1520 431 per-

212 446 385 481 dendum
420 445 689 492 quodeunque
721 442 889 479 istorum
912 451 1064 490 septem
1099 455 1171 489 pro
1204 454 1340 478 amore
1369 441 1520 478 Christi

212 511 280 538 aut
312 501 409 550 legis
442 514 510 537 sue
544 501 733 537 continue
766 510 823 537 est
855 509 1033 549 paratus.
1077 502 1125 535 Et
1157 508 1265 548 patet
1309 501 1408 536 bene
1441 508 1520 535 stu-

179 558 320 595 5denti
353 560 558 607 quomodo
603 558 643 594 in
688 571 827 595 amore
861 558 1008 594 Christi
1055 558 1246 594 continue
1285 557 1520 602 titubamus,

213 626 250 654 et
284 630 373 653 cum
408 618 597 653 debemus
631 619 757 652 Deum
793 616 956 663 diligere
991 628 1033 652 ex
1067 624 1152 651 toto
1187 616 1317 661 corde,
1364 615 1402 651 in
1436 623 1521 650 tota

212 674 347 711 anima
392 683 429 710 et
462 675 502 710 in
535 683 619 710 tota
654 683 798 719 mente,
845 682 952 721 patet
997 674 1104 722 quod
1149 673 1449 721 prevaricamur
1482 672 1521 707 in

211 733 286 769 isto
301 731 431 780 primo
455 733 645 768 mandato
669 741 707 768 et
738 731 930 777 maxim03
955 740 991 767 et
1008 744 1095 767 cum
1114 732 1257 767 Psalm.
1277 732 1442 776 CXVIII,
1469 740 1513 765 21

212 790 416 826 scribitur:
456 790 657 825 Maledicti
685 790 750 839 qui
782 790 974 825 declinant
1008 803 1029 824 a
1063 789 1255 825 mandatis
1286 789 1373 834 tuis,
1426 787 1521 823 veri-

159 862 197 883 10
211 847 339 884 simile
371 857 429 883 est
461 848 568 895 quod
601 847 718 883 nimis
759 846 871 883 multi
911 855 1000 883 sunt
1033 846 1072 881 in
1106 846 1271 882 ecclesia
1306 844 1520 883 maledicti.

212 908 259 941 Et
282 905 386 941 istud
410 904 564 941 videtur
581 905 747 941 Paulum
774 904 996 952 intelligere
1020 906 1031 939 I
1056 905 1147 940 Cor.
1171 903 1327 949 ultimo,
1361 904 1522 952 quando

212 962 327 999 dicit:
363 963 405 998 Si
435 963 517 1011 quis
561 975 633 998 non
672 963 863 998 amaverit
902 962 1096 998 dominum
1129 963 1259 997 Jesum
1310 962 1521 1004 Christum,

211 1022 415 1057 anatliema
447 1021 506 1056 sit.
554 1021 601 1055 Et
634 1020 812 1069 quuitur
851 1019 1013 1056 indubie
1046 1020 1093 1055 de
1126 1019 1201 1055 isto
1235 1032 1372 1056 amore
1406 1032 1521 1055 evan—

212 1078 338 1126 gelico
370 1077 567 1116 ordinato.

160 1141 195 1172 15
268 1135 411 1172 Tereia
444 1135 670 1183 proposicio
704 1135 820 1171 huius
855 1135 1048 1181 evangelii
1084 1137 1189 1171 Luce
1222 1136 1319 1179 XIV,
1356 1134 1521 1170 28—30

213 1193 391 1241 sequitur
423 1193 463 1229 in
496 1194 567 1229 hec
589 1195 728 1230 verba:
770 1193 863 1237 Quis
888 1193 983 1229 enim
1008 1205 1058 1229 ex
1090 1193 1195 1229 vobis
1219 1193 1347 1228 volens
1379 1193 1521 1228 turrim

213 1252 393 1301 edificare
416 1263 536 1287 nonne
563 1251 676 1300 prius
709 1252 844 1287 sedens
876 1259 1072 1299 computat
1093 1258 1268 1299 sumptus
1300 1251 1364 1298 qui
1396 1262 1521 1286 neces-

211 1309 310 1345 sarii
338 1316 424 1344 sunt
456 1309 490 1344 si
521 1310 658 1345 habeat
691 1310 742 1344 aa'
769 1309 1065 1357 perficiendum,
1100 1321 1145 1344 ne
1171 1316 1422 1357 posteaquam
1453 1320 1522 1356 po-

212 1367 332 1403 suerit
361 1367 663 1415 fundamentum
709 1374 745 1402 et
783 1378 855 1401 non
889 1367 1016 1414 poluit
1042 1367 1246 1416 peificere,
1300 1378 1429 1401 omnes
1461 1366 1524 1413 qui

157 1439 198 1460 20
215 1425 340 1460 vident
372 1424 554 1473 incipiant
577 1424 611 1460 ei
631 1424 808 1466 illudere,
842 1424 1008 1460 dicentes
1030 1424 1117 1472 quia
1151 1425 1212 1459 hic
1245 1425 1357 1459 homo
1380 1424 1523 1472 ceperit

212 1482 395 1532 ,edificare
428 1489 462 1517 et
494 1494 566 1518 11011
594 1482 720 1531 potuit
752 1494 1030 1517 consunnnare.
1079 1484 1120 1518 In
1154 1494 1233 1529 quo
1267 1482 1446 1528 exemplo
1481 1493 1523 1516 ex

214 1540 290 1576 fide
336 1539 492 1587 capitur
536 1541 644 1587 quod
697 1539 770 1575 rite
815 1539 967 1575 intrans
1012 1548 1160 1575 sectam
1207 1538 1352 1575 Christi
1406 1539 1524 1574 habet

213 1597 465 1645 propositum
512 1599 561 1633 ad
595 1597 766 1645 patriam
802 1597 1009 1633 scalariter
1040 1596 1223 1634 veniendi
1259 1606 1295 1632 et
1329 1608 1398 1644 per
1432 1609 1523 1632 con—

213 1668 382 1703 sequens
434 1654 554 1691 turris
597 1655 657 1691 vel
690 1655 796 1691 scala
840 1654 1029 1691 virtutum
1078 1664 1135 1691 est
1179 1654 1252 1690 sibi
1285 1653 1522 1696 necessaria,

156 1713 323 1749 25cuius
346 1713 659 1749 fundamendum
693 1721 749 1749 est
782 1712 879 1748 fides
912 1721 949 1749 et
983 1712 1127 1749 caritas
1159 1713 1305 1760 gradus
1329 1725 1522 1747 summus.

212 1772 272 1806 Ad
305 1770 652 1807 consti-uccionem
699 1779 832 1806 autem
882 1770 997 1806 huius
1030 1770 1151 1806 turris
1184 1769 1396 1806 necessarii
1432 1779 1524 1805 sunt

212 1837 394 1876 sumptus
433 1828 712 1876 potenciarum
759 1828 891 1864 anime
924 1837 961 1864 et
993 1828 1218 1876 specialiter
1262 1827 1451 1864 virtutum
1489 1836 1524 1863 et

213 1886 460 1922 diversorum
485 1887 680 1934 graduum
716 1886 755 1921 in
778 1898 936 1928 amore2
971 1887 1019 1922 ad
1054 1886 1165 1922 cuius
1199 1885 1318 1921 turris
1342 1898 1524 1921 consum-

216 1944 438 1980 macionem
486 1945 579 1979 dum
621 1945 742 1980 homo
788 1944 970 1989 defuerit,
1016 1943 1243 1980 necessario
1288 1952 1345 1979 est
1383 1944 1524 1990 damp-

158 2003 369 2038 E'onandus
402 2010 439 2038 et
471 2014 659 2049 passurus
683 2001 908 2037 illusionem
944 2001 1114 2038 maxime
1147 2002 1407 2049 exprobosam
1442 2009 1522 2036 tam

215 2072 234 2095 a
269 2059 468 2096 salvandis
502 2072 621 2107 quam
658 2059 783 2096 eciam
818 2059 1178 2107 condempnandis.

273 2118 424 2162 Quarta
479 2117 707 2165 proposicio
752 2116 868 2153 huius
921 2116 1117 2164 evangelii
1164 2116 1342 2164 sequitur
1381 2115 1419 2151 in
1453 2116 1524 2152 hec

214 2176 352 2210 verba:
398 2175 472 2210 Aut
504 2175 586 2223 quis
618 2187 692 2211 rex
724 2175 848 2210 iturus
880 2176 1120 2211 committere
1158 2175 1297 2210 bellum
1336 2175 1525 2209 adversus

215 2233 331 2267 alium
366 2245 514 2282 regem,
560 2244 682 2268 nonne
727 2233 863 2268 sedens
891 2233 1003 2281 prius
1048 2232 1194 2282 cogitat
1225 2232 1259 2267 si
1285 2232 1407 2280 possit
1440 2244 1523 2267 cum

159 2290 343 2326 35decem
368 2290 534 2325 millibus
566 2302 775 2326 occurrere
806 2291 841 2326 ei
870 2290 1036 2338 quicum
1067 2290 1206 2339 viginti
1227 2290 1394 2325 millibus
1428 2289 1525 2324 venit

215 2348 267 2382 ad
297 2360 350 2393 se,
382 2348 550 2396 alioquin
573 2349 699 2383 adhuc
722 2348 787 2384 illo
812 2349 927 2398 longe
948 2355 1089 2397 agente
1113 2348 1349 2397 legacionem
1375 2347 1526 2382 mittens

217 2412 333 2454 rogat
357 2417 398 2441 ea
421 2417 491 2453 que
518 2405 627 2454 pacis
649 2413 748 2442 sunt.
783 2404 978 2442 Catholici
1005 2404 1274 2441 communiter
1298 2404 1526 2452 intelligunt

216 2474 286 2510 per
318 2462 491 2510 primum
527 2475 658 2510 regem
701 2463 962 2499 christianum
1004 2463 1223 2510 quemlibet
1257 2462 1318 2498 hic
1351 2461 1524 2498 viantem

285 2653 309 2681 5.
332 2655 373 2681 A:
403 2655 549 2681 conlmue
573 2654 668 2680 deest.
775 2661 803 2688 o.
825 2655 868 2681 A:
896 2654 1042 2681 scribitur
1062 2654 1155 2681 deest.
1254 2652 1288 2680 15.
1312 2654 1337 2680 A
1359 2653 1387 2679 111
1411 2660 1523 2687 marga

223 2688 330 2715 Tereia
348 2689 541 2723 proposicio.
628 2696 665 2720 ¹7-
687 2689 731 2715 A:
753 2696 813 2715 non
833 2689 922 2723 prins
939 2691 1028 2723 prins
1047 2689 1167 2715 sedens.
1241 2687 1282 2714 32.
1306 2689 1331 2714 Α
1353 2688 1382 2714 111
1412 2695 1524 2721 marg:

221 2722 339 2757 Quarta
357 2723 548 2757 prepostero.
634 2722 679 2749 30.
703 2724 739 2749 B:
762 2724 895 2759 longius.

293 2817 391 2865 ¹¹·‚L
419 2818 498 2848 Cor.
524 2818 612 2856 XVI,
639 2827 692 2848 22.
791 2818 842 2850 33.
871 2818 985 2849 Lucae
1011 2817 1098 2856 XIV,
1128 2818 1180 2856 31,
1209 2817 1261 2849 32.

1732 214 1801 248 185

1589 1141 1613 1169 3.
1635 1142 1759 1169 Virtues

1568 1185 1729 1212 necessary
1750 1181 1780 1203 to

1607 1213 1656 1238 the
1678 1216 1745 1238 true

1589 1247 1756 1274 ChriStian.

1564 2131 1593 2156 4.
1614 2122 1741 2150 Parable
1761 2122 1794 2149 ot*

1556 2158 1605 2184 the
1626 2162 1688 2184 two
1708 2158 1797 2191 kings

1598 2192 1657 2219 and
1678 2192 1756 2218 their

1609 2227 1733 2254 31111165.
