1986 3289
129 170 209 206 214
730 163 849 195 OPUS
875 163 1213 194 EVANGELICUM
1243 163 1326 194 LIB.
1354 162 1406 194 ΙΙΙ.
1501 150 1608 203 [CAP.
1628 159 1736 187 LVIII-

417 270 513 306 sciat
546 270 613 305 sed
646 281 719 304 non
754 269 937 318 expediat
983 269 1085 304 scire
1118 269 1305 317 apostolis
1345 276 1384 304 ut
1415 280 1570 318 semper
1601 268 1739 304 incerti

419 328 465 364 cle
496 327 661 363 adventu
695 327 830 362 iudicis
863 326 917 362 sic
940 326 1073 362 cotidii
1095 326 1225 361 vivant
1255 326 1367 375 quasi
1389 326 1448 362 die
1479 326 1604 362 altera
1637 326 1736 361 iudi-

419 378 533 421 candi
561 384 647 422 sint.
681 384 855 432 Denique
887 391 921 419 et
954 396 1186 433 consequens
1220 384 1415 434 evangelii
1443 396 1572 420 sermo
1606 384 1645 419 id
1678 383 1735 433 ip-

419 456 502 479 sum
535 443 640 492 cogit
672 442 859 492 intelligi;
903 442 1031 478 dicens
1079 453 1224 490 quoque
1264 449 1419 491 patrem
1453 443 1577 478 solum
1612 453 1734 488 nosse,

422 502 456 536 in
484 507 602 549 patre
634 500 926 548 comprehendit
959 507 995 535 et
1015 499 1160 548 filiunt.
1214 500 1348 535 Omnis
1393 500 1490 535 enini
1521 507 1638 548 pater
1670 499 1768 538 filii‘

422 570 557 594 nomen
592 565 660 593 est.
695 559 778 593 Hec
811 559 1063 604 Jeronymus.

167 626 373 665 Now-aelays
480 618 534 651 Ex
578 615 655 651 isto
701 615 808 651 dicto
841 615 1045 662 Jeronymi
1079 623 1238 651 notaret
1283 614 1505 651 catholicus
1539 623 1736 662 quantum

168 660 373 730 ὃῑέξὶῗζῇἶεοξε
423 675 640 710 horrebant
683 672 810 709 sancti
855 674 1041 709 doctores
1073 672 1162 709 illos
1196 672 1392 709 hereticos
1426 672 1493 720 qui
1526 673 1587 709 vel
1619 684 1738 720 nega-

194 738 350 757 common.
424 740 517 767 runt
549 731 791 779 scripturam
825 743 981 767 sacram
1015 739 1052 767 et
1085 730 1252 767 omnino
1287 730 1537 778 evangelium
1570 731 1630 767 vel
1663 729 1737 766 sibi

425 789 705 838 imposuerunt
738 801 896 825 sensum
931 789 1161 837 sinistrum3
1206 797 1244 825 et
1284 801 1374 824 cum
1409 788 1526 825 hodie
1559 788 1609 825 sit
1640 787 1738 824 utri-

426 860 551 895 usque
596 846 879 893 communster,
932 855 1043 894 patet
1095 855 1289 895 quantum
1338 847 1531 883 moderna
1572 845 1738 883 ecclesia

427 905 575 941 decidit
608 918 629 941 a
662 904 852 953 religione
886 905 1052 940 ecclesie
1084 904 1298 953 primitive.

176 960 369 996 Augustine:
484 963 729 1011 Augustinus
754 972 886 999 autem
910 962 1067 999 videtur
1089 962 1303 999 admittere
1326 963 1402 999 hoc
1424 963 1588 999 verbum
1624 973 1738 997 evan-

134 996 242 1057 Wilaeiii
258 995 368 1056 ξξξιῖἔ)
381 1003 406 1021 1s
426 1021 530 1069 geni,
565 1023 696 1070 Neque
716 1021 850 1070 filins;
893 1033 1022 1069 neque
1061 1022 1180 1056 audet
1213 1020 1418 1068 quiescere
1450 1020 1490 1056 in
1523 1021 1596 1056 hac
1629 1020 1739 1067 glosa

135 1066 412 1127 kffi‘ssff'hgtxaessalsss
427 1080 534 1127 quod
568 1079 672 1115 filius
716 1091 797 1115 non
832 1078 1038 1126 cognoscit
1080 1079 1184 1114 hunc
1219 1078 1323 1114 diem
1359 1091 1401 1115 ex
1433 1090 1473 1114 se
1505 1078 1566 1114 vel
1598 1079 1738 1113 huma-

206 1138 258 1162 not
279 1134 338 1161 tell.
426 1137 553 1185 nitus3
588 1138 657 1173 sed
681 1137 783 1173 hanc
802 1136 995 1173 noticiam
1020 1136 1182 1184 proprie
1206 1136 1344 1172 tribuit
1367 1136 1471 1184 patri
1505 1148 1587 1172 suo.
1625 1136 1738 1172 Unde

425 1195 557 1243 primo
603 1203 777 1231 tractatu
812 1194 959 1231 Psalmi
1001 1196 1156 1231 XXXVI
1196 1194 1251 1230 sic
1284 1193 1439 1230 scribit:
1493 1193 1740 1230 Novissimus

426 1254 506 1289 dies
539 1253 767 1289 terribiliter
799 1260 983 1288 venturus
1015 1264 1097 1288 esse
1119 1253 1278 1288 auditur
1309 1252 1374 1298 eis⁷
1407 1252 1473 1301 qui
1502 1251 1630 1288 securi
1659 1263 1740 1287 esse

424 1312 516 1347 bene
548 1311 708 1346 vivendo
742 1311 876 1347 nolunt
908 1318 942 1346 et
974 1311 1076 1346 male
1109 1311 1237 1346 vivere
1265 1305 1269 1363 1
1300 1310 1375 1346 clici
1406 1311 1548 1347 volunt.
1588 1309 1741 1345 Utiliter

425 1377 550 1405 autem
574 1370 681 1405 Deus
714 1369 835 1404 latere
867 1369 988 1404 voluit
1020 1369 1126 1404 illunz
1162 1369 1260 1404 diem
1295 1375 1335 1403 ut
1361 1380 1514 1417 semper
1544 1367 1592 1403 sit
1618 1379 1740 1416 para-

426 1434 505 1462 tum
551 1439 618 1463 cor
656 1428 707 1462 aa⁷
750 1427 1031 1476 expectandum
1078 1427 1179 1475 quod
1219 1433 1420 1462 venturum
1468 1438 1548 1462 esse
1590 1425 1672 1472 scit,
1706 1432 1741 1461 et

427 1485 579 1533 quando
625 1492 825 1521 venturum
869 1485 918 1520 sit
962 1485 1090 1530 nescit,
1145 1484 1230 1533 quia
1279 1496 1369 1520 vere
1402 1484 1578 1519 dontinus
1609 1490 1740 1519 noster

425 1544 535 1579 Jesus
574 1543 751 1579 Christus
804 1543 995 1592 magister
1037 1543 1142 1578 nobis
1175 1542 1313 1578 missus
1357 1549 1424 1589 est⁷
1465 1541 1583 1577 eciam
1606 1541 1737 1590 filiuni

429 1601 592 1637 hominis
625 1601 726 1636 dixit
748 1601 895 1636 nescire
927 1601 1035 1635 illum
1067 1600 1179 1647 diem,
1213 1600 1299 1649 quia
1332 1600 1367 1635 in
1401 1599 1628 1650 magisterio
1661 1599 1740 1634 eius

428 1672 501 1695 non
534 1665 629 1703 erat,
664 1666 703 1694 ut
730 1671 805 1707 per
837 1671 921 1694 611111
945 1659 1112 1694 sciretur
1143 1671 1164 1693 a
1198 1658 1325 1703 nobis;
1356 1670 1473 1707 neque
1505 1657 1600 1693 enini
1634 1657 1741 1692 aliud

426 1717 496 1753 scit
525 1724 640 1765 pater
671 1717 774 1766 quod
793 1716 907 1766 filius
939 1716 1068 1763 nescit,
1102 1728 1186 1752 cum
1220 1716 1287 1751 illa
1320 1716 1483 1751 sciencia
1513 1715 1642 1764 patris
1673 1715 1739 1750 illa

427 1775 474 1810 sit
506 1787 576 1823 que
596 1775 790 1823 sapiencia
822 1774 914 1821 eius,
946 1782 1002 1810 est
1023 1781 1149 1810 autem
1182 1774 1374 1822 sapiencia
1407 1774 1484 1810 eius
1504 1773 1617 1822 filins
1650 1773 1740 1819 eius,

429 1833 585 1868 verbum
621 1833 710 1870 eius.
766 1833 843 1868 Sed
894 1832 980 1881 quia
1024 1833 1124 1868 scire
1167 1832 1272 1867 nobis
1317 1844 1388 1868 non
1417 1832 1610 1881 proderat
1640 1830 1742 1879 quod

427 1891 578 1939 quidem
624 1891 688 1926 ille
720 1897 882 1926 noverat
914 1890 977 1938 qui
1008 1891 1146 1927 docere
1185 1902 1252 1926 nos
1284 1897 1455 1935 venerat,
1510 1901 1581 1924 non
1614 1896 1740 1924 tamen

429 1950 500 1985 hoc
535 1950 636 1997 quod
673 1949 779 1985 nobis
818 1960 927 1984 nosse
970 1961 1042 1984 non
1071 1955 1229 1997 poterat
1267 1960 1339 1984 non
1371 1948 1496 1984 solznn
1529 1947 1628 1983 sicut
1660 1959 1739 1981 ma-

428 2007 554 2056 gister
605 2007 752 2055 aliquid
799 2006 940 2051 docuit,
993 2007 1063 2042 sed
1107 2006 1204 2042 sicut
1248 2006 1440 2055 magister
1483 2004 1630 2053 aliquid
1667 2016 1739 2040 non

430 2065 579 2109 docuit;
629 2072 822 2113 tamqnam
858 2065 1048 2114 magister
1092 2064 1189 2099 enim
1222 2064 1364 2099 sciebat
1404 2070 1438 2099 et
1471 2064 1609 2098 docere
1642 2063 1742 2110 quod

424 2124 619 2171 proderat
651 2130 687 2158 et
718 2134 790 2157 non
824 2123 963 2158 docere
1002 2122 1103 2170 quod
1135 2122 1279 2168 oberat,
1332 2121 1385 2157 sic
1417 2128 1542 2156 autem
1577 2120 1739 2168 quodam

431 2181 638 2216 locucionis
668 2192 814 2230 genere
846 2180 993 2216 nescire
1013 2180 1126 2229 filius
1160 2179 1322 2215 hominis
1355 2179 1496 2214 dicitur
1537 2179 1637 2226 quod
1669 2189 1741 2213 non

431 2239 550 2284 docet,
585 2238 667 2273 ideo
701 2238 847 2274 nescire
880 2238 1022 2273 dicitur
1051 2237 1154 2286 quod
1186 2237 1333 2273 nescire
1365 2249 1433 2273 1103
1454 2236 1597 2284 faciat.
1638 2235 1740 2279 Quo-

432 2297 544 2331 modo
577 2296 713 2331 cotidie
748 2296 943 2344 loquiinm·
975 2296 1088 2331 niodo
1124 2296 1288 2344 quodam
1336 2302 1374 2330 ut
1408 2294 1493 2330 dixi
1524 2293 1741 2338 locucionis,

431 2354 546 2389 letum
581 2354 693 2399 diem,
739 2354 824 2402 quia
870 2356 964 2389 letos
997 2365 1064 2389 nos
1096 2353 1215 2401 facit,
1261 2360 1295 2388 et
1326 2353 1474 2388 tristem
1511 2352 1622 2399 diem,
1656 2351 1741 2400 quia

432 2412 562 2447 tristes
585 2424 652 2447 nos
675 2412 792 2459 facit,
825 2418 859 2446 et
882 2412 1025 2461 frigus
1040 2411 1217 2461 pigrum,
1250 2410 1335 2458 quia
1364 2410 1506 2460 pigros
1536 2421 1603 2445 nos
1624 2409 1742 2457 facit,

503 2654 528 2680 7.
551 2647 577 2672 Α
605 2646 632 2672 in
658 2653 771 2679 marg:
793 2644 960 2673 Jolmnnes.
1041 2652 1080 2677 ¹4-
1104 2644 1146 2669 Ae
1170 2643 1232 2671 Nec
1251 2646 1363 2677 nicaen
1383 2643 1421 2670 ib.
1444 2643 1470 2669 A
1492 2643 1521 2669 iu
1546 2650 1659 2677 marga
1682 2642 1742 2669 Au-

434 2681 588 2716 gustinus.
681 2687 725 2714 29.
748 2682 770 2706 A
790 2689 794 2706 ς
817 2688 876 2706 nnn
898 2682 969 2706 tam.

510 2786 556 2815 ¹4-
585 2776 643 2807 sti.
672 2775 853 2816 Augustini
881 2774 972 2815 opp.
1000 2780 1081 2804 tom.
1111 2774 1165 2812 IV⁷
1198 2784 1222 2810 1,
1250 2783 1326 2815 pag.
1355 2772 1431 2814 257.

1755 517 1770 537 D

1760 806 1796 826 10

1759 1087 1795 1118 15

1758 1946 1799 1978 30

1759 2235 1797 2267 ‘35
