1986 3289
211 202 410 255 CAP-Lxl]
589 215 648 246 DE
678 215 991 246 ANTICHRISTO
1020 216 1102 246 1113.
1130 217 1152 246 1.

206 320 389 369 precipue
421 328 508 355 tunc
541 328 596 357 est
627 321 874 369 acceptabilis
905 322 1057 370 quando
1103 322 1350 367 necessitatis,
1383 330 1418 357 et
1450 336 1516 358 an-

208 378 336 429 gustie
384 385 533 427 tempus
577 386 652 423 est,·
711 379 809 414 sicut
857 387 892 414 et
938 379 1071 428 pluvia
1116 391 1269 427 semper
1312 380 1409 415 bona
1449 388 1516 427 est,

210 436 382 471 maxima
415 443 541 471 tamen
584 443 703 486 grata
736 444 791 472 est
822 443 993 485 tempore
1029 437 1224 484 siccitatis,
1278 444 1313 472 et
1346 438 1516 474 visitacio

209 494 421 529 amicorum
460 505 612 543 semper
656 494 787 530 suavis
819 502 884 540 est,
938 495 1056 530 multo
1101 502 1227 531 tamen
1278 495 1437 531 suavior
1480 496 1515 531 in

175 548 381 600 fitempore
413 552 547 597 luctus,
581 552 635 588 sic
669 552 844 587 doctrina
868 559 903 588 et
934 553 1150 588 consolacio
1172 553 1387 589 sacerdotis
1418 565 1515 589 sem—

202 622 278 658 per
310 616 524 657 opportuna
558 617 626 655 est,
665 610 837 645 maxime
869 617 995 645 tamen
1029 611 1064 645 in
1097 618 1271 658 tempore
1297 611 1514 659 persecuci-

208 667 300 702 onis.
355 666 486 702 Sciens
524 679 621 717 ergo
652 667 763 702 Jesus
813 675 965 703 sanctos
1009 680 1099 703 suos
1138 668 1217 703 sine
1261 669 1513 717 tenzptacione

207 736 396 772 nunquam
412 724 589 772 futuros,
623 725 706 760 ideo
731 725 851 760 dixit:
882 726 924 760 In
957 733 1130 774 tempore
1154 733 1394 775 opportuno;
1426 727 1511 774 quia

206 782 270 831 qui
299 794 452 830 semper
474 789 642 832 egrotat,
675 794 828 831 semper
860 783 918 818 illi
947 796 1015 818 ars
1038 784 1175 819 medici
1207 791 1422 832 opportuna
1457 784 1510 819 νὶ-

155 848 191 868 10
208 840 330 875 detur.
386 840 486 875 Nam
543 840 639 876 sicut
694 841 802 876 navis
853 848 941 876 tunc
981 841 1166 890 precipue
1208 842 1511 891 gubernatorem

206 897 461 933 necessarium
497 898 619 945 liabet,
665 899 816 946 quando
854 905 1077 947 tempestate
1115 900 1298 947 quatitur,
1360 900 1512 948 quando

204 962 329 990 autem
363 956 495 991 sedata
528 963 594 1001 est,
627 956 708 1004 ipsa
741 967 780 991 se
812 956 970 1006 dirigit7·
1008 965 1042 992 et
1074 957 1183 992 miles
1215 964 1302 993 tunc
1329 957 1513 1006 precipue

204 1013 459 1049 necessariam
493 1013 605 1048 lzahet
636 1025 825 1049 annonam
872 1015 917 1049 de
956 1026 1061 1065 rege,
1101 1016 1253 1063 quando
1293 1015 1511 1064 periculum

206 1071 295 1106 belli
331 1071 457 1116 instat,
511 1072 661 1119 quando
701 1078 826 1106 autem
867 1084 953 1120 pax
996 1079 1063 1118 est,
1102 1073 1310 1121 ubicunque
1348 1080 1511 1121 possunt

152 1126 345 1164 15milites
379 1136 595 1164 sustentare
632 1141 691 1173 se,·
732 1129 788 1164 sic
827 1137 861 1164 et
888 1130 1073 1178 precipue
1111 1130 1145 1165 in
1179 1138 1351 1179 tempore
1377 1143 1510 1179 perse-

204 1186 369 1222 cucionis
401 1186 557 1222 ecclesie
589 1187 803 1222 doctrinam
837 1188 1051 1224 sacerdotis
1084 1188 1341 1224 necessariam
1375 1189 1512 1224 liabent

203 1244 424 1292 spirituales
456 1244 595 1280 milites
617 1245 727 1292 quasi
756 1245 995 1293 spiritualem
1020 1258 1224 1293 annonam,
1258 1247 1409 1294 quando
1442 1259 1509 1281 au-

204 1308 277 1337 tem
329 1302 519 1338 securitas
560 1309 614 1338 est
646 1303 837 1338 naturalis
873 1303 1018 1350 sufficit
1060 1304 1286 1341 intellectus.
1339 1304 1440 1339 Nam
1474 1304 1510 1339 in

198 1360 542 1408 persecucionihus,
590 1360 740 1408 quando
784 1361 974 1396 naturalis
1018 1361 1081 1396 ille
1124 1362 1336 1397 intellectus
1386 1361 1512 1410 deficit

147 1427 187 1447 20
202 1418 238 1452 in
261 1418 400 1453 timore
422 1418 583 1463 carnali,
618 1419 857 1454 necessarius
888 1426 945 1454 est
975 1430 1101 1454 sermo
1126 1420 1307 1462 doctoris,
1340 1426 1380 1454 ut
1413 1420 1513 1467 quod

203 1475 328 1524 deficit
371 1476 407 1510 in
447 1476 586 1511 timoie
618 1476 796 1524 penculi,
843 1484 1050 1540 reparetur
1088 1489 1164 1525 per
1195 1477 1509 1513 exhortacionem

1562 676 1627 703 The
1649 677 1768 711 priest's

1545 711 1685 746 teaching
1705 716 1786 738 most

1565 747 1711 773 welcome
1731 746 1760 773 in

1603 781 1676 807 time
1696 781 1730 808 of

1561 816 1766 849 persecution.

204 1533 388 1569 doctri.ne
425 1533 529 1568 Sicut
561 1541 685 1569 autem
719 1534 866 1569 tubicen
899 1534 1103 1570 commisso
1143 1535 1240 1571 bello
1271 1542 1507 1585 pugnantem
1531 1542 1700 1577 Preaching
1720 1543 1791 1570 sti1s

1577 1585 1617 1612 up
1639 1586 1708 1604 men
1713 1578 1736 1604 s

201 1591 411 1626 exstetcztum
436 1591 574 1626 circuit
596 1598 630 1626 et
661 1591 816 1627 bellicos
847 1599 980 1627 cantus
1013 1593 1047 1627 in
1080 1593 1168 1627 tuba
1202 1594 1408 1629 decantans
1441 1593 1508 1627 mi-
1525 1619 1655 1647 courage
1676 1613 1798 1639 111·ethe

201 1648 285 1684 lites
316 1649 460 1684 animat
507 1649 558 1683 ad
602 1649 805 1685 virtutem:
855 1649 908 1685 sic
941 1657 975 1686 et
1023 1651 1208 1686 sacerdos
1237 1662 1510 1699 peisecuczone

145 1706 430 1753 251'mminente,
464 1718 660 1755 exponens
692 1707 727 1742 in
756 1708 901 1756 populo
924 1708 1240 1755 fortissimorum
1281 1716 1506 1759 martyrum

195 1764 371 1812 pericula
415 1764 591 1814 gloriosa
624 1771 660 1799 et
691 1765 972 1801 inenarrabiles
1012 1766 1127 1816 regni
1163 1766 1312 1802 celestis
1344 1778 1508 1802 coronas

201 1821 433 1857 vincentibus
459 1829 710 1871 preparatas,
743 1823 993 1859 christianum
1023 1824 1210 1872 populum
1244 1825 1295 1859 ad
1327 1824 1506 1859 virtutem

195 1879 393 1928 paciencie
427 1880 670 1915 veliementer
701 1881 884 1918 accendit.
931 1881 1006 1916 Aut
1037 1881 1108 1916 ita:
1159 1882 1201 1916 In
1234 1889 1408 1930 tempore
1440 1894 1506 1930 op-

194 1944 375 1985 portuno,
421 1945 460 1972 ut
504 1938 538 1972 in
566 1938 840 1986 persecucione
871 1939 1000 1989 magis
1044 1939 1231 1974 instanter
1269 1940 1315 1975 de
1346 1940 1508 1975 veritate

143 1999 184 2030 30
198 1995 300 2043 fidei
330 1995 546 2040 doceamus,
580 2008 691 2043 quam
727 1996 772 2031 de
804 1996 950 2032 iusticia
975 1997 1295 2043 conversacionis,
1329 1997 1504 2045 quoniam

199 2053 234 2087 in
262 2053 597 2101 persecucionibus
625 2054 716 2101 plus
738 2055 953 2090 necessaria
987 2062 1041 2090 est
1065 2055 1240 2090 doctrina
1261 2055 1363 2104 fidei
1393 2067 1505 2103 quam

199 2111 521 2158 conversacionis,
572 2111 607 2146 in
635 2124 733 2159 pace
776 2119 900 2147 autem
941 2113 1032 2161 plus
1064 2120 1119 2148 est
1163 2113 1378 2148 necessaria
1419 2114 1506 2148 doc-

200 2168 301 2202 trina
335 2168 644 2204 conversacionis
676 2181 788 2217 quam
812 2170 932 2219 fidei;
983 2170 1160 2218 quoniam
1200 2171 1235 2205 in
1264 2171 1505 2219 persecucio-

200 2226 308 2261 nibus
330 2238 402 2261 non
430 2233 598 2275 propter
620 2228 955 2263 conversacionem
979 2240 1086 2263 suam
1111 2229 1246 2263 bonam
1281 2229 1342 2264 vel
1363 2228 1504 2263 malam

142 2283 352 2318 35veniunt
383 2284 585 2319 christiani
603 2285 672 2320 sed
689 2292 854 2333 propter
874 2285 976 2335 fidei
1003 2285 1294 2333 consessionem,
1327 2286 1505 2334 quoniam

199 2341 234 2375 in
262 2342 534 2389 persecucione
566 2342 673 2391 fides
704 2342 1007 2379 christianorum
1037 2343 1299 2392 periclitatur,
1346 2344 1381 2378 in
1409 2356 1507 2392 pace

199 2405 324 2433 autem
359 2406 520 2435 ltlStlcza.

257 2457 415 2492 ‘Beatus
459 2457 523 2493 ille
565 2470 700 2493 servus
740 2470 846 2506 quem
893 2471 976 2494 cum
1023 2459 1168 2494 venerit
1213 2459 1390 2495 dominus
1428 2459 1506 2495 eius

199 2513 385 2550 invenerit
405 2514 460 2550 sic
472 2515 712 2563 facientem.³
745 2517 977 2560 Quomodo?
999 2517 1105 2551 Sicut
1126 2517 1303 2565 superius
1322 2516 1504 2562 diximus,

266 2771 294 2794 ι.
312 2764 355 2789 A:
378 2764 470 2790 mullo
491 2764 581 2790 deest.
674 2772 706 2791 11
729 2765 770 2791 A:
794 2765 896 2799 ιἰῃιοηι
889 2773 937 2791 lm
958 2768 1145 2803 tempestate.
1252 2766 1292 2791 16
1316 2766 1357 2792 A:
1380 2766 1506 2792 ecclesie

199 2797 297 2831 deest;
318 2797 357 2824 ib.
379 2798 423 2825 A:
445 2798 535 2825 (tabet
550 2799 689 2833 populos.
772 2807 809 2832 17.
837 2800 879 2826 A:
896 2807 1038 2866 ¹“q'tcasz—
1045 2807 1201 2826 annonam
1223 2800 1315 2826 deest.
1397 2807 1436 2833 9.
1458 2802 1503 2827 A:

199 2832 321 2866 Ῑααηάο
343 2832 436 2859 deest.
532 2840 575 2859 22
598 2833 636 2859 [ἅτ
659 2833 803 2860 tubicma.
937 2835 1008 2861 ..A
1031 2836 1058 2860 et
1079 2834 1170 2860 deest.
1262 2834 1307 2861 2Q.
1328 2834 1372 2861 A.
1393 2834 1431 2861 At
1450 2835 1502 2861 i.t‹z

1307 2881 1370 2913 15*

1571 1632 1670 1674 sound
1692 1648 1726 1674 ot
1742 1655 1757 1673 a

1587 1686 1731 1717 tlumpet.
