1986 3289
197 201 278 239 270

219 1436 286 1463 The
307 1437 443 1464 usurers'

249 1471 345 1498 rables
366 1479 417 1499 are

244 1507 416 1542 scripture.

238 1737 325 1764 Bodil
369 1737 428 1763 and

195 1772 324 1806 spiritua
358 1780 463 1807 usury.

202 2303 349 2338 Spiritual
372 2311 466 2339 usury

205 2338 231 2365 is
252 2343 282 2365 to
303 2339 352 2365 the
374 2338 462 2373 profit

807 200 925 231 OPUS
950 199 1288 232 EVANGELICUM
1316 201 1400 232 LIB.
1426 201 1480 232 ΙΙΙ.
1546 190 1653 243 [CAP-
1677 197 1796 225 LXXII·

479 318 670 368 paulatim
711 330 786 366 per
833 329 966 354 sensus
1018 318 1245 367 corporales
1288 319 1484 354 exinanita
1523 319 1575 354 ad
1614 320 1797 356 nichilum

486 376 605 422 vadit,
651 376 686 412 si
715 383 841 411 autem
890 376 1061 411 excitata
1104 376 1314 425 scripturis
1346 383 1381 412 et
1414 377 1673 413 locucionibus
1704 378 1799 414 assi—

487 434 572 470 duis
605 434 759 479 usitata,
814 434 994 483 operibus
1041 434 1147 470 bonis
1180 434 1385 483 vivificata,
1428 447 1501 470 non
1545 436 1669 471 solum
1716 436 1800 472 dico

486 492 810 542 multiplicabitur
841 492 911 528 sed
937 503 1129 540 nunquam
1164 492 1303 528 desinit
1341 504 1517 528 crescere
1556 493 1677 530 donec
1709 494 1800 530 vivit

485 550 609 586 homo.

542 607 743 657 Numquid
773 620 842 643 nos
874 619 925 643 ex
956 607 1063 644 nobis
1096 608 1164 643 hec
1187 607 1379 643 dicimus?
1410 609 1497 657 Ipse
1521 608 1680 657 denique
1705 621 1801 657 pro-

480 667 598 715 pheta
631 666 667 701 in
696 665 889 715 principio
924 666 1171 702 Psalmorum
1211 678 1371 702 suorum
1404 666 1504 701 hunc
1536 666 1690 702 nunciat
1722 679 1802 703 esse

486 724 639 763 lectum.
672 724 775 759 Nam
809 736 894 759 cum
929 723 1113 760 dixisset:
1158 724 1302 760 Beatus
1337 724 1397 759 vir
1428 724 1494 772 qui
1535 736 1607 759 nou
1640 724 1733 760 abiit
1764 725 1800 760 in

485 782 645 818 concilio
689 782 896 831 impiorum
931 789 965 817 et
1004 781 1040 817 in
1074 781 1134 817 via
1163 789 1414 831 peccatorum
1455 794 1527 817 non
1559 781 1662 818 stetit
1697 789 1733 818 et
1765 783 1800 818 in

485 840 672 876 cathedra
700 839 922 889 pestilencie
966 852 1038 875 non
1069 840 1180 886 sedit,
1227 840 1399 875 addidit:
1443 840 1495 875 Et
1527 839 1562 874 in
1603 840 1690 890 lege
1720 840 1802 876 Do-

485 898 578 934 mini
622 898 799 933 voluntas
846 898 939 943 eius,
987 905 1021 933 et
1053 898 1089 933 in
1123 898 1210 948 lege
1254 898 1332 934 eius
1377 897 1628 933 meditabitur
1666 898 1726 933 die
1757 911 1802 934 ac

485 963 605 992 nocte.
658 956 712 991 Et
755 956 857 1004 quod
902 956 950 991 sit
992 956 1143 991 lucrum
1184 956 1450 992 meditacionis
1488 956 1568 991 eius
1599 956 1711 991 audi:
1750 956 1803 992 Et

487 1014 573 1059 erit,
596 1014 729 1063 inquit,
763 1021 958 1063 tamquam
985 1014 1133 1064 lignum
1157 1015 1259 1063 quod
1285 1014 1492 1063 plantatur
1513 1014 1622 1050 iuxta
1656 1014 1804 1050 rivulos

485 1085 675 1121 aquarum
724 1072 825 1120 quod
845 1073 1027 1120 fructum
1072 1084 1181 1108 suum
1217 1072 1322 1108 dabit
1369 1072 1404 1108 in
1439 1080 1611 1121 tempore
1642 1084 1724 1119 suo,
1768 1079 1802 1108 et

484 1130 633 1179 folium
658 1130 738 1166 eius
760 1142 832 1166 non
857 1130 998 1180 defluet
1029 1138 1065 1166 et
1097 1142 1209 1166 omne
1228 1130 1332 1179 quod
1352 1130 1458 1179 facit
1486 1130 1800 1179 prosperabitur.

485 1189 569 1224 Hec
603 1187 883 1226 Crisostomus.

961 1336 1098 1377 CAP.
1131 1336 1336 1377 LXXII.

542 1432 711 1468 Videtur
749 1433 855 1469 hunc
900 1440 1082 1469 sanctum
1124 1433 1197 1468 sub
1230 1445 1310 1468 uno
1349 1431 1558 1468 involucro
1604 1443 1800 1480 exponere

485 1500 567 1527 tam
603 1491 841 1539 parabolam
875 1490 1042 1526 Matthei
1077 1502 1197 1538 quam
1233 1492 1352 1535 Luce,
1394 1499 1431 1526 et
1465 1490 1670 1537 signanter
1702 1502 1801 1538 pon-

486 1551 599 1585 derat
632 1550 799 1585 verbum
835 1550 883 1585 de
917 1548 1090 1585 dacione
1129 1547 1300 1596 pecunie
1333 1549 1383 1584 ad
1418 1560 1610 1593 mensam,
1666 1549 1801 1584 catho-

485 1607 561 1643 lice
606 1606 833 1655 intelligens
877 1620 949 1654 per
982 1619 1164 1643 mensam
1204 1606 1447 1654 scripturam
1481 1618 1653 1651 sacram,
1706 1605 1801 1654 quia

486 1666 589 1701 sicut
622 1664 885 1701 nummularii
909 1665 1058 1701 habent
1093 1676 1272 1700 mensam
1298 1677 1416 1712 super
1440 1677 1561 1712 quam
1596 1673 1799 1700 monetam

486 1736 599 1760 suam
654 1723 854 1759 calculant
900 1731 937 1759 et
980 1731 1162 1768 usurant,
1196 1722 1252 1759 sic
1290 1722 1553 1770 spiritualiter
1591 1731 1801 1758 usurantes

487 1783 634 1818 debent
666 1781 813 1817 habere
846 1781 989 1817 stabile
1022 1781 1330 1816 fundamentum
1373 1780 1465 1817 fidei
1497 1780 1694 1828 scripture
1727 1793 1800 1828 pro

486 1852 726 1888 quacunque
759 1852 830 1875 sua
862 1839 1012 1875 noticia
1042 1839 1279 1875 calculanda
1313 1847 1349 1875 et
1381 1850 1663 1887 quamcunque
1696 1837 1800 1874 noti-

486 1898 588 1934 ciam
636 1910 712 1946 que
757 1897 874 1934 fuerit
915 1897 1007 1933 huic
1042 1909 1177 1933 mense
1210 1896 1415 1933 contraria
1449 1897 1595 1933 debent
1629 1895 1799 1932 abicere.

544 1957 730 1993 Secundo
760 1955 918 1991 videtur
951 1956 1060 1991 hunc
1093 1963 1276 1991 sanctum
1312 1955 1509 2003 duplicem
1546 1967 1708 1991 usuram
1743 1953 1801 1990 in-

486 2014 678 2062 telligere,
713 2013 865 2050 scilicet
906 2026 1070 2049 usuram
1106 2014 1360 2061 corporalem
1395 2026 1515 2061 quam
1551 2011 1659 2049 avari
1694 2024 1801 2049 exer-

487 2081 589 2117 cent,
622 2072 714 2108 licet
747 2071 864 2107 fuerit
898 2084 919 2107 a
952 2071 1127 2107 Domino
1168 2072 1384 2119 reprobata
1418 2079 1454 2106 et
1487 2083 1649 2106 usuram
1683 2070 1799 2119 spiri-

1821 854 1859 874 10

1822 1132 1859 1164 15

1818 1562 1859 1583 20

1818 1842 1856 1874 25

486 2131 635 2166 tualem
671 2142 792 2178 quam
828 2130 1009 2166 Christus
1044 2129 1228 2177 precipit,
1282 2138 1325 2165 ut
1359 2137 1468 2177 patet
1501 2128 1542 2164 in
1574 2127 1649 2164 ista
1683 2140 1799 2177 para·
1816 2133 1857 2164 30

487 2188 590 2224 bola.
642 2189 771 2224 Usura
806 2196 939 2223 autem
986 2187 1096 2236 prior
1144 2196 1201 2223 est
1245 2186 1529 2234 dampnabilis,
1583 2199 1671 2222 cum
1721 2186 1800 2222 sint

488 2245 625 2294 cupidi
658 2246 742 2282 sine
777 2245 944 2282 caritate
976 2245 1185 2282 vendentis
1219 2253 1377 2293 tempus
1411 2243 1671 2292 blasphemie.

546 2305 622 2340 Sed
667 2303 792 2340 tercia
840 2316 961 2339 usura
1009 2311 1066 2339 est
1111 2303 1334 2349 caritativa,
1389 2315 1480 2339 cum
1514 2302 1564 2339 sit
1598 2302 1800 2350 profectus

206 2373 240 2400 of
258 2381 340 2405 man,
362 2377 413 2400 not
434 2373 469 2400 of
488 2361 677 2408 hominis,
724 2361 788 2398 cui
820 2370 1008 2398 usurator
1043 2360 1165 2409 gratis
1199 2362 1321 2397 donat
1356 2362 1460 2397 bona
1493 2373 1564 2396 sua
1597 2361 1647 2396 ad
1681 2359 1798 2396 finem

485 2429 528 2456 ut
561 2419 636 2456 sibi
670 2419 898 2468 proficiant,
932 2432 1011 2456 non
1045 2419 1225 2455 donanti.
1261 2421 1365 2455 Deus
1399 2431 1492 2467 ergo
1525 2431 1605 2454 non
1635 2417 1800 2466 requirit
1817 2420 1857 2453 35

297 2407 376 2435 God.

556 2623 585 2646 ,μ
607 2615 650 2641 A:
673 2613 914 2648 multiplicatur,-
935 2614 975 2640 ib.
997 2614 1041 2640 A:
1065 2614 1165 2640 erexit
1184 2612 1305 2639 desinit.
1369 2613 1397 2639 6.
1418 2612 1462 2639 A:
1484 2611 1537 2638 lrec
1557 2612 1652 2638 deest.
1708 2620 1733 2645 7.
1756 2611 1799 2638 A·

488 2650 669 2676 annunciat.
762 2650 788 2676 ὃ.
811 2650 854 2675 Α;
877 2649 1022 2676 audisset.
1110 2656 1147 2675 ιε.
1171 2648 1209 2674 B:
1231 2647 1271 2674 sit
1291 2648 1386 2674 deest.
1462 2645 1499 2673 13.
1520 2647 1564 2673 A:
1587 2645 1686 2680 inquit
1707 2646 1800 2672 deest.

489 2692 529 2715 Μ.
551 2684 595 2710 Α;
616 2692 672 2710 suo
693 2683 790 2710 deest.
865 2683 904 2709 18.
927 2683 999 2710 Ain
1015 2691 1130 2717 marg:
1150 2683 1318 2709 Jolzannes.
1392 2681 1433 2708 23.
1455 2682 1501 2708 A:
1525 2681 1573 2707 hic
1592 2681 1632 2707 iu.
1707 2688 1752 2715 27.
1773 2680 1801 2707 A

488 2718 516 2744 in
541 2726 654 2752 marg:
678 2725 705 2744 2.
798 2716 835 2744 31.
858 2717 897 2744 B:
919 2725 984 2744 cum
1003 2718 1051 2744 sit.
1143 2717 1185 2744 32.
1208 2717 1246 2743 B:
1267 2716 1407 2744 videntis.

557 2814 587 2843 8.
616 2813 743 2844 l'salm.
774 2814 795 2852 l,
830 2824 853 2844 1.
958 2824 1005 2843 lo.
1034 2813 1078 2843 ib.
1107 2814 1136 2844 3.
