<?xml version="1.0" encoding="UTF-8"?>
<!DOCTYPE html PUBLIC "-//W3C//DTD XHTML 1.0 Transitional//EN"
    "http://www.w3.org/TR/xhtml1/DTD/xhtml1-transitional.dtd">
<html xmlns="http://www.w3.org/1999/xhtml" xml:lang="en" lang="en">
 <head>
  <title>
</title>
<meta http-equiv="Content-Type" content="text/html;charset=utf-8" />
  <meta name='ocr-system' content='tesseract 3.04.00' />
  <meta name='ocr-capabilities' content='ocr_page ocr_carea ocr_par ocr_line ocrx_word'/>
</head>
<body>
  <div class='ocr_page' id='page_1' title='image "./opusevangelicum34wycl/opusevangelicum34wycl_0359.png"; bbox 0 0 1986 3289; ppageno 0'>
   <div class='ocr_carea' id='block_1_1' title="bbox 167 221 1771 274">
    <p class='ocr_par' dir='ltr' id='par_1_1' title="bbox 167 221 1771 274">
     <span class='ocr_line' id='line_1_1' title="bbox 167 221 1771 274; baseline 0.002 -13"><span class='ocrx_word' id='word_1_1' title='bbox 167 230 255 257; x_wconf 84' lang='lat' dir='ltr'>CAP-</span> <span class='ocrx_word' id='word_1_2' title='bbox 278 221 345 274; x_wconf 75' lang='lat' dir='ltr'>XL]</span> <span class='ocrx_word' id='word_1_3' title='bbox 533 232 591 263; x_wconf 89' lang='lat' dir='ltr'>DE</span> <span class='ocrx_word' id='word_1_4' title='bbox 619 230 934 263; x_wconf 84' lang='lat' dir='ltr'>ANTICHRISTO</span> <span class='ocrx_word' id='word_1_5' title='bbox 962 231 1046 262; x_wconf 87' lang='lat' dir='ltr'>LIB.</span> <span class='ocrx_word' id='word_1_6' title='bbox 1074 231 1110 262; x_wconf 89' lang='lat'>11.</span> <span class='ocrx_word' id='word_1_7' title='bbox 1696 234 1771 271; x_wconf 79' lang='lat'>321</span> 
     </span>
    </p>
   </div>
   <div class='ocr_carea' id='block_1_2' title="bbox 167 336 1778 444">
    <p class='ocr_par' dir='ltr' id='par_1_2' title="bbox 167 336 1778 444">
     <span class='ocr_line' id='line_1_2' title="bbox 167 336 1733 391; baseline -0.002 -16"><span class='ocrx_word' id='word_1_8' title='bbox 167 338 389 387; x_wconf 85' lang='lat' dir='ltr'>preciosius</span> <span class='ocrx_word' id='word_1_9' title='bbox 437 351 556 386; x_wconf 89' lang='lat' dir='ltr'>quam</span> <span class='ocrx_word' id='word_1_10' title='bbox 603 338 753 374; x_wconf 89' lang='lat' dir='ltr'>bonum</span> <span class='ocrx_word' id='word_1_11' title='bbox 802 336 967 385; x_wconf 80' lang='lat' dir='ltr'>aliquod</span> <span class='ocrx_word' id='word_1_12' title='bbox 999 338 1235 386; x_wconf 83' lang='lat' dir='ltr'>temporale.</span> <span class='ocrx_word' id='word_1_13' title='bbox 1277 337 1317 374; x_wconf 86' lang='lat' dir='ltr'>Si</span> <span class='ocrx_word' id='word_1_14' title='bbox 1350 346 1483 374; x_wconf 90' lang='lat' dir='ltr'>autem</span> <span class='ocrx_word' id='word_1_15' title='bbox 1541 356 1599 383; x_wconf 77' lang='lat' dir='ltr'>and</span> <span class='ocrx_word' id='word_1_16' title='bbox 1622 356 1647 383; x_wconf 87' lang='lat' dir='ltr'>if</span> <span class='ocrx_word' id='word_1_17' title='bbox 1664 356 1733 391; x_wconf 75' lang='lat' dir='ltr'>tlxey</span> 
     </span>
     <span class='ocr_line' id='line_1_3' title="bbox 167 391 1778 444; baseline -0.004 -11"><span class='ocrx_word' id='word_1_18' title='bbox 167 397 244 433; x_wconf 87' lang='lat' dir='ltr'>sint</span> <span class='ocrx_word' id='word_1_19' title='bbox 278 396 317 432; x_wconf 85' lang='lat' dir='ltr'>in</span> <span class='ocrx_word' id='word_1_20' title='bbox 341 395 543 444; x_wconf 87' lang='lat' dir='ltr'>corporali</span> <span class='ocrx_word' id='word_1_21' title='bbox 566 394 746 443; x_wconf 84' lang='lat' dir='ltr'>penuria,</span> <span class='ocrx_word' id='word_1_22' title='bbox 782 396 890 443; x_wconf 88' lang='lat' dir='ltr'>quod</span> <span class='ocrx_word' id='word_1_23' title='bbox 915 394 1088 443; x_wconf 69' lang='lat' dir='ltr'>⁴quidam</span> <span class='ocrx_word' id='word_1_24' title='bbox 1113 404 1256 432; x_wconf 85' lang='lat' dir='ltr'>vocant</span> <span class='ocrx_word' id='word_1_25' title='bbox 1280 395 1319 431; x_wconf 90' lang='lat' dir='ltr'>in</span> <span class='ocrx_word' id='word_1_26' title='bbox 1345 395 1486 431; x_wconf 86' lang='lat' dir='ltr'>ultima</span> <span class='ocrx_word' id='word_1_27' title='bbox 1504 392 1577 418; x_wconf 78' lang='lat' dir='ltr'>need</span> <span class='ocrx_word' id='word_1_28' title='bbox 1600 391 1622 417; x_wconf 88' lang='lat' dir='ltr'>it</span> <span class='ocrx_word' id='word_1_29' title='bbox 1643 399 1688 416; x_wconf 80' lang='lat' dir='ltr'>we</span> <span class='ocrx_word' id='word_1_30' title='bbox 1710 398 1778 426; x_wconf 79' lang='lat' dir='ltr'>may</span> 
     </span>
    </p>
   </div>
   <div class='ocr_carea' id='block_1_3' title="bbox 114 425 1766 906">
    <p class='ocr_par' dir='ltr' id='par_1_3' title="bbox 167 425 1732 501">
     <span class='ocr_line' id='line_1_4' title="bbox 167 425 1732 501; baseline -0.003 -10"><span class='ocrx_word' id='word_1_31' title='bbox 167 454 419 500; x_wconf 83' lang='lat' dir='ltr'>necessitate,</span> <span class='ocrx_word' id='word_1_32' title='bbox 475 454 611 490; x_wconf 90' lang='lat' dir='ltr'>fideles</span> <span class='ocrx_word' id='word_1_33' title='bbox 664 452 731 501; x_wconf 90' lang='lat' dir='ltr'>qui</span> <span class='ocrx_word' id='word_1_34' title='bbox 772 454 922 489; x_wconf 86' lang='lat' dir='ltr'>habent</span> <span class='ocrx_word' id='word_1_35' title='bbox 974 455 1023 489; x_wconf 92' lang='lat' dir='ltr'>ad</span> <span class='ocrx_word' id='word_1_36' title='bbox 1072 454 1148 490; x_wconf 89' lang='lat' dir='ltr'>hoc</span> <span class='ocrx_word' id='word_1_37' title='bbox 1195 452 1486 490; x_wconf 87' lang='lat' dir='ltr'>sufficienciam</span> <span class='ocrx_word' id='word_1_38' title='bbox 1544 425 1732 487; x_wconf 39' lang='lat' dir='ltr'>glvrielffii&#39;l)</span> 
     </span>
    </p>

    <p class='ocr_par' dir='ltr' id='par_1_4' title="bbox 166 510 1486 560">
     <span class='ocr_line' id='line_1_5' title="bbox 166 510 1486 560; baseline -0.002 -11"><span class='ocrx_word' id='word_1_39' title='bbox 166 511 453 560; x_wconf 84' lang='lat' dir='ltr'>temporalium</span> <span class='ocrx_word' id='word_1_40' title='bbox 477 520 598 560; x_wconf 88' lang='lat' dir='ltr'>atque</span> <span class='ocrx_word' id='word_1_41' title='bbox 631 510 816 559; x_wconf 88' lang='lat' dir='ltr'>potencie</span> <span class='ocrx_word' id='word_1_42' title='bbox 841 512 989 547; x_wconf 91' lang='lat' dir='ltr'>debent</span> <span class='ocrx_word' id='word_1_43' title='bbox 1022 523 1089 547; x_wconf 92' lang='lat' dir='ltr'>eos</span> <span class='ocrx_word' id='word_1_44' title='bbox 1121 511 1162 547; x_wconf 91' lang='lat' dir='ltr'>in</span> <span class='ocrx_word' id='word_1_45' title='bbox 1194 510 1486 559; x_wconf 83' lang='lat' dir='ltr'>temporalibus</span> 
     </span>
    </p>

    <p class='ocr_par' dir='ltr' id='par_1_5' title="bbox 134 568 1488 618">
     <span class='ocr_line' id='line_1_6' title="bbox 134 568 1488 618; baseline 0 -13"><span class='ocrx_word' id='word_1_46' title='bbox 134 572 255 607; x_wconf 85' lang='lat' dir='ltr'>5cum</span> <span class='ocrx_word' id='word_1_47' title='bbox 291 569 510 618; x_wconf 81' lang='lat' dir='ltr'>prudencia</span> <span class='ocrx_word' id='word_1_48' title='bbox 544 569 745 615; x_wconf 88' lang='lat' dir='ltr'>adiuvare,</span> <span class='ocrx_word' id='word_1_49' title='bbox 791 568 885 617; x_wconf 89' lang='lat' dir='ltr'>quia</span> <span class='ocrx_word' id='word_1_50' title='bbox 917 581 1036 616; x_wconf 91' lang='lat' dir='ltr'>grave</span> <span class='ocrx_word' id='word_1_51' title='bbox 1066 569 1225 605; x_wconf 86' lang='lat' dir='ltr'>videtur</span> <span class='ocrx_word' id='word_1_52' title='bbox 1266 570 1375 617; x_wconf 85' lang='lat' dir='ltr'>quod</span> <span class='ocrx_word' id='word_1_53' title='bbox 1418 570 1488 605; x_wconf 90' lang='lat' dir='ltr'>bos</span> 
     </span>
    </p>

    <p class='ocr_par' dir='ltr' id='par_1_6' title="bbox 165 626 1486 675">
     <span class='ocr_line' id='line_1_7' title="bbox 165 626 1486 675; baseline -0.001 -11"><span class='ocrx_word' id='word_1_54' title='bbox 165 628 225 665; x_wconf 90' lang='lat' dir='ltr'>vel</span> <span class='ocrx_word' id='word_1_55' title='bbox 268 628 401 664; x_wconf 87' lang='lat' dir='ltr'>asinus</span> <span class='ocrx_word' id='word_1_56' title='bbox 446 626 617 675; x_wconf 85' lang='lat' dir='ltr'>proximi</span> <span class='ocrx_word' id='word_1_57' title='bbox 662 627 778 663; x_wconf 91' lang='lat' dir='ltr'>debet</span> <span class='ocrx_word' id='word_1_58' title='bbox 823 627 871 663; x_wconf 90' lang='lat' dir='ltr'>de</span> <span class='ocrx_word' id='word_1_59' title='bbox 916 635 1038 674; x_wconf 89' lang='lat' dir='ltr'>puteo</span> <span class='ocrx_word' id='word_1_60' title='bbox 1079 626 1205 663; x_wconf 89' lang='lat' dir='ltr'>eciam</span> <span class='ocrx_word' id='word_1_61' title='bbox 1240 626 1279 663; x_wconf 92' lang='lat' dir='ltr'>in</span> <span class='ocrx_word' id='word_1_62' title='bbox 1318 628 1486 663; x_wconf 89' lang='lat' dir='ltr'>sabbato</span> 
     </span>
    </p>

    <p class='ocr_par' dir='ltr' id='par_1_7' title="bbox 167 684 1484 733">
     <span class='ocr_line' id='line_1_8' title="bbox 167 684 1484 733; baseline -0.002 -11"><span class='ocrx_word' id='word_1_63' title='bbox 167 685 318 722; x_wconf 86' lang='lat' dir='ltr'>extrahi</span> <span class='ocrx_word' id='word_1_64' title='bbox 341 694 379 722; x_wconf 89' lang='lat' dir='ltr'>et</span> <span class='ocrx_word' id='word_1_65' title='bbox 400 698 482 722; x_wconf 87' lang='lat' dir='ltr'>non</span> <span class='ocrx_word' id='word_1_66' title='bbox 497 694 641 722; x_wconf 88' lang='lat' dir='ltr'>natura</span> <span class='ocrx_word' id='word_1_67' title='bbox 661 685 798 721; x_wconf 86' lang='lat' dir='ltr'>eadem</span> <span class='ocrx_word' id='word_1_68' title='bbox 826 697 916 721; x_wconf 89' lang='lat' dir='ltr'>cum</span> <span class='ocrx_word' id='word_1_69' title='bbox 941 684 1160 721; x_wconf 85' lang='lat' dir='ltr'>christiano</span> <span class='ocrx_word' id='word_1_70' title='bbox 1184 686 1234 722; x_wconf 92' lang='lat' dir='ltr'>ad</span> <span class='ocrx_word' id='word_1_71' title='bbox 1256 684 1484 733; x_wconf 85' lang='lat' dir='ltr'>ymaginem</span> 
     </span>
    </p>

    <p class='ocr_par' dir='ltr' id='par_1_8' title="bbox 167 743 389 780">
     <span class='ocr_line' id='line_1_9' title="bbox 167 743 389 780; baseline -0.005 0"><span class='ocrx_word' id='word_1_72' title='bbox 167 743 240 780; x_wconf 91' lang='lat' dir='ltr'>Dei</span> <span class='ocrx_word' id='word_1_73' title='bbox 272 744 389 780; x_wconf 87' lang='lat' dir='ltr'>facta.</span> 
     </span>
    </p>

    <p class='ocr_par' dir='ltr' id='par_1_9' title="bbox 225 797 1766 859">
     <span class='ocr_line' id='line_1_10' title="bbox 225 797 1766 859; baseline -0.001 -22"><span class='ocrx_word' id='word_1_74' title='bbox 225 803 267 837; x_wconf 91' lang='lat' dir='ltr'>In</span> <span class='ocrx_word' id='word_1_75' title='bbox 300 800 375 838; x_wconf 91' lang='lat' dir='ltr'>hiis</span> <span class='ocrx_word' id='word_1_76' title='bbox 409 808 544 838; x_wconf 88' lang='lat' dir='ltr'>autern</span> <span class='ocrx_word' id='word_1_77' title='bbox 581 809 637 836; x_wconf 91' lang='lat' dir='ltr'>est</span> <span class='ocrx_word' id='word_1_78' title='bbox 667 799 887 848; x_wconf 87' lang='lat' dir='ltr'>prudencia</span> <span class='ocrx_word' id='word_1_79' title='bbox 922 800 1187 846; x_wconf 87' lang='lat' dir='ltr'>moderanda,</span> <span class='ocrx_word' id='word_1_80' title='bbox 1222 800 1354 848; x_wconf 88' lang='lat' dir='ltr'>primo</span> <span class='ocrx_word' id='word_1_81' title='bbox 1378 802 1486 848; x_wconf 89' lang='lat' dir='ltr'>quod</span> <span class='ocrx_word' id='word_1_82' title='bbox 1515 797 1766 859; x_wconf 50' lang='lat' dir='ltr'>Bututilt‘ssffifflubt</span> 
     </span>
    </p>

    <p class='ocr_par' dir='ltr' id='par_1_10' title="bbox 114 840 1760 906">
     <span class='ocr_line' id='line_1_11' title="bbox 114 840 1760 906; baseline -0.001 -11"><span class='ocrx_word' id='word_1_83' title='bbox 114 875 151 895; x_wconf 90' lang='lat'>10</span> <span class='ocrx_word' id='word_1_84' title='bbox 166 860 350 896; x_wconf 91' lang='lat' dir='ltr'>hortetur</span> <span class='ocrx_word' id='word_1_85' title='bbox 381 858 471 895; x_wconf 86' lang='lat' dir='ltr'>talis</span> <span class='ocrx_word' id='word_1_86' title='bbox 504 858 642 905; x_wconf 88' lang='lat' dir='ltr'>refuga</span> <span class='ocrx_word' id='word_1_87' title='bbox 675 866 718 894; x_wconf 91' lang='lat' dir='ltr'>ut</span> <span class='ocrx_word' id='word_1_88' title='bbox 751 857 879 905; x_wconf 86' lang='lat' dir='ltr'>ipsam</span> <span class='ocrx_word' id='word_1_89' title='bbox 915 859 1073 894; x_wconf 89' lang='lat' dir='ltr'>deserat</span> <span class='ocrx_word' id='word_1_90' title='bbox 1092 857 1302 894; x_wconf 90' lang='lat' dir='ltr'>discoliam</span> <span class='ocrx_word' id='word_1_91' title='bbox 1328 867 1364 894; x_wconf 88' lang='lat' dir='ltr'>et</span> <span class='ocrx_word' id='word_1_92' title='bbox 1387 870 1486 906; x_wconf 90' lang='lat' dir='ltr'>pure</span> <span class='ocrx_word' id='word_1_93' title='bbox 1518 840 1620 901; x_wconf 45' lang='lat' dir='ltr'>order,</span> <span class='ocrx_word' id='word_1_94' title='bbox 1642 868 1701 893; x_wconf 80' lang='lat' dir='ltr'>and</span> <span class='ocrx_word' id='word_1_95' title='bbox 1722 874 1760 900; x_wconf 67' lang='lat' dir='ltr'>go</span> 
     </span>
    </p>
   </div>
   <div class='ocr_carea' id='block_1_4' title="bbox 166 902 1728 971">
    <p class='ocr_par' dir='ltr' id='par_1_11' title="bbox 166 902 1728 971">
     <span class='ocr_line' id='line_1_12' title="bbox 166 902 1728 971; baseline -0.001 -17"><span class='ocrx_word' id='word_1_96' title='bbox 166 926 316 954; x_wconf 89' lang='lat' dir='ltr'>sectam</span> <span class='ocrx_word' id='word_1_97' title='bbox 342 916 489 953; x_wconf 90' lang='lat' dir='ltr'>Christi</span> <span class='ocrx_word' id='word_1_98' title='bbox 523 924 704 964; x_wconf 87' lang='lat' dir='ltr'>acceptet</span> <span class='ocrx_word' id='word_1_99' title='bbox 728 924 764 952; x_wconf 93' lang='lat' dir='ltr'>et</span> <span class='ocrx_word' id='word_1_100' title='bbox 787 917 1048 964; x_wconf 87' lang='lat' dir='ltr'>postmodum</span> <span class='ocrx_word' id='word_1_101' title='bbox 1074 917 1250 953; x_wconf 90' lang='lat' dir='ltr'>secundo</span> <span class='ocrx_word' id='word_1_102' title='bbox 1274 915 1485 964; x_wconf 88' lang='lat' dir='ltr'>supposito</span> <span class='ocrx_word' id='word_1_103' title='bbox 1547 902 1728 971; x_wconf 46' lang='lat' dir='ltr'>t23‘32{i{‚¹t</span> 
     </span>
    </p>
   </div>
   <div class='ocr_carea' id='block_1_5' title="bbox 39 973 1775 2062">
    <p class='ocr_par' dir='ltr' id='par_1_12' title="bbox 110 973 1487 1485">
     <span class='ocr_line' id='line_1_13' title="bbox 167 973 1487 1023; baseline 0 -12"><span class='ocrx_word' id='word_1_104' title='bbox 167 976 275 1023; x_wconf 90' lang='lat' dir='ltr'>quod</span> <span class='ocrx_word' id='word_1_105' title='bbox 308 974 357 1011; x_wconf 92' lang='lat' dir='ltr'>sit</span> <span class='ocrx_word' id='word_1_106' title='bbox 389 973 543 1011; x_wconf 88' lang='lat' dir='ltr'>validus</span> <span class='ocrx_word' id='word_1_107' title='bbox 577 973 616 1009; x_wconf 88' lang='lat' dir='ltr'>in</span> <span class='ocrx_word' id='word_1_108' title='bbox 650 985 819 1021; x_wconf 90' lang='lat' dir='ltr'>corpore</span> <span class='ocrx_word' id='word_1_109' title='bbox 853 982 890 1010; x_wconf 93' lang='lat' dir='ltr'>et</span> <span class='ocrx_word' id='word_1_110' title='bbox 935 986 1019 1010; x_wconf 91' lang='lat' dir='ltr'>non</span> <span class='ocrx_word' id='word_1_111' title='bbox 1052 973 1091 1009; x_wconf 87' lang='lat' dir='ltr'>in</span> <span class='ocrx_word' id='word_1_112' title='bbox 1125 973 1193 1010; x_wconf 84' lang='lat' dir='ltr'>tali</span> <span class='ocrx_word' id='word_1_113' title='bbox 1229 973 1372 1010; x_wconf 89' lang='lat' dir='ltr'>ultima</span> <span class='ocrx_word' id='word_1_114' title='bbox 1419 987 1487 1011; x_wconf 90' lang='lat' dir='ltr'>ne-</span> 
     </span>
     <span class='ocr_line' id='line_1_14' title="bbox 166 1031 1485 1080; baseline -0.001 -11"><span class='ocrx_word' id='word_1_115' title='bbox 166 1032 350 1070; x_wconf 84' lang='lat' dir='ltr'>cessitate</span> <span class='ocrx_word' id='word_1_116' title='bbox 394 1031 530 1068; x_wconf 89' lang='lat' dir='ltr'>doceri</span> <span class='ocrx_word' id='word_1_117' title='bbox 576 1032 693 1067; x_wconf 90' lang='lat' dir='ltr'>debet</span> <span class='ocrx_word' id='word_1_118' title='bbox 739 1032 846 1079; x_wconf 91' lang='lat' dir='ltr'>quod</span> <span class='ocrx_word' id='word_1_119' title='bbox 897 1032 1117 1068; x_wconf 90' lang='lat' dir='ltr'>secundum</span> <span class='ocrx_word' id='word_1_120' title='bbox 1162 1032 1289 1080; x_wconf 87' lang='lat' dir='ltr'>legem</span> <span class='ocrx_word' id='word_1_121' title='bbox 1337 1032 1485 1068; x_wconf 89' lang='lat' dir='ltr'>Christi</span> 
     </span>
     <span class='ocr_line' id='line_1_15' title="bbox 166 1089 1486 1138; baseline -0.001 -11"><span class='ocrx_word' id='word_1_122' title='bbox 166 1091 283 1127; x_wconf 90' lang='lat' dir='ltr'>debet</span> <span class='ocrx_word' id='word_1_123' title='bbox 314 1089 488 1138; x_wconf 88' lang='lat' dir='ltr'>propriis</span> <span class='ocrx_word' id='word_1_124' title='bbox 522 1089 706 1125; x_wconf 88' lang='lat' dir='ltr'>manibus</span> <span class='ocrx_word' id='word_1_125' title='bbox 737 1089 934 1125; x_wconf 90' lang='lat' dir='ltr'>laborare.</span> <span class='ocrx_word' id='word_1_126' title='bbox 973 1089 1191 1137; x_wconf 89' lang='lat' dir='ltr'>Supposito</span> <span class='ocrx_word' id='word_1_127' title='bbox 1219 1098 1352 1126; x_wconf 87' lang='lat' dir='ltr'>autem</span> <span class='ocrx_word' id='word_1_128' title='bbox 1378 1092 1486 1138; x_wconf 88' lang='lat' dir='ltr'>quod</span> 
     </span>
     <span class='ocr_line' id='line_1_16' title="bbox 113 1146 1486 1196; baseline -0.001 -11"><span class='ocrx_word' id='word_1_129' title='bbox 113 1153 149 1185; x_wconf 86' lang='lat'>15</span> <span class='ocrx_word' id='word_1_130' title='bbox 166 1148 215 1185; x_wconf 89' lang='lat' dir='ltr'>sit</span> <span class='ocrx_word' id='word_1_131' title='bbox 249 1148 375 1196; x_wconf 88' lang='lat' dir='ltr'>magis</span> <span class='ocrx_word' id='word_1_132' title='bbox 407 1147 591 1195; x_wconf 87' lang='lat' dir='ltr'>indigens</span> <span class='ocrx_word' id='word_1_133' title='bbox 624 1146 765 1183; x_wconf 88' lang='lat' dir='ltr'>ultime</span> <span class='ocrx_word' id='word_1_134' title='bbox 798 1147 1026 1183; x_wconf 88' lang='lat' dir='ltr'>necessitati</span> <span class='ocrx_word' id='word_1_135' title='bbox 1068 1147 1349 1196; x_wconf 86' lang='lat' dir='ltr'>propinquior,</span> <span class='ocrx_word' id='word_1_136' title='bbox 1390 1156 1486 1184; x_wconf 91' lang='lat' dir='ltr'>tunc</span> 
     </span>
     <span class='ocr_line' id='line_1_17' title="bbox 166 1204 1486 1255; baseline 0 -13"><span class='ocrx_word' id='word_1_137' title='bbox 166 1214 298 1255; x_wconf 89' lang='lat' dir='ltr'>potest</span> <span class='ocrx_word' id='word_1_138' title='bbox 331 1207 402 1242; x_wconf 89' lang='lat' dir='ltr'>sub</span> <span class='ocrx_word' id='word_1_139' title='bbox 427 1204 665 1242; x_wconf 88' lang='lat' dir='ltr'>condicione</span> <span class='ocrx_word' id='word_1_140' title='bbox 698 1214 740 1241; x_wconf 88' lang='lat' dir='ltr'>ut</span> <span class='ocrx_word' id='word_1_141' title='bbox 774 1205 876 1242; x_wconf 89' lang='lat' dir='ltr'>hanc</span> <span class='ocrx_word' id='word_1_142' title='bbox 901 1204 1109 1242; x_wconf 87' lang='lat' dir='ltr'>discoliam</span> <span class='ocrx_word' id='word_1_143' title='bbox 1139 1207 1297 1242; x_wconf 87' lang='lat' dir='ltr'>deserat</span> <span class='ocrx_word' id='word_1_144' title='bbox 1321 1214 1357 1241; x_wconf 92' lang='lat' dir='ltr'>et</span> <span class='ocrx_word' id='word_1_145' title='bbox 1380 1215 1486 1242; x_wconf 90' lang='lat' dir='ltr'>secte</span> 
     </span>
     <span class='ocr_line' id='line_1_18' title="bbox 167 1262 1485 1310; baseline -0.001 -10"><span class='ocrx_word' id='word_1_146' title='bbox 167 1263 316 1300; x_wconf 89' lang='lat' dir='ltr'>Christi</span> <span class='ocrx_word' id='word_1_147' title='bbox 350 1264 541 1300; x_wconf 82' lang='lat' dir='ltr'>adhereat</span> <span class='ocrx_word' id='word_1_148' title='bbox 578 1262 619 1299; x_wconf 90' lang='lat' dir='ltr'>in</span> <span class='ocrx_word' id='word_1_149' title='bbox 659 1262 952 1310; x_wconf 86' lang='lat' dir='ltr'>temporalibus</span> <span class='ocrx_word' id='word_1_150' title='bbox 987 1276 1078 1299; x_wconf 88' lang='lat' dir='ltr'>cum</span> <span class='ocrx_word' id='word_1_151' title='bbox 1114 1263 1393 1300; x_wconf 87' lang='lat' dir='ltr'>moderamine</span> <span class='ocrx_word' id='word_1_152' title='bbox 1426 1276 1485 1300; x_wconf 91' lang='lat' dir='ltr'>re-</span> 
     </span>
     <span class='ocr_line' id='line_1_19' title="bbox 166 1320 1485 1369; baseline -0.001 -11"><span class='ocrx_word' id='word_1_153' title='bbox 166 1321 311 1366; x_wconf 79' lang='lat' dir='ltr'>levari3</span> <span class='ocrx_word' id='word_1_154' title='bbox 345 1330 382 1358; x_wconf 89' lang='lat' dir='ltr'>et</span> <span class='ocrx_word' id='word_1_155' title='bbox 414 1320 587 1357; x_wconf 83' lang='lat' dir='ltr'>dimissis</span> <span class='ocrx_word' id='word_1_156' title='bbox 621 1320 695 1357; x_wconf 90' lang='lat' dir='ltr'>hiis</span> <span class='ocrx_word' id='word_1_157' title='bbox 729 1320 1049 1358; x_wconf 88' lang='lat' dir='ltr'>circumstanciis</span> <span class='ocrx_word' id='word_1_158' title='bbox 1084 1321 1281 1369; x_wconf 89' lang='lat' dir='ltr'>contingit</span> <span class='ocrx_word' id='word_1_159' title='bbox 1314 1321 1485 1358; x_wconf 86' lang='lat' dir='ltr'>faciliter</span> 
     </span>
     <span class='ocr_line' id='line_1_20' title="bbox 167 1378 1483 1428; baseline -0.001 -12"><span class='ocrx_word' id='word_1_160' title='bbox 167 1380 275 1428; x_wconf 92' lang='lat' dir='ltr'>quod</span> <span class='ocrx_word' id='word_1_161' title='bbox 311 1378 590 1427; x_wconf 87' lang='lat' dir='ltr'>imprudenter</span> <span class='ocrx_word' id='word_1_162' title='bbox 633 1378 762 1427; x_wconf 89' lang='lat' dir='ltr'>ipsum</span> <span class='ocrx_word' id='word_1_163' title='bbox 810 1379 989 1415; x_wconf 88' lang='lat' dir='ltr'>relevans</span> <span class='ocrx_word' id='word_1_164' title='bbox 1030 1388 1148 1415; x_wconf 87' lang='lat' dir='ltr'>nocet</span> <span class='ocrx_word' id='word_1_165' title='bbox 1188 1387 1326 1415; x_wconf 87' lang='lat' dir='ltr'>sancte</span> <span class='ocrx_word' id='word_1_166' title='bbox 1366 1379 1483 1416; x_wconf 86' lang='lat' dir='ltr'>matri</span> 
     </span>
     <span class='ocr_line' id='line_1_21' title="bbox 110 1436 1415 1485; baseline 0.002 -13"><span class='ocrx_word' id='word_1_167' title='bbox 110 1451 151 1472; x_wconf 60' lang='grc' dir='ltr'>πο</span> <span class='ocrx_word' id='word_1_168' title='bbox 168 1436 332 1474; x_wconf 89' lang='lat' dir='ltr'>ecclesie</span> <span class='ocrx_word' id='word_1_169' title='bbox 366 1445 404 1473; x_wconf 88' lang='lat' dir='ltr'>et</span> <span class='ocrx_word' id='word_1_170' title='bbox 436 1437 475 1473; x_wconf 90' lang='lat' dir='ltr'>in</span> <span class='ocrx_word' id='word_1_171' title='bbox 509 1449 679 1485; x_wconf 91' lang='lat' dir='ltr'>persona</span> <span class='ocrx_word' id='word_1_172' title='bbox 712 1436 877 1484; x_wconf 90' lang='lat' dir='ltr'>propria</span> <span class='ocrx_word' id='word_1_173' title='bbox 911 1437 1072 1473; x_wconf 83' lang='lat' dir='ltr'>edificat</span> <span class='ocrx_word' id='word_1_174' title='bbox 1103 1438 1154 1473; x_wconf 90' lang='lat' dir='ltr'>ad</span> <span class='ocrx_word' id='word_1_175' title='bbox 1187 1436 1415 1474; x_wconf 88' lang='lat' dir='ltr'>iehennam.</span> 
     </span>
    </p>

    <p class='ocr_par' dir='ltr' id='par_1_13' title="bbox 166 1494 1775 1717">
     <span class='ocr_line' id='line_1_22' title="bbox 224 1494 1743 1543; baseline 0.001 -13"><span class='ocrx_word' id='word_1_176' title='bbox 224 1497 272 1531; x_wconf 89' lang='lat' dir='ltr'>Et</span> <span class='ocrx_word' id='word_1_177' title='bbox 317 1503 513 1543; x_wconf 87' lang='lat' dir='ltr'>quantum</span> <span class='ocrx_word' id='word_1_178' title='bbox 559 1495 609 1531; x_wconf 84' lang='lat' dir='ltr'>ad</span> <span class='ocrx_word' id='word_1_179' title='bbox 641 1494 832 1531; x_wconf 89' lang='lat' dir='ltr'>noticiam</span> <span class='ocrx_word' id='word_1_180' title='bbox 867 1494 984 1531; x_wconf 89' lang='lat' dir='ltr'>huius</span> <span class='ocrx_word' id='word_1_181' title='bbox 1017 1494 1195 1540; x_wconf 87' lang='lat' dir='ltr'>discolie,</span> <span class='ocrx_word' id='word_1_182' title='bbox 1235 1504 1344 1543; x_wconf 82' lang='lat' dir='ltr'>patet</span> <span class='ocrx_word' id='word_1_183' title='bbox 1376 1497 1482 1543; x_wconf 89' lang='lat' dir='ltr'>quod</span> <span class='ocrx_word' id='word_1_184' title='bbox 1541 1503 1743 1542; x_wconf 40' lang='lat' dir='ltr'>Whilethey·</span> 
     </span>
     <span class='ocr_line' id='line_1_23' title="bbox 168 1539 1763 1600; baseline 0 -12"><span class='ocrx_word' id='word_1_185' title='bbox 168 1552 340 1589; x_wconf 86' lang='lat' dir='ltr'>discerni</span> <span class='ocrx_word' id='word_1_186' title='bbox 385 1561 516 1600; x_wconf 88' lang='lat' dir='ltr'>potest</span> <span class='ocrx_word' id='word_1_187' title='bbox 549 1565 619 1600; x_wconf 88' lang='lat' dir='ltr'>per</span> <span class='ocrx_word' id='word_1_188' title='bbox 661 1552 783 1589; x_wconf 87' lang='lat' dir='ltr'>Vitam</span> <span class='ocrx_word' id='word_1_189' title='bbox 818 1560 856 1588; x_wconf 92' lang='lat' dir='ltr'>et</span> <span class='ocrx_word' id='word_1_190' title='bbox 894 1565 1030 1600; x_wconf 89' lang='lat' dir='ltr'>opera,</span> <span class='ocrx_word' id='word_1_191' title='bbox 1065 1552 1096 1589; x_wconf 90' lang='lat' dir='ltr'>si</span> <span class='ocrx_word' id='word_1_192' title='bbox 1128 1552 1169 1589; x_wconf 92' lang='lat' dir='ltr'>in</span> <span class='ocrx_word' id='word_1_193' title='bbox 1202 1553 1288 1600; x_wconf 90' lang='lat' dir='ltr'>lege</span> <span class='ocrx_word' id='word_1_194' title='bbox 1321 1552 1484 1589; x_wconf 83' lang='lat' dir='ltr'>Domini</span> <span class='ocrx_word' id='word_1_195' title='bbox 1511 1539 1763 1600; x_wconf 52' lang='lat' dir='ltr'>cleavgsgqrtheu·</span> 
     </span>
     <span class='ocr_line' id='line_1_24' title="bbox 166 1603 1775 1670; baseline 0.001 -24"><span class='ocrx_word' id='word_1_196' title='bbox 166 1623 246 1647; x_wconf 89' lang='lat' dir='ltr'>non</span> <span class='ocrx_word' id='word_1_197' title='bbox 285 1610 486 1649; x_wconf 84' lang='lat' dir='ltr'>fundetur.</span> <span class='ocrx_word' id='word_1_198' title='bbox 539 1612 586 1646; x_wconf 88' lang='lat' dir='ltr'>Et</span> <span class='ocrx_word' id='word_1_199' title='bbox 624 1609 782 1658; x_wconf 89' lang='lat' dir='ltr'>signum</span> <span class='ocrx_word' id='word_1_200' title='bbox 822 1603 1008 1647; x_wconf 87' lang='lat' dir='ltr'>sensibile</span> <span class='ocrx_word' id='word_1_201' title='bbox 1048 1610 1251 1647; x_wconf 86' lang='lat' dir='ltr'>evidenter</span> <span class='ocrx_word' id='word_1_202' title='bbox 1289 1608 1775 1670; x_wconf 56' lang='lat' dir='ltr'>noscibile‘”1&#39;?03}³53‘¹¹⁶{0¹¹3{⁰</span> 
     </span>
     <span class='ocr_line' id='line_1_25' title="bbox 167 1652 1734 1717; baseline -0.001 -12"><span class='ocrx_word' id='word_1_203' title='bbox 167 1677 225 1705; x_wconf 90' lang='lat' dir='ltr'>est</span> <span class='ocrx_word' id='word_1_204' title='bbox 257 1669 366 1716; x_wconf 90' lang='lat' dir='ltr'>quod</span> <span class='ocrx_word' id='word_1_205' title='bbox 398 1668 487 1716; x_wconf 89' lang='lat' dir='ltr'>quis</span> <span class='ocrx_word' id='word_1_206' title='bbox 521 1668 595 1704; x_wconf 86' lang='lat' dir='ltr'>fert</span> <span class='ocrx_word' id='word_1_207' title='bbox 627 1680 748 1716; x_wconf 90' lang='lat' dir='ltr'>super</span> <span class='ocrx_word' id='word_1_208' title='bbox 771 1681 811 1704; x_wconf 90' lang='lat' dir='ltr'>se</span> <span class='ocrx_word' id='word_1_209' title='bbox 844 1668 1110 1716; x_wconf 89' lang='lat' dir='ltr'>approbative</span> <span class='ocrx_word' id='word_1_210' title='bbox 1133 1668 1299 1716; x_wconf 84' lang='lat' dir='ltr'>aliquod</span> <span class='ocrx_word' id='word_1_211' title='bbox 1323 1668 1482 1717; x_wconf 88' lang='lat' dir='ltr'>signum</span> <span class='ocrx_word' id='word_1_212' title='bbox 1529 1652 1734 1705; x_wconf 44' lang='lat' dir='ltr'>&#39;withiihem</span> 
     </span>
    </p>

    <p class='ocr_par' dir='ltr' id='par_1_14' title="bbox 39 1722 1485 1832">
     <span class='ocr_line' id='line_1_26' title="bbox 39 1722 1485 1778; baseline -0.001 -14"><span class='ocrx_word' id='word_1_213' title='bbox 39 1730 124 1772; x_wconf 65' lang='lat'>436⁸</span> <span class='ocrx_word' id='word_1_214' title='bbox 167 1738 235 1763; x_wconf 89' lang='lat' dir='ltr'>seu</span> <span class='ocrx_word' id='word_1_215' title='bbox 276 1725 405 1762; x_wconf 89' lang='lat' dir='ltr'>simile</span> <span class='ocrx_word' id='word_1_216' title='bbox 452 1728 500 1762; x_wconf 91' lang='lat' dir='ltr'>de</span> <span class='ocrx_word' id='word_1_217' title='bbox 551 1735 726 1774; x_wconf 87' lang='lat' dir='ltr'>quatuor</span> <span class='ocrx_word' id='word_1_218' title='bbox 759 1722 764 1778; x_wconf 85' lang='grc' dir='ltr'>Ι</span> <span class='ocrx_word' id='word_1_219' title='bbox 799 1725 884 1762; x_wconf 90' lang='lat' dir='ltr'>istis</span> <span class='ocrx_word' id='word_1_220' title='bbox 928 1726 1059 1763; x_wconf 90' lang='lat' dir='ltr'>sectis.</span> <span class='ocrx_word' id='word_1_221' title='bbox 1111 1726 1252 1763; x_wconf 88' lang='lat' dir='ltr'>Viator</span> <span class='ocrx_word' id='word_1_222' title='bbox 1297 1726 1401 1763; x_wconf 90' lang='lat' dir='ltr'>enim</span> <span class='ocrx_word' id='word_1_223' title='bbox 1442 1735 1485 1763; x_wconf 92' lang='lat' dir='ltr'>ut</span> 
     </span>
     <span class='ocr_line' id='line_1_27' title="bbox 166 1783 1484 1832; baseline 0.001 -12"><span class='ocrx_word' id='word_1_224' title='bbox 166 1783 256 1821; x_wconf 90' lang='lat' dir='ltr'>talis</span> <span class='ocrx_word' id='word_1_225' title='bbox 290 1792 347 1820; x_wconf 89' lang='lat' dir='ltr'>est</span> <span class='ocrx_word' id='word_1_226' title='bbox 371 1784 484 1832; x_wconf 85' lang='lat' dir='ltr'>quasi</span> <span class='ocrx_word' id='word_1_227' title='bbox 516 1783 789 1831; x_wconf 76' lang='lat' dir='ltr'>nugigerulus,</span> <span class='ocrx_word' id='word_1_228' title='bbox 824 1796 963 1832; x_wconf 85' lang='lat' dir='ltr'>gerens</span> <span class='ocrx_word' id='word_1_229' title='bbox 986 1784 1161 1832; x_wconf 86' lang='lat' dir='ltr'>pixidem</span> <span class='ocrx_word' id='word_1_230' title='bbox 1186 1783 1359 1831; x_wconf 78' lang='lat' dir='ltr'>inimici3</span> <span class='ocrx_word' id='word_1_231' title='bbox 1394 1784 1484 1821; x_wconf 89' lang='lat' dir='ltr'>ideo</span> 
     </span>
    </p>

    <p class='ocr_par' dir='ltr' id='par_1_15' title="bbox 168 1841 1485 1890">
     <span class='ocr_line' id='line_1_28' title="bbox 168 1841 1485 1890; baseline 0.001 -13"><span class='ocrx_word' id='word_1_232' title='bbox 168 1841 236 1890; x_wconf 89' lang='lat' dir='ltr'>qui</span> <span class='ocrx_word' id='word_1_233' title='bbox 269 1850 407 1878; x_wconf 87' lang='lat' dir='ltr'>amant</span> <span class='ocrx_word' id='word_1_234' title='bbox 440 1841 658 1888; x_wconf 83' lang='lat' dir='ltr'>Christum,</span> <span class='ocrx_word' id='word_1_235' title='bbox 704 1843 859 1878; x_wconf 91' lang='lat' dir='ltr'>hostem</span> <span class='ocrx_word' id='word_1_236' title='bbox 894 1841 1042 1878; x_wconf 88' lang='lat' dir='ltr'>Christi</span> <span class='ocrx_word' id='word_1_237' title='bbox 1082 1843 1301 1890; x_wconf 87' lang='lat' dir='ltr'>prudenter</span> <span class='ocrx_word' id='word_1_238' title='bbox 1340 1851 1485 1878; x_wconf 86' lang='lat' dir='ltr'>tracta-</span> 
     </span>
    </p>

    <p class='ocr_par' dir='ltr' id='par_1_16' title="bbox 167 1899 1485 2006">
     <span class='ocr_line' id='line_1_29' title="bbox 168 1899 1484 1949; baseline 0.001 -14"><span class='ocrx_word' id='word_1_239' title='bbox 168 1908 255 1936; x_wconf 90' lang='lat' dir='ltr'>rent</span> <span class='ocrx_word' id='word_1_240' title='bbox 287 1912 376 1936; x_wconf 91' lang='lat' dir='ltr'>cum</span> <span class='ocrx_word' id='word_1_241' title='bbox 411 1899 480 1936; x_wconf 90' lang='lat' dir='ltr'>tali</span> <span class='ocrx_word' id='word_1_242' title='bbox 514 1899 715 1936; x_wconf 91' lang='lat' dir='ltr'>diabolico</span> <span class='ocrx_word' id='word_1_243' title='bbox 759 1899 922 1949; x_wconf 84' lang='lat' dir='ltr'>nuncio,</span> <span class='ocrx_word' id='word_1_244' title='bbox 963 1910 1001 1936; x_wconf 88' lang='lat' dir='ltr'>et</span> <span class='ocrx_word' id='word_1_245' title='bbox 1045 1912 1067 1936; x_wconf 87' lang='lat' dir='ltr'>a</span> <span class='ocrx_word' id='word_1_246' title='bbox 1112 1913 1184 1936; x_wconf 90' lang='lat' dir='ltr'>suo</span> <span class='ocrx_word' id='word_1_247' title='bbox 1218 1900 1484 1936; x_wconf 86' lang='lat' dir='ltr'>contubernio</span> 
     </span>
     <span class='ocr_line' id='line_1_30' title="bbox 167 1957 1485 2006; baseline 0 -13"><span class='ocrx_word' id='word_1_248' title='bbox 167 1966 440 2006; x_wconf 88' lang='lat' dir='ltr'>precaverent‚</span> <span class='ocrx_word' id='word_1_249' title='bbox 478 1957 574 2006; x_wconf 90' lang='lat' dir='ltr'>quia</span> <span class='ocrx_word' id='word_1_250' title='bbox 615 1957 717 1994; x_wconf 88' lang='lat' dir='ltr'>sicut</span> <span class='ocrx_word' id='word_1_251' title='bbox 756 1970 836 1994; x_wconf 91' lang='lat' dir='ltr'>non</span> <span class='ocrx_word' id='word_1_252' title='bbox 877 1966 935 1994; x_wconf 89' lang='lat' dir='ltr'>est</span> <span class='ocrx_word' id='word_1_253' title='bbox 980 1957 1302 1995; x_wconf 88' lang='lat' dir='ltr'>communicacio</span> <span class='ocrx_word' id='word_1_254' title='bbox 1337 1958 1485 1994; x_wconf 86' lang='lat' dir='ltr'>Christi</span> 
     </span>
    </p>

    <p class='ocr_par' dir='ltr' id='par_1_17' title="bbox 112 2014 1485 2062">
     <span class='ocr_line' id='line_1_31' title="bbox 112 2014 1485 2062; baseline -0.001 -9"><span class='ocrx_word' id='word_1_255' title='bbox 112 2021 154 2053; x_wconf 78' lang='lat'>30</span> <span class='ocrx_word' id='word_1_256' title='bbox 169 2016 219 2052; x_wconf 90' lang='lat' dir='ltr'>ad</span> <span class='ocrx_word' id='word_1_257' title='bbox 251 2015 389 2061; x_wconf 86' lang='lat' dir='ltr'>Belial,</span> <span class='ocrx_word' id='word_1_258' title='bbox 432 2015 488 2052; x_wconf 91' lang='lat' dir='ltr'>sic</span> <span class='ocrx_word' id='word_1_259' title='bbox 519 2028 593 2052; x_wconf 91' lang='lat' dir='ltr'>nec</span> <span class='ocrx_word' id='word_1_260' title='bbox 634 2014 736 2052; x_wconf 90' lang='lat' dir='ltr'>servi</span> <span class='ocrx_word' id='word_1_261' title='bbox 769 2015 917 2052; x_wconf 89' lang='lat' dir='ltr'>Christi</span> <span class='ocrx_word' id='word_1_262' title='bbox 960 2028 1049 2053; x_wconf 90' lang='lat' dir='ltr'>cum</span> <span class='ocrx_word' id='word_1_263' title='bbox 1091 2028 1203 2053; x_wconf 88' lang='lat' dir='ltr'>servo</span> <span class='ocrx_word' id='word_1_264' title='bbox 1226 2015 1363 2062; x_wconf 84' lang='lat' dir='ltr'>Belial,</span> <span class='ocrx_word' id='word_1_265' title='bbox 1409 2016 1485 2052; x_wconf 87' lang='lat' dir='ltr'>nisi</span> 
     </span>
    </p>
   </div>
   <div class='ocr_carea' id='block_1_6' title="bbox 169 2072 1082 2111">
    <p class='ocr_par' dir='ltr' id='par_1_18' title="bbox 169 2072 1082 2111">
     <span class='ocr_line' id='line_1_32' title="bbox 169 2072 1082 2111; baseline 0.001 -2"><span class='ocrx_word' id='word_1_266' title='bbox 169 2073 270 2109; x_wconf 91' lang='lat' dir='ltr'>forte</span> <span class='ocrx_word' id='word_1_267' title='bbox 302 2081 345 2109; x_wconf 92' lang='lat' dir='ltr'>ut</span> <span class='ocrx_word' id='word_1_268' title='bbox 377 2074 427 2110; x_wconf 91' lang='lat' dir='ltr'>ad</span> <span class='ocrx_word' id='word_1_269' title='bbox 461 2072 580 2110; x_wconf 87' lang='lat' dir='ltr'>fidem</span> <span class='ocrx_word' id='word_1_270' title='bbox 615 2073 782 2110; x_wconf 90' lang='lat' dir='ltr'>ecclesie</span> <span class='ocrx_word' id='word_1_271' title='bbox 814 2082 1082 2111; x_wconf 90' lang='lat' dir='ltr'>convertatur.</span> 
     </span>
    </p>
   </div>
   <div class='ocr_carea' id='block_1_7' title="bbox 702 2232 960 2273">
    <p class='ocr_par' dir='ltr' id='par_1_19' title="bbox 702 2232 960 2273">
     <span class='ocr_line' id='line_1_33' title="bbox 702 2232 960 2273; baseline 0 0"><span class='ocrx_word' id='word_1_272' title='bbox 702 2232 838 2273; x_wconf 83' lang='lat' dir='ltr'><strong>CAP.</strong></span> <span class='ocrx_word' id='word_1_273' title='bbox 874 2232 960 2273; x_wconf 90' lang='lat' dir='ltr'>XI.</span> 
     </span>
    </p>
   </div>
   <div class='ocr_carea' id='block_1_8' title="bbox 115 2325 1731 2607">
    <p class='ocr_par' dir='ltr' id='par_1_20' title="bbox 115 2325 1731 2607">
     <span class='ocr_line' id='line_1_34' title="bbox 228 2325 1483 2374; baseline 0 -11"><span class='ocrx_word' id='word_1_274' title='bbox 228 2325 416 2374; x_wconf 90' lang='lat' dir='ltr'>Sequitur</span> <span class='ocrx_word' id='word_1_275' title='bbox 447 2326 488 2362; x_wconf 91' lang='lat' dir='ltr'>in</span> <span class='ocrx_word' id='word_1_276' title='bbox 518 2335 627 2362; x_wconf 86' lang='lat' dir='ltr'>textu</span> <span class='ocrx_word' id='word_1_277' title='bbox 660 2326 872 2374; x_wconf 89' lang='lat' dir='ltr'>evangelii:</span> <span class='ocrx_word' id='word_1_278' title='bbox 924 2326 1019 2362; x_wconf 86' lang='lat' dir='ltr'>Cum</span> <span class='ocrx_word' id='word_1_279' title='bbox 1061 2326 1128 2362; x_wconf 83' lang='lat' dir='ltr'>hec</span> <span class='ocrx_word' id='word_1_280' title='bbox 1161 2326 1323 2362; x_wconf 81' lang='lat' dir='ltr'>dixisset</span> <span class='ocrx_word' id='word_1_281' title='bbox 1360 2327 1483 2373; x_wconf 86' lang='lat' dir='ltr'>Jesus,</span> 
     </span>
     <span class='ocr_line' id='line_1_35' title="bbox 168 2384 1483 2433; baseline -0.001 -13"><span class='ocrx_word' id='word_1_282' title='bbox 168 2384 346 2420; x_wconf 84' lang='lat' dir='ltr'>turbatus</span> <span class='ocrx_word' id='word_1_283' title='bbox 378 2391 433 2420; x_wconf 87' lang='lat' dir='ltr'>est</span> <span class='ocrx_word' id='word_1_284' title='bbox 454 2384 594 2433; x_wconf 80' lang='lat' dir='ltr'>spiritu</span> <span class='ocrx_word' id='word_1_285' title='bbox 626 2391 661 2420; x_wconf 87' lang='lat' dir='ltr'>et</span> <span class='ocrx_word' id='word_1_286' title='bbox 694 2384 816 2420; x_wconf 82' lang='lat' dir='ltr'>dixit:</span> <span class='ocrx_word' id='word_1_287' title='bbox 847 2384 982 2430; x_wconf 85' lang='lat' dir='ltr'>Amen,</span> <span class='ocrx_word' id='word_1_288' title='bbox 1013 2396 1122 2420; x_wconf 84' lang='lat' dir='ltr'>amen</span> <span class='ocrx_word' id='word_1_289' title='bbox 1155 2384 1239 2420; x_wconf 89' lang='lat' dir='ltr'>dico</span> <span class='ocrx_word' id='word_1_290' title='bbox 1271 2384 1375 2420; x_wconf 81' lang='lat' dir='ltr'>vobis</span> <span class='ocrx_word' id='word_1_291' title='bbox 1398 2385 1483 2433; x_wconf 83' lang='lat' dir='ltr'>quia</span> 
     </span>
     <span class='ocr_line' id='line_1_36' title="bbox 115 2441 1731 2496; baseline -0.002 -16"><span class='ocrx_word' id='word_1_292' title='bbox 115 2445 154 2480; x_wconf 81' lang='lat'>35</span> <span class='ocrx_word' id='word_1_293' title='bbox 172 2454 268 2478; x_wconf 83' lang='lat' dir='ltr'>unus</span> <span class='ocrx_word' id='word_1_294' title='bbox 299 2454 350 2478; x_wconf 88' lang='lat' dir='ltr'>ex</span> <span class='ocrx_word' id='word_1_295' title='bbox 382 2442 488 2478; x_wconf 80' lang='lat' dir='ltr'>vobis</span> <span class='ocrx_word' id='word_1_296' title='bbox 519 2442 648 2478; x_wconf 83' lang='lat' dir='ltr'>tradet</span> <span class='ocrx_word' id='word_1_297' title='bbox 692 2454 763 2480; x_wconf 87' lang='lat' dir='ltr'>me.</span> <span class='ocrx_word' id='word_1_298' title='bbox 809 2443 939 2490; x_wconf 87' lang='lat' dir='ltr'>Super</span> <span class='ocrx_word' id='word_1_299' title='bbox 971 2454 1052 2490; x_wconf 92' lang='lat' dir='ltr'>quo</span> <span class='ocrx_word' id='word_1_300' title='bbox 1084 2441 1349 2490; x_wconf 84' lang='lat' dir='ltr'>Augustinus:</span> <span class='ocrx_word' id='word_1_301' title='bbox 1396 2442 1483 2478; x_wconf 86' lang='lat' dir='ltr'>Non</span> <span class='ocrx_word' id='word_1_302' title='bbox 1542 2461 1731 2496; x_wconf 81' lang='lat' dir='ltr'>Augustine:</span> 
     </span>
     <span class='ocr_line' id='line_1_37' title="bbox 166 2499 1484 2551; baseline 0.001 -16"><span class='ocrx_word' id='word_1_303' title='bbox 166 2512 295 2549; x_wconf 77' lang='lat' dir='ltr'>parva</span> <span class='ocrx_word' id='word_1_304' title='bbox 318 2499 479 2548; x_wconf 84' lang='lat' dir='ltr'>fratres</span> <span class='ocrx_word' id='word_1_305' title='bbox 522 2512 573 2536; x_wconf 86' lang='lat' dir='ltr'>ex</span> <span class='ocrx_word' id='word_1_306' title='bbox 604 2499 806 2551; x_wconf 78' lang='lat' dir='ltr'>evangelio</span> <span class='ocrx_word' id='word_1_307' title='bbox 850 2500 953 2536; x_wconf 82' lang='lat' dir='ltr'>beati</span> <span class='ocrx_word' id='word_1_308' title='bbox 980 2499 1167 2536; x_wconf 58' lang='lat' dir='ltr'>„Iohannis</span> <span class='ocrx_word' id='word_1_309' title='bbox 1198 2499 1304 2536; x_wconf 83' lang='lat' dir='ltr'>nobis</span> <span class='ocrx_word' id='word_1_310' title='bbox 1337 2512 1484 2549; x_wconf 82' lang='lat' dir='ltr'>propo-</span> 
     </span>
     <span class='ocr_line' id='line_1_38' title="bbox 171 2557 1485 2607; baseline 0.001 -15"><span class='ocrx_word' id='word_1_311' title='bbox 171 2557 276 2593; x_wconf 85' lang='lat' dir='ltr'>nitur</span> <span class='ocrx_word' id='word_1_312' title='bbox 305 2557 464 2607; x_wconf 80' lang='lat' dir='ltr'>questio,</span> <span class='ocrx_word' id='word_1_313' title='bbox 509 2558 572 2593; x_wconf 84' lang='lat' dir='ltr'>ubi</span> <span class='ocrx_word' id='word_1_314' title='bbox 601 2557 674 2593; x_wconf 86' lang='lat' dir='ltr'>ait.-</span> <span class='ocrx_word' id='word_1_315' title='bbox 722 2557 817 2593; x_wconf 86' lang='lat' dir='ltr'>Cum</span> <span class='ocrx_word' id='word_1_316' title='bbox 852 2558 919 2593; x_wconf 84' lang='lat' dir='ltr'>hec</span> <span class='ocrx_word' id='word_1_317' title='bbox 960 2557 1122 2594; x_wconf 79' lang='lat' dir='ltr'>dixisset</span> <span class='ocrx_word' id='word_1_318' title='bbox 1151 2557 1274 2603; x_wconf 87' lang='lat' dir='ltr'>Jesus,</span> <span class='ocrx_word' id='word_1_319' title='bbox 1307 2558 1485 2593; x_wconf 80' lang='lat' dir='ltr'>turbatus</span> 
     </span>
    </p>
   </div>
   <div class='ocr_carea' id='block_1_9' title="bbox 171 2741 1481 2812">
    <p class='ocr_par' dir='ltr' id='par_1_21' title="bbox 171 2741 1481 2812">
     <span class='ocr_line' id='line_1_39' title="bbox 241 2741 1481 2778; baseline 0.001 -10"><span class='ocrx_word' id='word_1_320' title='bbox 241 2750 268 2777; x_wconf 75' lang='lat'>9.</span> <span class='ocrx_word' id='word_1_321' title='bbox 292 2743 330 2769; x_wconf 78' lang='lat' dir='ltr'>B:</span> <span class='ocrx_word' id='word_1_322' title='bbox 351 2751 381 2769; x_wconf 84' lang='lat' dir='ltr'>tn</span> <span class='ocrx_word' id='word_1_323' title='bbox 402 2744 468 2770; x_wconf 83' lang='lat' dir='ltr'>istis</span> <span class='ocrx_word' id='word_1_324' title='bbox 488 2746 600 2770; x_wconf 80' lang='lat' dir='ltr'>autem.</span> <span class='ocrx_word' id='word_1_325' title='bbox 680 2750 727 2778; x_wconf 80' lang='lat'>27.</span> <span class='ocrx_word' id='word_1_326' title='bbox 749 2743 782 2770; x_wconf 73' lang='lat' dir='ltr'>ss:</span> <span class='ocrx_word' id='word_1_327' title='bbox 803 2743 919 2770; x_wconf 78' lang='lat' dir='ltr'>hostem</span> <span class='ocrx_word' id='word_1_328' title='bbox 939 2743 1131 2770; x_wconf 73' lang='lat' dir='ltr'>Ancz&#39;clzrists.</span> <span class='ocrx_word' id='word_1_329' title='bbox 1205 2741 1245 2770; x_wconf 82' lang='lat'>35.</span> <span class='ocrx_word' id='word_1_330' title='bbox 1268 2744 1294 2770; x_wconf 95' lang='lat' dir='ltr'>A</span> <span class='ocrx_word' id='word_1_331' title='bbox 1316 2743 1345 2770; x_wconf 85' lang='lat' dir='ltr'>in</span> <span class='ocrx_word' id='word_1_332' title='bbox 1367 2750 1481 2777; x_wconf 58' lang='lat' dir='ltr'>marg:</span> 
     </span>
     <span class='ocr_line' id='line_1_40' title="bbox 171 2777 1362 2812; baseline 0 -8"><span class='ocrx_word' id='word_1_333' title='bbox 171 2777 383 2812; x_wconf 48' lang='lat' dir='ltr'>Augu-uinum</span> <span class='ocrx_word' id='word_1_334' title='bbox 403 2778 425 2804; x_wconf 84' lang='grc' dir='ltr'>Β</span> <span class='ocrx_word' id='word_1_335' title='bbox 446 2778 476 2805; x_wconf 90' lang='lat' dir='ltr'>in</span> <span class='ocrx_word' id='word_1_336' title='bbox 498 2786 593 2812; x_wconf 82' lang='lat' dir='ltr'>marg.</span> <span class='ocrx_word' id='word_1_337' title='bbox 617 2786 709 2804; x_wconf 80' lang='lat' dir='ltr'>manu</span> <span class='ocrx_word' id='word_1_338' title='bbox 731 2786 789 2804; x_wconf 86' lang='lat' dir='ltr'>rec.</span> <span class='ocrx_word' id='word_1_339' title='bbox 811 2777 880 2805; x_wconf 71' lang='grc' dir='ltr'>ιΙοΙι.</span> <span class='ocrx_word' id='word_1_340' title='bbox 901 2778 947 2812; x_wconf 74' lang='lat'>13,</span> <span class='ocrx_word' id='word_1_341' title='bbox 967 2784 1008 2805; x_wconf 83' lang='lat'>21.</span> <span class='ocrx_word' id='word_1_342' title='bbox 1100 2777 1142 2811; x_wconf 76' lang='lat'>33,</span> <span class='ocrx_word' id='word_1_343' title='bbox 1163 2777 1206 2811; x_wconf 76' lang='lat'>37.</span> <span class='ocrx_word' id='word_1_344' title='bbox 1227 2779 1270 2804; x_wconf 90' lang='lat' dir='ltr'>A:</span> <span class='ocrx_word' id='word_1_345' title='bbox 1294 2778 1362 2804; x_wconf 83' lang='lat' dir='ltr'>hoc.</span> 
     </span>
    </p>
   </div>
   <div class='ocr_carea' id='block_1_10' title="bbox 245 2848 1333 2891">
    <p class='ocr_par' dir='ltr' id='par_1_22' title="bbox 245 2848 1333 2891">
     <span class='ocr_line' id='line_1_41' title="bbox 245 2848 1333 2891; baseline -0.002 -10"><span class='ocrx_word' id='word_1_346' title='bbox 245 2850 297 2882; x_wconf 78' lang='lat'>33.</span> <span class='ocrx_word' id='word_1_347' title='bbox 323 2849 400 2880; x_wconf 84' lang='lat' dir='ltr'>Joh.</span> <span class='ocrx_word' id='word_1_348' title='bbox 428 2850 514 2884; x_wconf 85' lang='grc' dir='ltr'><strong>ΧΙΙΙ,</strong></span> <span class='ocrx_word' id='word_1_349' title='bbox 543 2859 594 2880; x_wconf 84' lang='lat'>21.</span> <span class='ocrx_word' id='word_1_350' title='bbox 694 2849 746 2881; x_wconf 76' lang='lat'>35.</span> <span class='ocrx_word' id='word_1_351' title='bbox 774 2851 807 2881; x_wconf 79' lang='lat' dir='ltr'>S.</span> <span class='ocrx_word' id='word_1_352' title='bbox 834 2850 1019 2891; x_wconf 79' lang='lat' dir='ltr'>Augustini</span> <span class='ocrx_word' id='word_1_353' title='bbox 1048 2850 1066 2880; x_wconf 63' lang='lat' dir='ltr'>l,</span> <span class='ocrx_word' id='word_1_354' title='bbox 1095 2860 1123 2880; x_wconf 81' lang='lat' dir='ltr'>e.</span> <span class='ocrx_word' id='word_1_355' title='bbox 1150 2859 1228 2891; x_wconf 86' lang='lat' dir='ltr'>pag.</span> <span class='ocrx_word' id='word_1_356' title='bbox 1255 2848 1333 2884; x_wconf 73' lang='lat'><strong>664.</strong></span> 
     </span>
    </p>
   </div>
   <div class='ocr_carea' id='block_1_11' title="bbox 1304 2917 1340 2937">
    <p class='ocr_par' dir='ltr' id='par_1_23' title="bbox 1304 2917 1340 2937">
     <span class='ocr_line' id='line_1_42' title="bbox 1304 2917 1340 2937; baseline 0 0"><span class='ocrx_word' id='word_1_357' title='bbox 1304 2917 1340 2937; x_wconf 85' lang='lat'>21</span> 
     </span>
    </p>
   </div>
  </div>
 </body>
</html>
