1986 3289
194 201 283 229 «ΑΡ.
310 192 420 246 Lxx]
557 204 616 235 DE
642 202 956 234 ANTICHRlsTO
985 202 1068 233 ΜΒ.
1096 202 1120 233 1.

193 310 376 347 caciones
418 309 563 358 quibus
608 309 789 345 diabolus
827 308 958 344 illudit
1007 307 1236 344 hominibus
1282 316 1323 343 ut
1356 307 1498 343 falsum

192 377 400 416 tamquam
436 368 555 403 fidem
591 366 793 414 accipiant
828 367 900 402 hec
934 374 991 402 est
1023 379 1121 414 unag
1168 374 1206 401 et
1239 378 1327 401 cum
1365 365 1499 400 catho-

190 425 255 462 lici
289 427 456 462 credunt
489 425 595 473 quod
627 433 841 472 propterea
866 423 1049 460 Christus
1083 424 1222 459 horam
1258 432 1295 459 et
1327 423 1499 458 formam

191 496 269 531 qua
313 495 405 519 suos
450 483 654 530 apostolos
699 481 899 518 ordinavit
933 481 1142 529 episcopos
1181 494 1262 517 non
1296 479 1499 528 expressit,

158 540 375 577 5Scarioth
407 549 539 576 autem
575 540 667 576 lieet
700 548 783 576 erat
816 539 1027 586 episeopus
1062 548 1098 575 et
1131 540 1319 575 sacerdos
1349 538 1391 573 in
1414 549 1500 585 gra-

191 598 251 635 cia
303 599 520 634 secundum
568 606 793 645 presentem
839 596 1054 642 iusticiam,
1109 597 1184 632 hoc
1237 605 1373 632 tamen
1417 603 1501 631 erat

190 656 304 692 valde
356 655 546 704 equivoce
596 655 637 691 in
691 654 1002 702 comparacione
1047 655 1097 690 ad
1141 666 1255 690 veros
1297 654 1501 702 apostolos

191 726 290 761 quos
323 713 504 749 Christus
537 712 724 749 divinitus
757 725 829 760 pro
863 724 934 748 suo
968 720 1164 759 perpetuo
1196 711 1408 750 ordinavit.

683 895 820 936 CAP.
854 895 1009 935 LXX.

138 1008 176 1029 10
250 990 441 1038 Sequitur
473 989 513 1026 in
547 998 654 1026 textu
687 990 875 1026 Matthei:
911 991 1003 1026 Post
1036 990 1197 1026 multum
1232 1001 1325 1025 vero
1357 996 1502 1038 tempo-

192 1049 246 1085 ris
279 1049 378 1084 venit
410 1049 586 1084 dominus
629 1061 833 1084 servorum
882 1048 1040 1084 illorum
1075 1054 1110 1083 et
1143 1047 1274 1096 posuit
1306 1047 1501 1083 racionem

68 1114 154 1154 430⁸
191 1119 275 1143 cum
299 1106 365 1151 eis,
398 1113 434 1142 et
456 1107 640 1142 accedens
661 1106 727 1155 qui
747 1106 908 1154 quinque
930 1106 1075 1141 talenta
1104 1112 1308 1155 acceperat
1336 1103 1339 1157 1
1369 1105 1503 1140 obtulit

191 1164 267 1200 alia
298 1164 460 1213 quinque
498 1164 646 1200 dicens:
686 1164 865 1209 Domine,
915 1164 1076 1212 quinque
1119 1164 1262 1199 talenta
1307 1162 1507 1198 tradidisti

191 1222 325 1258 michi:
356 1221 470 1268 Ecce,
503 1222 579 1257 alia
612 1222 772 1270 quinque
793 1221 1092 1270 supralucratus
1123 1233 1219 1258 sum.
1252 1220 1314 1255 Ait
1346 1220 1405 1255 illi
1436 1221 1503 1256 do-

138 1282 173 1314 15
193 1280 318 1315 minus
350 1279 448 1315 eius:
480 1279 595 1330 Euge
626 1292 739 1315 serve
761 1280 855 1315 bone
887 1286 921 1315 et
941 1279 1091 1328 fidelis,
1124 1279 1208 1327 quia
1232 1290 1350 1327 super
1376 1290 1503 1326 pauca

193 1337 313 1386 fuisti
332 1337 479 1386 fidelis,
512 1349 632 1386 supra
666 1337 787 1372 multa
834 1344 870 1373 te
901 1337 1151 1381 constituanu
1194 1336 1296 1371 intra
1337 1336 1373 1371 in
1405 1348 1504 1386 gau-

192 1395 295 1430 dium
331 1395 475 1430 domini
506 1395 570 1430 tui.

250 1454 378 1500 Su'per
430 1465 508 1501 quo
558 1454 816 1500 Jeronymus:
885 1452 1048 1488 Grande
1097 1458 1247 1501 tempus
1298 1458 1353 1487 est
1405 1451 1505 1487 inter

1709 191 1783 229 261

1529 372 1632 399 Christ
1653 372 1706 398 has
1727 376 1779 398 not

1533 406 1594 433 told
1617 415 1652 433 us
1674 407 1771 433 under

1534 441 1616 468 what
1634 441 1714 468 form
1737 441 1774 467 he

1580 476 1728 502 ordained

1587 510 1725 545 bishops.

1587 1469 1723 1497 Jeromet

191 1510 448 1546 ascensionem
497 1510 715 1546 Salvatoris
758 1518 791 1546 et
834 1510 1042 1546 secundum
1077 1509 1157 1545 eius
1188 1509 1409 1544 adventum.
1465 1509 1507 1544 Si
1530 1504 1597 1532 The
1617 1505 1683 1531 lord
1708 1513 1777 1540 says

135 1580 177 1602 20
192 1575 316 1603 autem
350 1568 516 1616 apostoli
558 1568 755 1604 reddituri
783 1576 871 1604 sunt
903 1568 1098 1604 racionem
1144 1573 1179 1602 et
1209 1567 1277 1603 sub
1317 1573 1418 1602 metu
1451 1567 1503 1602 iu-

194 1626 287 1662 dicis
320 1626 595 1671 resurrecturi,
630 1626 721 1674 quid
753 1638 820 1662 nos
852 1633 1003 1674 oportet
1023 1625 1198 1674 facere?
1241 1624 1304 1659 Ait
1336 1624 1394 1659 illi
1424 1625 1505 1660 Do-

193 1683 317 1719 minus
349 1683 450 1719 eius:
482 1683 596 1734 Euge
618 1696 731 1720 serve
762 1684 856 1720 hone
878 1690 913 1719 et
933 1683 1082 1733 fidelis,
1116 1683 1202 1731 quia
1234 1694 1352 1731 super
1378 1694 1505 1731 pauca

195 1741 312 1790 fuisti
329 1741 478 1790 fidelis,
501 1754 619 1790 super
641 1742 760 1777 multa
785 1749 820 1777 te
842 1741 1094 1785 constituam;
1121 1740 1224 1776 intra
1257 1740 1292 1775 in
1314 1740 1505 1789 gaudium

193 1798 356 1834 Domini
385 1799 449 1834 tui.
483 1800 677 1835 Accedens
709 1807 833 1835 autem
868 1806 901 1835 et
932 1799 997 1847 qui
1020 1799 1093 1834 duo
1126 1799 1269 1834 talenta
1303 1804 1507 1846 acceperat

141 1856 271 1892 25a1’t:
314 1857 480 1892 Domine
524 1858 596 1893 duo
630 1857 772 1893 talenta
805 1857 1008 1892 tradidisti
1046 1856 1150 1903 mihi,
1204 1867 1288 1891 ecce
1319 1855 1395 1890 alia
1432 1856 1506 1891 duo

198 1914 373 1950 lucratus
404 1927 502 1950 sum.
536 1915 600 1950 Ait
633 1915 691 1950 illi
712 1915 904 1951 Dominus
925 1914 1026 1950 eius:
1056 1914 1173 1963 Euge
1204 1925 1315 1949 serve
1348 1913 1442 1948 bone
1473 1919 1508 1948 et

196 1972 332 2020 fidelis
364 1972 449 2020 quia
484 1984 602 2021 super
640 1984 767 2021 pauca
790 1972 912 2020 fuisti
946 1972 1094 2022 fidelis,
1137 1983 1255 2020 super
1304 1971 1426 2006 multa
1473 1977 1508 2006 te

197 2030 439 2072 constituam,
473 2030 575 2065 intra
608 2030 643 2065 in
675 2030 863 2080 gaudium
888 2030 1050 2065 Domini
1078 2029 1144 2067 tui.
1187 2028 1348 2076 Utrique
1378 2040 1505 2073 servo,

197 2094 237 2122 ut
267 2094 356 2122 ante
377 2087 452 2122 iam
487 2087 582 2133 dixi,
617 2095 653 2123 et
684 2088 748 2136 qui
769 2088 815 2123 de
838 2088 999 2136 quinque
1021 2087 1174 2123 talentis
1198 2087 1325 2122 decem
1348 2087 1508 2134 fecerat

141 2149 182 2179 30
197 2152 231 2180 et
271 2145 334 2192 qui
377 2146 423 2180 de
467 2146 613 2181 duobus
637 2145 797 2193 fecerat
841 2152 1018 2193 quatuor,
1070 2145 1169 2180 idem
1205 2143 1509 2193 patrisfamilias

196 2214 324 2238 sermo
358 2203 577 2247 blanditur;
623 2211 658 2239 et
690 2204 899 2238 notandum
945 2203 1045 2250 quod
1090 2202 1217 2237 omnia
1249 2214 1320 2250 que
1352 2202 1388 2236 in
1416 2213 1507 2250 pre-

195 2260 295 2295 senti
324 2260 519 2306 hahemus,
553 2261 639 2296 licet
672 2273 815 2310 magna
850 2261 1055 2297 videantur
1086 2267 1122 2295 et
1149 2260 1336 2307 plurima,
1382 2266 1507 2294 tamen

197 2318 494 2365 comparacione
515 2318 750 2365 futurorum
780 2331 909 2366 parva
941 2325 1029 2353 sunt
1062 2325 1096 2352 et
1125 2329 1264 2365 pauca.
1300 2317 1420 2362 Intra,
1454 2317 1509 2351 in-

196 2375 288 2423 quit,
333 2375 368 2410 in
414 2375 603 2425 gaudium
639 2376 800 2411 Domini
829 2375 885 2410 tui
921 2383 956 2411 et
994 2375 1145 2424 suscipe
1177 2387 1247 2423 que
1278 2387 1344 2410 nec
1376 2374 1510 2410 oculus

142 2435 181 2468 35
199 2432 292 2468 vidit
335 2444 402 2468 nec
445 2433 553 2468 auris
597 2433 746 2469 audivit
778 2445 844 2469 nec
876 2433 912 2468 in
957 2445 1025 2469 cor
1057 2433 1203 2469 homini
1240 2433 1508 2469 ascenderunt.

269 2611 294 2639 5.
314 2612 357 2638 A:
380 2615 449 2639 erat
468 2615 580 2640 autem.
671 2620 699 2646 9.
721 2613 764 2639 A:
786 2610 858 2647 Cap.
880 2611 1007 2638 LXVIII.
1100 2611 1139 2639 18.
1161 2613 1189 2639 A
1219 2612 1248 2638 in
1278 2620 1364 2645 marg
1386 2620 1391 2637 :
1423 2612 1510 2639 Jero-

199 2654 316 2708 31ng&
327 2654 443 2716 pat2oj⁰
457 2647 618 2708 Bz-lautem
638 2647 732 2674 deest.
806 2647 923 2674 22j28.
946 2647 982 2673 13:
1005 2646 1331 2681 &fidelis—Domini
1349 2647 1396 2673 lui
1416 2646 1510 2673 deest.

240 2702 246 2707 .
304 2690 309 2707 :
388 2689 422 2708 er
440 2689 501 2708 amz
516 2689 574 2708 tas.

276 2775 322 2796 10.
357 2764 475 2795 Matth.
513 2765 617 2804 XXV,
665 2766 806 2807 19—23.
955 2764 1004 2795 18.
1043 2765 1181 2795 Comm.
1221 2765 1255 2795 in
1287 2764 1407 2797 Matth.
1434 2765 1453 2796 1.
1483 2775 1511 2796 c.

201 2820 278 2852 pag.
307 2810 498 2852 206—207.

1554 1540 1604 1566 the
1625 1547 1709 1566 same
1728 1544 1758 1566 to

1551 1574 1621 1601 both
1642 1574 1761 1601 faithful

1584 1613 1733 1636 servants.
