1986 3289
195 232 283 259 CAP.
306 222 404 276 xvi]
563 234 620 265 DE
647 233 960 266 ANTiCHRisTo
990 235 1071 265 ΜΒ.
1100 234 1121 265 1.

698 361 836 402 CAP.
869 361 1003 401 XVI.

253 457 478 505 Septimum
510 458 566 493 Ve
599 457 779 505 sequitur
811 457 850 492 in
885 458 958 493 hac
990 458 1138 493 forma:
1182 458 1231 493 Ve
1254 457 1359 493 vobis
1381 457 1506 492 scribe

195 523 230 551 et
256 515 432 564 pharisei
454 516 652 566 ypocrite,
695 515 760 563 qui
795 515 940 551 similes
979 515 1067 551 estis
1098 515 1286 564 sepulcris
1320 515 1507 550 dealbatis

196 585 266 621 que
297 573 431 621 afforis
462 580 652 622 apparent
684 573 1113 622 hominibus,speciosa,
1159 573 1260 608 intus
1299 585 1389 608 vero
1422 580 1508 608 sunt

164 631 307 680 5plena
340 631 487 666 ossibus
517 637 760 666 mortuorum
795 638 829 666 et
861 631 1027 666 omnium
1050 631 1254 679 spurcicia.
1290 631 1352 666 Sic
1385 637 1419 665 et
1442 642 1508 665 vos

197 688 346 737 quidem
380 688 515 737 afforis
546 688 745 737 apparetis
767 688 981 724 hominibus
1004 689 1105 736 iusti,
1137 689 1236 724 intus
1258 696 1383 724 autem
1402 687 1510 736 pleni

198 746 288 782 estis
312 746 500 796 ypocrisi
530 753 565 781 et
596 746 804 794 iniquitate.

256 805 386 851 Super
417 816 496 851 quo
519 805 786 851 ·Jeronymus:
834 804 947 847 Quod
978 804 1014 839 in
1062 804 1182 840 calice
1225 811 1260 839 et
1298 803 1510 852 perapside

199 862 452 908 demonstrat,
486 873 528 897 eo
554 862 657 910 quod
671 862 781 909 foris
811 861 881 897 loti
905 868 1027 897 essent
1054 869 1089 897 et
1120 862 1220 897 intus
1241 861 1405 907 sordidi,
1439 861 1509 896 hoc

148 931 297 955 1onunc
325 931 400 968 per
431 920 650 968 exemplum
684 919 847 968 replicat
882 920 1152 968 sepulcrorum
1186 920 1289 967 quod
1319 919 1509 967 quomodo

201 989 273 1013 non
304 977 445 1025 pulcra
457 977 683 1025 forinsecus
705 977 875 1027 levigata
913 985 1001 1012 sunt
1033 977 1138 1013 calce
1169 985 1205 1012 et
1237 984 1373 1013 ornata
1406 989 1510 1012 mar-

200 1035 370 1070 moribus
398 1042 432 1070 et
453 1046 563 1078 auro,
596 1034 862 1083 coloribusque
894 1034 1085 1078 distincta,
1119 1035 1218 1071 intus
1240 1042 1365 1071 autem
1393 1034 1511 1083 plena

199 1100 287 1128 sunt
324 1092 468 1128 ossibus
506 1100 770 1136 mortuorum;
807 1092 861 1128 sic
893 1100 927 1128 et
955 1093 1136 1141 perversi
1184 1092 1378 1142 magistri,
1424 1092 1511 1140 quia

201 1150 277 1185 alia
312 1150 446 1186 docent
489 1157 523 1185 et
566 1150 642 1185 alia
678 1150 857 1198 faciunt;
900 1150 1131 1186 mundiciam
1171 1150 1300 1186 habitu
1334 1150 1446 1186 vestis
1478 1157 1512 1185 et

150 1208 409 1243 &verborum
442 1208 656 1243 hnmilitate
695 1208 972 1255 demonstrant,
1005 1208 1104 1244 intus
1135 1215 1260 1243 autem
1290 1208 1398 1256 pleni
1425 1215 1513 1243 sunt

203 1265 306 1301 omni
319 1265 511 1314 spurcicia
545 1273 580 1301 et
611 1265 784 1301 avaricia
818 1273 853 1301 et
885 1265 1060 1310 libidine,·
1093 1266 1251 1314 denique
1272 1265 1513 1314 manifestius

203 1323 274 1358 hoc
305 1323 429 1371 ipsum
462 1323 647 1372 exprimit
679 1323 870 1371 inferens:
916 1323 978 1359 Sic
1016 1331 1052 1359 et
1091 1335 1157 1359 vos
1194 1323 1330 1372 afforis
1361 1323 1512 1372 quidem

203 1380 401 1430 apparetis
432 1380 646 1417 hominibus
677 1381 779 1427 iusti,
813 1381 912 1417 intus
944 1389 1067 1417 autem
1088 1381 1196 1429 pleni
1217 1381 1307 1417 estis
1330 1381 1516 1431 ypocrisi

204 1445 239 1474 et
270 1438 475 1486 iniquitate.
510 1440 592 1474 Hec
623 1441 872 1486 Jeronymus.

151 1508 192 1529 20
271 1495 437 1532 Videtur
483 1508 526 1532 ex
573 1497 648 1532 hoc
699 1505 805 1532 textu
851 1495 1045 1544 evangelii
1091 1505 1127 1532 et
1184 1496 1304 1544 glosis
1344 1496 1511 1532 istorum

208 1562 438 1590 sanctorum
486 1556 594 1602 quod
646 1554 798 1590 licitum
849 1564 905 1590 est
957 1555 1105 1590 nedum
1160 1555 1376 1602 reprobare
1424 1566 1511 1601 per-

208 1624 326 1648 sonas
377 1613 446 1648 sed
490 1620 617 1648 sectas
651 1611 765 1648 donis
810 1611 971 1648 Domini
1023 1613 1245 1650 abutentes.
1293 1611 1357 1648 Sic
1406 1612 1510 1648 enim

209 1669 392 1706 Christus
437 1670 664 1718 reprobavit
708 1669 858 1706 scribas
906 1679 942 1706 et
988 1669 1195 1717 phariseos
1239 1669 1307 1718 qui
1352 1670 1512 1706 fuerunt

209 1735 314 1763 secte
358 1727 509 1763 famose
554 1728 613 1764 sui
658 1727 852 1776 temporis
899 1737 934 1764 et
979 1728 1035 1764 sic
1068 1728 1212 1764 Paulus
1247 1740 1337 1764 cum
1372 1727 1514 1763 ceteris

153 1786 192 1817 25
211 1784 402 1833 apostolis
453 1794 581 1821 sectas
639 1798 682 1821 ex
744 1786 984 1822 auctoritate
1047 1785 1209 1821 Domini
1271 1785 1514 1833 reprobavit.

212 1844 343 1888 Quare
392 1855 484 1890 ergo
528 1856 607 1879 non
651 1843 743 1880 licet
788 1843 907 1879 hodie
940 1844 1079 1880 eadem
1114 1843 1356 1879 auctoritate
1389 1852 1518 1879 sectas

211 1901 385 1937 novellas
432 1900 515 1936 sine
555 1901 701 1937 Christi
746 1901 984 1937 auctoritate
1029 1909 1250 1937 crescentes
1290 1910 1326 1937 et
1359 1901 1447 1948 plus
1480 1901 1520 1937 in

213 1957 371 1994 malicia
416 1959 695 1995 habundantes
739 1967 854 1995 acute
900 1958 1026 1995 instar
1065 1958 1227 1995 Domini
1280 1958 1520 2006 reprobare?

210 2017 357 2051 Ymmo
409 2028 499 2052 cum
546 2016 677 2052 maior
721 2016 881 2053 malicia
928 2016 967 2052 in
1012 2016 1127 2052 sectis
1173 2029 1290 2064 quam
1340 2016 1521 2064 personis

155 2076 197 2108 30
213 2073 478 2121 singularibus
507 2075 725 2120 radicatur,
758 2074 914 2110 videtur
947 2075 1151 2122 sequendo
1176 2074 1379 2111 Christum
1414 2075 1522 2122 quod

212 2140 318 2167 secte
350 2131 415 2167 ille
447 2141 538 2168 sunt
570 2133 658 2180 plus
692 2145 810 2180 quam
836 2144 1005 2180 persone
1028 2131 1230 2179 simplices
1249 2133 1521 2180 reprobande3

213 2188 243 2224 si
289 2197 422 2225 autem
467 2202 537 2237 per
582 2189 828 2238 impossibile
874 2190 1008 2226 doceri
1053 2189 1200 2237 poterit
1243 2191 1351 2238 quod
1391 2190 1523 2238 alique

213 2246 379 2283 istarum
415 2256 589 2295 quatuor
621 2257 820 2284 sectarum
854 2260 876 2284 a
910 2249 992 2284 Deo
1026 2257 1283 2296 sumpserunt
1314 2247 1523 2296 originem,

214 2313 308 2340 tunc
341 2305 388 2340 de
419 2313 531 2341 tanto
564 2306 666 2341 foret
700 2306 810 2342 color
842 2305 1025 2341 fidelibus
1049 2305 1144 2341 istas
1168 2314 1293 2342 sectas
1317 2307 1364 2341 de
1389 2305 1524 2342 condi-

159 2363 198 2395 35
216 2362 329 2398 cione
361 2362 552 2399 laudabili
586 2364 823 2411 approbare.
859 2364 958 2399 Cum
994 2372 1127 2399 autem
1161 2376 1241 2399 non
1265 2363 1321 2399 sic
1344 2376 1525 2411 sumpse-

216 2428 308 2456 runt
341 2432 362 2455 a
396 2422 478 2456 Deo
523 2420 733 2468 originem,
779 2421 1032 2457 manifestum
1067 2433 1109 2457 ex
1142 2421 1255 2457 factis
1294 2421 1440 2457 Christi
1482 2421 1522 2456 in

218 2478 292 2513 hoc
336 2477 424 2513 loco
457 2479 563 2526 quod
608 2478 699 2515 licet
733 2478 959 2514 christianis
992 2478 1101 2526 ipsas
1141 2490 1183 2514 ex
1215 2478 1403 2527 nequicia
1435 2490 1525 2515 vere

219 2543 255 2571 et
299 2543 413 2571 acute
458 2548 637 2583 arguere,
683 2536 777 2584 quia
820 2537 1039 2572 secundum
1087 2536 1334 2584 evangelium
1380 2537 1526 2572 Johan-

217 2592 278 2628 nis
310 2593 355 2638 X,
396 2605 433 2628 1:
473 2593 550 2642 Qui
580 2606 652 2630 non
686 2594 805 2629 intrat
830 2606 906 2643 per
938 2594 1075 2630 ostium
1109 2594 1144 2629 in
1178 2594 1277 2630 ovile
1309 2594 1435 2630 ovium
1458 2594 1527 2630 sed

289 2735 309 2754 1.
346 2727 369 2754 B
389 2727 419 2754 in
440 2734 555 2762 marg.:
576 2726 624 2754 16.
698 2728 724 2755 8.
745 2728 774 2756 Α
793 2728 823 2755 in
845 2735 959 2767 marg:
979 2726 1179 2766 Jeronymus„
1244 2736 1287 2755 10.
1308 2729 1353 2756 A:
1375 2728 1527 2763 quomodo

220 2761 311 2788 deest.
403 2760 440 2796 13,
462 2770 502 2795 14.
525 2764 569 2789 A:
591 2763 645 2797 qui
661 2763 725 2790 alia
747 2763 854 2789 docent
875 2767 972 2789 turice.
1057 2770 1103 2789 20.
1125 2763 1151 2789 A
1173 2770 1202 2789 111
1225 2771 1338 2797 marga
1358 2761 1527 2790 lohannes.

291 2855 319 2875 2.
347 2845 463 2877 Matth.
490 2846 605 2884 XXIII,
635 2855 686 2885 27,
716 2848 767 2875 28.
861 2849 892 2876 ὅ.
920 2847 1058 2877 Comm.
1086 2846 1116 2875 iu
1145 2845 1262 2876 Matth,
1293 2846 1311 2875 I.
1340 2856 1366 2875 c.
1394 2856 1425 2886 p.
1456 2845 1528 2876 188.

1533 463 1666 491 Seventh
1688 462 1777 490 XVoc.

1589 497 1709 524 Jeromc
1721 508 1726 524 τ

1563 807 1641 834 This
1661 812 1712 835 too
1732 807 1758 834 is

1571 842 1751 869 denounced

1600 877 1720 912 against

1569 912 1754 948 hypocrites.

1556 1506 1581 1532 It
1601 1505 1626 1532 is
1648 1505 1727 1540 right
1748 1510 1778 1532 to

1545 1548 1673 1575 reprove
1693 1541 1780 1567 those

1533 1575 1604 1601 who
1625 1575 1664 1602 do
1684 1583 1803 1610 wrong,

1562 1609 1670 1636 orders
1690 1617 1763 1636 even

1575 1652 1661 1671 more
1681 1645 1752 1671 than

1564 1678 1763 1706 individuals.
