1986 3289
80 2418 163 2455 422fl

213 226 302 253 CAP,
322 217 461 271 XLVII]
587 230 645 261 DE
674 229 985 261 ANTICHRISTO
1014 230 1097 261 LlB.
1125 231 1147 260 Ι.
1741 235 1808 268 171

270 337 317 371 Et
351 343 527 371 moveret
560 334 696 371 fideles
728 334 928 383 principes
962 343 1082 383 atque
1114 348 1236 383 regna
1269 336 1376 384 quod
1409 337 1525 372 debet
1540 341 1643 369 When
1665 349 1819 381 popespr

213 405 296 429 esse
329 392 442 441 quasi
487 405 557 440 per
588 405 628 428 se
661 401 800 429 notum
835 392 1020 429 fidelibus
1058 394 1166 442 quod
1205 394 1300 429 dum
1333 393 1429 430 talia
1462 406 1525 430 ca·
1540 377 1812 446 hpgiglgetshg'egrqz

212 451 295 498 pita
340 450 417 486 sint
470 450 645 487 heretica
684 451 744 487 vel
790 463 834 486 ex
867 463 1000 487 errore
1033 451 1199 499 proprio
1233 452 1293 488 vel
1327 464 1523 488 consensu
1579 446 1774 507 Wffiffestgffin

212 521 293 545 non
325 517 416 545 sunt
439 508 647 544 actualiter
683 510 861 544 membra
895 508 1059 545 ecclesie
1087 511 1178 545 Jesu
1203 509 1351 545 Christi
1385 518 1422 546 et
1453 522 1524 557 per
1631 501 1641 507 ⁸
1731 502 1736 507 ”

179 568 462 615 Sconsequens
478 565 601 603 nichil
615 566 766 602 faciunt
788 574 884 602 tunc
908 565 1113 603 meritorie
1137 568 1187 603 ad
1211 566 1523 613 beatitudinem3

213 636 286 660 nec
319 637 408 660 vere
441 625 588 660 habent
624 623 787 660 titulum
821 625 870 660 ad
904 624 1005 660 iuste
1043 624 1284 672 temporalia
1316 625 1524 673 possiden-

212 683 321 728 dum,
362 690 403 717 ut
437 682 614 718 declarat
646 681 894 729 Augustinus
926 681 967 717 in
1001 683 1174 731 quadam
1209 682 1377 730 epistola
1415 682 1526 719 Arri-

212 739 296 776 anis
330 748 368 776 et
401 740 619 776 concordat
642 739 751 776 racio
786 752 875 775 cum
910 740 995 787 lege
1028 740 1178 788 papali.
1212 741 1304 777 Ideo
1338 741 1522 788 pulcrum

212 806 269 833 est
321 798 419 834 tales
471 805 598 834 sectas
644 810 686 833 ex
724 806 806 833 tam
840 797 1032 834 laudabili
1078 797 1312 834 testimonio
1358 807 1395 834 et
1438 799 1524 846 lege

159 873 196 894 10
211 854 377 903 propria
411 854 622 892 confutari.
670 854 944 891 Periculosum
990 855 1153 903 quidem
1193 856 1295 893 foret
1327 857 1523 904 populum

211 914 380 949 adorare
423 925 521 961 pure
565 925 709 961 panem
754 913 814 949 vel
847 913 1082 950 fasciculum
1131 913 1406 951 accidencium
1441 913 1525 950 sine

209 970 400 1017 subiecto,
434 971 536 1007 sicut
559 971 665 1007 dicte
688 979 793 1007 secte
826 971 999 1007 heretice
1023 971 1311 1019 dogmatizant,
1348 980 1384 1008 et
1407 971 1525 1008 nimis

210 1028 481 1076 periculosum
506 1029 607 1065 foret
630 1030 800 1065 adorare
823 1029 944 1065 talem
975 1041 1122 1076 papam
1157 1038 1194 1065 et
1227 1031 1276 1066 ab
1310 1042 1356 1066 eo
1389 1038 1526 1078 petere

210 1088 356 1134 pedum
402 1087 539 1123 oscula
573 1088 797 1133 beatorum,
845 1099 934 1123 cum
981 1086 1071 1123 talis
1115 1088 1291 1135 prelatus
1336 1087 1386 1123 sit
1419 1089 1526 1136 apud

158 1144 388 1180 15divinum
412 1144 607 1180 iudicium
640 1153 774 1181 tantus
806 1144 1005 1181 hereticus
1030 1145 1276 1181 manifestus.
1309 1147 1399 1182 Non
1432 1158 1525 1193 ergo

210 1211 301 1238 sunt
346 1202 639 1238 dissimulanda
690 1202 765 1238 ista
798 1214 820 1238 a
852 1202 1011 1250 regibus
1065 1211 1101 1239 et
1145 1203 1315 1239 seculari
1359 1203 1524 1240 brachio

210 1272 284 1296 nec
323 1272 345 1296 a
385 1259 538 1296 clericis
587 1259 654 1307 qui
699 1272 743 1296 ex
795 1259 873 1296 fide
925 1260 1123 1308 scripture
1166 1260 1351 1297 noverint
1395 1262 1523 1309 legem

211 1317 370 1354 Christi.
415 1320 496 1354 Nec
530 1317 695 1353 dubium
736 1317 833 1366 quin
868 1318 1048 1354 Christus
1080 1318 1366 1367 suffragabitur
1398 1319 1525 1355 fideli-

210 1377 282 1411 bus
328 1375 393 1423 pie
444 1375 722 1412 laborantibus
767 1375 808 1411 in
852 1375 928 1412 ista
974 1376 1156 1423 materia,
1203 1389 1291 1413 cum
1339 1390 1419 1413 non
1452 1377 1525 1413 fuit

153 1446 194 1466 20
211 1433 377 1469 materia
412 1433 593 1481 martyrii
638 1434 726 1481 plus
773 1433 977 1473 laudandi.
1030 1433 1153 1482 Igitur
1206 1447 1295 1470 cum
1330 1443 1442 1471 tanta
1475 1434 1525 1471 sit

209 1492 314 1527 salus
367 1491 499 1528 anime
544 1500 580 1528 et
620 1492 768 1528 multus
814 1492 1014 1539 profectus
1059 1492 1254 1543 corporis,
1299 1492 1393 1540 quia
1443 1493 1524 1529 lata
1556 1505 1703 1544 Spiritual
1726 1506 1784 1533 and

209 1548 388 1585 dominia
421 1548 679 1597 acquirenda,
715 1549 870 1585 videtur
894 1551 1002 1598 quod
1035 1549 1204 1598 quilibet
1237 1550 1364 1586 fidelis
1404 1564 1523 1599 prop-
1550 1541 1800 1603 fflfflebgg'ffgem

207 1615 266 1643 ter
298 1606 471 1655 primum
518 1607 745 1655 specialiter
782 1607 821 1642 in
854 1607 928 1644 ista
968 1607 1136 1644 materia
1174 1608 1388 1646 laboraret.
1434 1611 1524 1645 Non
1591 1611 1767 1646 suggested.

207 1673 341 1701 autem
393 1664 575 1713 queritur
626 1666 734 1713 quod
778 1664 867 1701 talis
912 1666 1088 1714 prelatus
1134 1667 1181 1702 de
1235 1665 1369 1715 aliqua
1415 1675 1523 1703 secta

150 1723 348 1764 25harum
383 1731 555 1771 quatuor
578 1723 799 1768 occidatur,
833 1724 901 1759 sed
927 1723 1106 1772 queritur
1139 1725 1247 1772 quod
1281 1724 1419 1761 fideles
1453 1737 1523 1772 per

209 1780 340 1817 media
372 1780 474 1817 levia
506 1789 678 1829 querunt
712 1794 733 1817 a
766 1782 921 1829 prelato
955 1781 1187 1818 huiusmodi
1221 1781 1314 1818 fidei
1348 1782 1523 1830 questio-

206 1851 311 1884 nem,
361 1847 397 1874 et
442 1839 642 1875 declarato
675 1840 784 1887 quod
824 1839 979 1876 laborat
1010 1839 1051 1876 in
1090 1839 1326 1876 infidelitate
1359 1841 1420 1876 vel
1452 1840 1522 1877 ali-

208 1909 286 1944 quo
319 1908 384 1932 sex
415 1909 604 1944 generum
655 1909 871 1933 consensus
917 1897 1046 1934 heresi
1086 1899 1194 1946 quod
1235 1911 1316 1934 non
1348 1898 1522 1945 amplius

207 1955 255 1990 de
299 1954 413 1990 bonis
457 1954 569 2002 regni
620 1955 681 1991 vel
731 1954 860 2003 patrie
906 1965 998 1991 ante
1051 1968 1163 1992 suam
1220 1956 1519 1992 correccionem

152 2023 193 2054 30
207 2013 426 2048 secundum
458 2013 585 2060 legem
621 2013 783 2049 Domini
817 2021 1075 2050 sustentetur.

670 2137 807 2177 CAP.
841 2138 1042 2178 XLVII.

265 2231 441 2267 Medium
475 2241 607 2269 autem
643 2234 691 2269 ad
724 2235 978 2270 tractandum
1012 2233 1129 2270 istam
1164 2233 1346 2270 ‘ciriacam
1382 2243 1522 2270 contra
1583 2248 1676 2286 Some
1697 2252 1764 2286 true

207 2288 403 2325 hereticos
435 2299 645 2338 caperetur
676 2303 757 2326 non
789 2292 918 2327 solum
951 2304 995 2327 ex
1027 2291 1298 2340 acquisicione
1330 2292 1520 2328 secularis
1552 2282 1785 2352 ῖῖζζέῗῗῇέξζῆζ

208 2346 374 2382 dominii
425 2349 493 2383 sed
545 2348 772 2396 specialiter
816 2361 860 2385 ex
904 2349 1030 2385 salute
1075 2348 1207 2386 anime
1257 2349 1780 2413 aquil‘enda·fd-effflsedflfeflj

208 2404 321 2440 Unde
337 2404 500 2452 quidam
525 2414 712 2453 putantes
735 2419 774 2442 se
798 2419 881 2443 esse
906 2406 1040 2443 fideles
1063 2408 1316 2455 presbyteros
1344 2404 1348 2458 Ι
1377 2408 1519 2444 nolunt
1558 2391 1716 2447 διὲὲῃῖῃεο
1729 2394 1797 2447 ³31oe

208 2474 371 2498 monere
416 2463 600 2499 dominos
644 2464 703 2499 vel
747 2465 935 2511 prelatos,
989 2473 1031 2500 ut
1074 2464 1115 2500 in
1158 2464 1321 2501 nomine
1356 2465 1518 2501 Domini
1558 2455 1785 2524 Ῑᾟξξεῐξῃὲὴε

207 2519 463 2556 consenciant
495 2533 562 2557 sue
594 2520 667 2567 vie,
714 2531 930 2570 antequam
976 2522 1030 2558 eis
1069 2521 1364 2570 publicaverint
1398 2523 1517 2558 fidem
1612 2524 1728 2551 others.

206 2589 332 2613 suam.
379 2580 426 2613 Et
465 2578 555 2614 hinc
588 2578 832 2627 scripserunt
865 2580 984 2616 fidem
1025 2580 1133 2616 illam
1170 2582 1356 2617 Romano
1390 2580 1519 2628 ponti-

207 2634 283 2681 fici,
331 2635 518 2684 episcopo
553 2636 759 2673 Lincolnie
793 2646 830 2673 et
876 2638 1016 2674 ceteris
1049 2638 1222 2674 dominis
1269 2638 1519 2675 secularibus

280 2771 305 2798 7.
327 2764 355 2790 A
375 2763 405 2790 in
428 2772 540 2798 marg:
561 2764 761 2800 Augustinus.
835 2764 861 2792 31
895 2766 937 2792 A:
961 2765 1036 2800 Cap.
1058 2765 1162 2793 XLVI.

281 2834 333 2867 38.
361 2834 412 2865 Cf.
441 2836 537 2866 Fasc.
565 2837 627 2866 ziz.
654 2847 730 2878 pag.
760 2838 838 2877 341.
