1986 3289
177 846 283 873 Tliosc
303 847 338 873 ot*
355 845 406 872 tlie

181 882 239 909 law
261 881 296 908 of
312 888 403 915 grace

201 924 251 943 are
271 920 378 950 worst‚

188 1323 290 1358 laying
311 1327 405 1350 stx'css

167 1366 206 1384 on
227 1357 430 1385 Antichrist's

206 1393 381 1421 traditions.

189 1890 402 1926 Opportunity

179 1934 249 1952 now
271 1925 407 1952 affordcd

162 1961 200 1996 by
222 1961 271 1987 the
291 1960 426 1989 Schism.

748 219 866 250 OPUS
892 218 1226 250 EVANGEMCUM
1258 218 1340 249 Liss.
1368 218 1421 249 111.
1576 206 1683 259 [CAP-
1703 215 1752 243 IX-

446 327 516 362 Dei
565 335 601 362 et
649 337 769 361 nemo
814 334 944 373 potest
989 325 1026 360 in
1076 333 1271 372 quantum
1318 324 1413 360 dicit
1455 325 1618 360 verbum
1660 324 1757 360 illud

445 397 691 433 quemquam
716 383 899 431 decipere
923 383 981 419 vel
1005 382 1131 419 eciam
1156 383 1277 418 falsus
1302 394 1399 428 esse,
1434 391 1470 418 et
1503 394 1621 429 super
1653 381 1759 418 istud

446 452 488 479 ut
536 442 672 478 fideles
726 441 891 489 quidam
939 440 1101 477 eliciunt
1146 449 1352 489 tamquam
1399 439 1607 488 probabile
1651 441 1758 488 quod

445 501 485 536 in
518 500 593 536 isto
616 500 670 536 Ve
703 499 895 547 octuplici
930 512 1101 547 quorum
1136 499 1312 546 primum
1340 497 1553 545 exponitur
1576 498 1760 534 Salvator

446 558 565 594 simul
611 566 761 594 reserat
807 556 1018 593 mendacia
1069 558 1321 593 sacerdotum
1377 556 1474 604 legis
1525 555 1669 592 veteris
1722 557 1792 592 et5

447 616 659 653 mendacia
690 616 946 652 sacerdotum
979 614 1077 663 legis
1109 614 1240 662 gracie
1274 626 1350 662 que
1383 614 1496 650 scivit
1520 625 1603 649 esse
1626 614 1760 650 futura

447 687 491 710 ex
530 674 717 722 nequicia
755 673 1008 719 Antichristi3
1055 681 1091 709 et
1136 672 1191 708 sic
1225 672 1432 721 quodlibet
1464 671 1631 708 istorum
1667 680 1758 708 octo

446 734 502 768 Ve
546 740 677 780 potest
723 733 773 768 ad
818 732 1049 768 sacerdotes
1093 731 1295 778 ypocritas
1334 730 1430 778 legis
1463 729 1605 766 veteris
1639 737 1677 765 et
1709 731 1759 766 ad

448 792 676 826 sacerdotes
708 789 804 837 legis
836 789 968 837 gracie
1000 788 1205 836 ypocritas
1239 788 1447 836 applicari.

505 849 583 884 Sed
628 849 858 884 sacerdotes
903 847 942 883 in
985 848 1070 894 lege
1114 845 1246 893 gracie
1294 847 1341 882 de
1374 854 1486 882 tanto
1520 844 1760 892 profundius
1780 857 1818 877 10

447 906 598 942 faciunt
648 905 765 942 istam
813 905 1055 954 nequiciam,
1108 905 1155 940 de
1199 912 1350 952 quanto
1402 903 1584 940 diabolus
1635 915 1761 951 prope

448 965 569 1000 finem
609 964 732 1000 seculi
785 977 855 1011 per
907 963 1136 999 subtiliores
1188 962 1391 1010 ypocrises
1443 962 1531 1009 plus
1585 961 1761 1009 prevalet

449 1031 590 1059 contra
636 1021 855 1058 militantes
901 1034 1021 1070 quam
1067 1020 1266 1068 prevaluit
1303 1029 1486 1067 tempore
1516 1018 1759 1067 precedenti.

447 1081 540 1116 Ideo
587 1092 835 1128 consequens
881 1088 938 1116 est
971 1080 1080 1127 quod
1112 1091 1216 1127 papa
1256 1087 1293 1114 et
1326 1078 1385 1114 sui
1418 1076 1638 1125 complices
1670 1085 1762 1112 sunt

448 1138 577 1174 scribe
621 1147 658 1174 et
702 1137 877 1186 pharisei
923 1138 1154 1174 claudentes
1200 1148 1365 1184 regnum
1408 1135 1586 1171 celorum
1621 1143 1658 1170 et
1688 1135 1817 1170 nec15

448 1196 523 1245 ipsi
551 1196 756 1233 introeunt
787 1208 860 1232 nec
899 1195 997 1232 alios
1028 1195 1206 1231 volentes
1239 1194 1387 1230 intrare
1420 1192 1671 1241 permittunt.
1713 1194 1762 1228 Et

449 1254 685 1303 principalis
730 1254 840 1290 racio
885 1253 1001 1289 huius
1046 1262 1104 1290 est
1135 1251 1322 1300 nequicia
1360 1251 1629 1288 tradicionum
1663 1263 1761 1299 quas

450 1312 575 1349 edidit
605 1312 889 1349 Antichristus.
934 1313 1107 1348 Tantam
1142 1310 1247 1346 enim
1282 1310 1401 1351 fidem
1435 1318 1472 1345 et
1504 1309 1659 1357 plurem
1693 1309 1762 1344 ob-

449 1371 699 1407 servanciam
732 1370 916 1407 vendicat
951 1378 987 1406 et
1020 1369 1096 1405 illis
1124 1367 1415 1405 tradicionibus
1438 1376 1632 1415 quantam
1656 1368 1762 1402 Deus

449 1428 636 1465 vendicat
680 1430 728 1464 de
773 1427 978 1476 evangelio
1011 1429 1102 1463 Jesu
1137 1426 1298 1463 Christi.
1340 1428 1387 1461 Et
1420 1426 1492 1461 hec
1526 1433 1584 1461 est
1617 1437 1762 1472 magna
1779 1435 1820 1456 20

450 1489 518 1523 sed
563 1486 719 1523 subtilis
753 1485 1005 1534 blasphemia
1037 1484 1287 1522 Antichristi.
1332 1485 1424 1519 Ideo
1457 1483 1488 1519 si
1522 1482 1658 1519 fideles
1690 1496 1762 1518 un-

451 1558 571 1593 quam
619 1544 772 1582 cordati
819 1544 980 1589 fuerint‚
1026 1555 1187 1579 necesse
1233 1550 1290 1578 est
1329 1543 1438 1590 quod
1472 1541 1512 1577 in
1545 1541 1621 1576 hoc
1653 1540 1763 1576 brevi

450 1603 642 1650 temporis
675 1602 845 1639 articulo
878 1602 957 1638 sint
988 1601 1132 1637 viriles.
1166 1601 1214 1636 Et
1243 1601 1415 1649 quedam
1450 1598 1679 1635 consolacio
1712 1600 1763 1634 ad

448 1661 616 1697 viriliter
660 1662 859 1708 agendum
907 1660 948 1696 in
992 1661 1068 1696 hoc
1115 1671 1209 1695 casu
1249 1667 1305 1694 est
1338 1657 1536 1694 breviacio
1569 1655 1762 1704 temporis

451 1729 487 1755 et
521 1719 744 1756 minoracio
777 1718 961 1767 potencie
994 1716 1241 1753 Antichristi.
1289 1718 1490 1761 Quantum
1527 1716 1577 1751 ad
1611 1713 1762 1751 brevia·
1779 1715 1818 1747 25

451 1777 613 1814 cionem
661 1776 855 1825 temporis
902 1775 998 1812 dicit
1044 1774 1226 1811 Christus
1264 1773 1432 1810 Matthei
1464 1774 1599 1821 XXIV,
1634 1782 1684 1808 22
1718 1780 1764 1808 ut

450 1835 503 1871 ibi
537 1835 747 1883 exponitur
779 1847 898 1882 super
929 1834 996 1870 illo
1028 1834 1167 1871 verbo:
1191 1832 1278 1868 Nisi
1307 1832 1471 1867 breviati
1492 1831 1663 1879 fuissent
1685 1830 1765 1866 dies

451 1893 509 1929 illi
550 1901 618 1929 etc.
666 1895 713 1929 Et
760 1893 929 1928 multum
978 1900 1109 1927 movet
1155 1890 1378 1926 minoracio
1423 1887 1608 1937 potencie
1651 1887 1763 1924 Anti-

452 1951 588 1987 christi
633 1952 742 1999 quod
789 1951 874 1998 ipse
917 1950 957 1986 in
1001 1949 1115 1997 papis
1163 1948 1356 1985 dividitur
1403 1956 1440 1984 et
1479 1946 1539 1983 sui
1572 1945 1763 1983 satellites

451 2018 541 2045 sunt
594 2009 753 2057 spissim
801 2007 993 2045 contrarii
1038 2007 1113 2043 sibi
1156 2006 1271 2054 ipsis3
1325 2007 1393 2042 sed
1439 2004 1618 2041 Christus
1670 2003 1822 2040 dicit30

451 2067 618 2103 Matthei
640 2069 720 2112 XII,
747 2066 818 2102 25:
859 2066 980 2102 Omne
1003 2078 1167 2115 regnum
1191 2065 1226 2100 in
1255 2076 1295 2100 se
1318 2063 1481 2099 divisum
1514 2062 1763 2099 desolabitur.

453 2126 497 2161 Si
527 2137 625 2175 ergo
659 2125 807 2161 Sathan
841 2125 877 2160 in
916 2136 956 2160 se
995 2124 1141 2159 divisus
1185 2130 1252 2169 est,
1293 2122 1483 2170 quomodo
1521 2121 1636 2157 stabit
1674 2132 1764 2170 reg-

452 2197 539 2219 num
574 2183 722 2233 ipsius?
754 2185 802 2218 Et
826 2182 1088 2218 confirmatur
1117 2193 1187 2229 per
1219 2192 1450 2228 processum
1480 2178 1578 2215 Isaie
1602 2179 1663 2224 IX,
1697 2177 1765 2214 ubi

452 2243 666 2290 prophetat
711 2250 858 2277 statum
906 2239 1071 2276 ecclesie
1116 2252 1137 2275 a
1169 2247 1351 2286 tempore
1389 2235 1636 2284 incepcionis
1668 2235 1764 2283 legis

453 2300 585 2348 gracie
618 2311 744 2347 usque
777 2300 827 2335 ad
861 2298 965 2334 diem
1000 2297 1149 2342 iudicii,
1182 2296 1411 2344 incipiendo
1445 2296 1519 2331 hoc
1552 2303 1710 2342 tempus
1743 2292 1821 2329 a35

453 2357 734 2406 predicacione
768 2355 930 2401 Christi,
976 2355 1070 2403 quia
1118 2363 1160 2390 ut
1194 2354 1291 2390 dicit
1324 2354 1408 2401 ipse
1432 2352 1633 2389 Christus:
1679 2352 1766 2387 Lex

453 2424 487 2452 et
514 2416 705 2465 prophete
737 2427 854 2463 usque
892 2415 943 2449 ad
973 2414 1198 2449 Jolmnnem.
1247 2411 1380 2448 Primo
1426 2423 1519 2459 ergo
1553 2410 1766 2458 prophetat

454 2474 573 2510 Isaias
629 2472 849 2509 efficaciam
913 2470 1207 2519 predicacionis
1271 2469 1430 2514 Christi,
1493 2470 1585 2504 dum
1649 2467 1763 2503 dicit:

453 2532 586 2568 Primo
637 2539 809 2580 ten'zpore
857 2529 1038 2566 alleviata
1091 2536 1147 2565 est
1198 2536 1305 2564 terra
1358 2527 1527 2563 Zabulon
1572 2533 1607 2561 et
1658 2533 1765 2561 terra

524 2716 546 2734 2.
571 2706 750 2743 &salsum
844 2714 883 2733 10.
906 2707 948 2732 A:
969 2705 1023 2731 seri
1042 2704 1136 2731 deest.
1211 2702 1255 2730 30.
1279 2702 1316 2729 13:
1340 2703 1394 2729 sste
1417 2701 1564 2728 Christus.

528 2794 579 2825 31.
615 2792 710 2822 liukc
734 2792 789 2830 XI,
828 2801 877 2832 ¹7-
953 2791 1003 2822 3¹5.
1032 2790 1071 2819 Is.
1092 2789 1144 2827 lx,
1170 2798 1178 2818 1
1204 2794 1236 2818 et
1255 2797 1354 2827 seqq.
1430 2784 1481 2818 ΒΓ).
1508 2783 1696 2823 Μειῖῐ]].Χ1,
1718 2784 1767 2822 13,

459 2839 553 2869 kuke
581 2838 665 2876 XV1‚
701 2836 737 2867 is)
765 2844 828 2868 etc.
912 2837 962 2878 30.
991 2836 1032 2866 Is.
1060 2835 1113 2871 lx,
1146 2845 1169 2863 1.
