<?xml version="1.0" encoding="UTF-8"?>
<!DOCTYPE html PUBLIC "-//W3C//DTD XHTML 1.0 Transitional//EN"
    "http://www.w3.org/TR/xhtml1/DTD/xhtml1-transitional.dtd">
<html xmlns="http://www.w3.org/1999/xhtml" xml:lang="en" lang="en">
 <head>
  <title>
</title>
<meta http-equiv="Content-Type" content="text/html;charset=utf-8" />
  <meta name='ocr-system' content='tesseract 3.04.00' />
  <meta name='ocr-capabilities' content='ocr_page ocr_carea ocr_par ocr_line ocrx_word'/>
</head>
<body>
  <div class='ocr_page' id='page_1' title='image "./opusevangelicum34wycl/opusevangelicum34wycl_0236.png"; bbox 0 0 1986 3289; ppageno 0'>
   <div class='ocr_carea' id='block_1_1' title="bbox 145 171 220 220">
    <p class='ocr_par' dir='ltr' id='par_1_1' title="bbox 145 171 220 220">
     <span class='ocr_line' id='line_1_1' title="bbox 145 171 220 220; baseline 0 -12"><span class='ocrx_word' id='word_1_1' title='bbox 145 171 220 220; x_wconf 79' lang='lat'>198</span> 
     </span>
    </p>
   </div>
   <div class='ocr_carea' id='block_1_2' title="bbox 161 570 391 736">
    <p class='ocr_par' dir='ltr' id='par_1_2' title="bbox 161 570 391 736">
     <span class='ocr_line' id='line_1_2' title="bbox 186 570 365 598; baseline -0.011 0"><span class='ocrx_word' id='word_1_2' title='bbox 186 570 365 598; x_wconf 83' lang='lat' dir='ltr'>Accidental</span> 
     </span>
     <span class='ocr_line' id='line_1_3' title="bbox 168 605 383 640; baseline -0.009 -8"><span class='ocrx_word' id='word_1_3' title='bbox 168 605 249 640; x_wconf 87' lang='lat' dir='ltr'>good</span> <span class='ocrx_word' id='word_1_4' title='bbox 273 612 383 639; x_wconf 82' lang='lat' dir='ltr'>proves</span> 
     </span>
     <span class='ocr_line' id='line_1_4' title="bbox 187 639 367 674; baseline -0.006 -8"><span class='ocrx_word' id='word_1_5' title='bbox 187 640 317 674; x_wconf 83' lang='lat' dir='ltr'>nothing</span> <span class='ocrx_word' id='word_1_6' title='bbox 337 639 367 665; x_wconf 90' lang='lat' dir='ltr'>in</span> 
     </span>
     <span class='ocr_line' id='line_1_5' title="bbox 161 674 391 702; baseline -0.009 0"><span class='ocrx_word' id='word_1_7' title='bbox 161 675 272 702; x_wconf 78' lang='lat' dir='ltr'>favour</span> <span class='ocrx_word' id='word_1_8' title='bbox 291 674 325 701; x_wconf 80' lang='lat' dir='ltr'>of</span> <span class='ocrx_word' id='word_1_9' title='bbox 342 674 391 700; x_wconf 86' lang='lat' dir='ltr'>the</span> 
     </span>
     <span class='ocr_line' id='line_1_6' title="bbox 218 709 337 736; baseline -0.017 0"><span class='ocrx_word' id='word_1_10' title='bbox 218 709 337 736; x_wconf 78' lang='lat' dir='ltr'>orders.</span> 
     </span>
    </p>
   </div>
   <div class='ocr_carea' id='block_1_3' title="bbox 145 1393 425 1457">
    <p class='ocr_par' dir='ltr' id='par_1_3' title="bbox 145 1393 425 1457">
     <span class='ocr_line' id='line_1_7' title="bbox 146 1393 425 1422; baseline -0.007 0"><span class='ocrx_word' id='word_1_11' title='bbox 146 1394 235 1422; x_wconf 92' lang='lat' dir='ltr'>Good</span> <span class='ocrx_word' id='word_1_12' title='bbox 259 1394 369 1422; x_wconf 85' lang='lat' dir='ltr'>results</span> <span class='ocrx_word' id='word_1_13' title='bbox 390 1393 425 1420; x_wconf 90' lang='lat' dir='ltr'>of</span> 
     </span>
     <span class='ocr_line' id='line_1_8' title="bbox 145 1430 419 1457; baseline -0.011 0"><span class='ocrx_word' id='word_1_14' title='bbox 145 1430 195 1457; x_wconf 82' lang='lat' dir='ltr'>the</span> <span class='ocrx_word' id='word_1_15' title='bbox 216 1430 265 1457; x_wconf 83' lang='lat' dir='ltr'>fall</span> <span class='ocrx_word' id='word_1_16' title='bbox 287 1430 321 1456; x_wconf 87' lang='lat' dir='ltr'>of</span> <span class='ocrx_word' id='word_1_17' title='bbox 338 1436 419 1456; x_wconf 87' lang='lat' dir='ltr'>man.</span> 
     </span>
    </p>
   </div>
   <div class='ocr_carea' id='block_1_4' title="bbox 176 1673 389 1736">
    <p class='ocr_par' dir='ltr' id='par_1_4' title="bbox 176 1673 389 1736">
     <span class='ocr_line' id='line_1_9' title="bbox 176 1673 389 1702; baseline -0.009 0"><span class='ocrx_word' id='word_1_18' title='bbox 176 1675 200 1702; x_wconf 87' lang='lat' dir='ltr'>It</span> <span class='ocrx_word' id='word_1_19' title='bbox 219 1674 266 1702; x_wconf 83' lang='lat' dir='ltr'>led</span> <span class='ocrx_word' id='word_1_20' title='bbox 288 1679 318 1701; x_wconf 80' lang='lat' dir='ltr'>to</span> <span class='ocrx_word' id='word_1_21' title='bbox 338 1673 389 1700; x_wconf 85' lang='lat' dir='ltr'>the</span> 
     </span>
     <span class='ocr_line' id='line_1_10' title="bbox 183 1709 387 1736; baseline -0.005 0"><span class='ocrx_word' id='word_1_22' title='bbox 183 1709 387 1736; x_wconf 78' lang='lat' dir='ltr'>incarnatlon.</span> 
     </span>
    </p>
   </div>
   <div class='ocr_carea' id='block_1_5' title="bbox 169 2137 412 2338">
    <p class='ocr_par' dir='ltr' id='par_1_5' title="bbox 180 2137 404 2172">
     <span class='ocr_line' id='line_1_11' title="bbox 180 2137 404 2172; baseline -0.004 -8"><span class='ocrx_word' id='word_1_23' title='bbox 180 2139 208 2164; x_wconf 94' lang='lat' dir='ltr'><strong>A</strong></span> <span class='ocrx_word' id='word_1_24' title='bbox 228 2137 314 2171; x_wconf 81' lang='lat' dir='ltr'>thing</span> <span class='ocrx_word' id='word_1_25' title='bbox 335 2145 404 2172; x_wconf 85' lang='lat' dir='ltr'>may</span> 
     </span>
    </p>

    <p class='ocr_par' dir='ltr' id='par_1_6' title="bbox 183 2173 398 2198">
     <span class='ocr_line' id='line_1_12' title="bbox 183 2173 398 2198; baseline 0 0"><span class='ocrx_word' id='word_1_26' title='bbox 183 2173 251 2198; x_wconf 83' lang='lat' dir='ltr'>take</span> <span class='ocrx_word' id='word_1_27' title='bbox 273 2180 288 2198; x_wconf 86' lang='lat' dir='ltr'>a</span> <span class='ocrx_word' id='word_1_28' title='bbox 310 2180 398 2198; x_wconf 85' lang='lat' dir='ltr'>name</span> 
     </span>
    </p>

    <p class='ocr_par' dir='ltr' id='par_1_7' title="bbox 169 2207 412 2338">
     <span class='ocr_line' id='line_1_13' title="bbox 169 2207 412 2233; baseline -0.004 0"><span class='ocrx_word' id='word_1_29' title='bbox 169 2207 249 2233; x_wconf 88' lang='lat' dir='ltr'>from</span> <span class='ocrx_word' id='word_1_30' title='bbox 271 2207 412 2233; x_wconf 83' lang='lat' dir='ltr'>intrinsic</span> 
     </span>
     <span class='ocr_line' id='line_1_14' title="bbox 223 2242 358 2268; baseline -0.007 0"><span class='ocrx_word' id='word_1_31' title='bbox 223 2250 258 2268; x_wconf 86' lang='lat' dir='ltr'>or</span> <span class='ocrx_word' id='word_1_32' title='bbox 279 2242 358 2268; x_wconf 80' lang='lat' dir='ltr'>from</span> 
     </span>
     <span class='ocr_line' id='line_1_15' title="bbox 218 2276 365 2303; baseline -0.007 0"><span class='ocrx_word' id='word_1_33' title='bbox 218 2276 365 2303; x_wconf 80' lang='lat' dir='ltr'>extrinsic</span> 
     </span>
     <span class='ocr_line' id='line_1_16' title="bbox 223 2319 359 2338; baseline 0 -1"><span class='ocrx_word' id='word_1_34' title='bbox 223 2319 359 2338; x_wconf 78' lang='lat' dir='ltr'>reasons.</span> 
     </span>
    </p>
   </div>
   <div class='ocr_carea' id='block_1_6' title="bbox 749 164 1742 217">
    <p class='ocr_par' dir='ltr' id='par_1_8' title="bbox 749 164 1742 217">
     <span class='ocr_line' id='line_1_17' title="bbox 749 164 1742 217; baseline -0.006 -8"><span class='ocrx_word' id='word_1_35' title='bbox 749 178 866 209; x_wconf 84' lang='lat' dir='ltr'>OPUS</span> <span class='ocrx_word' id='word_1_36' title='bbox 891 176 1229 208; x_wconf 85' lang='lat' dir='ltr'><strong>EVANGELICUM</strong></span> <span class='ocrx_word' id='word_1_37' title='bbox 1257 176 1340 207; x_wconf 83' lang='lat' dir='ltr'>LIB.</span> <span class='ocrx_word' id='word_1_38' title='bbox 1368 176 1422 207; x_wconf 85' lang='grc' dir='ltr'>ΙΙΙ.</span> <span class='ocrx_word' id='word_1_39' title='bbox 1532 164 1638 217; x_wconf 83' lang='lat' dir='ltr'>[CAP-</span> <span class='ocrx_word' id='word_1_40' title='bbox 1659 172 1742 200; x_wconf 84' lang='lat' dir='ltr'><strong>LIV·</strong></span> 
     </span>
    </p>
   </div>
   <div class='ocr_carea' id='block_1_7' title="bbox 426 280 1822 2534">
    <p class='ocr_par' dir='ltr' id='par_1_9' title="bbox 426 280 1813 1374">
     <span class='ocr_line' id='line_1_18' title="bbox 427 280 1742 330; baseline -0.002 -11"><span class='ocrx_word' id='word_1_41' title='bbox 427 283 499 320; x_wconf 91' lang='lat' dir='ltr'>Dei</span> <span class='ocrx_word' id='word_1_42' title='bbox 552 283 677 319; x_wconf 85' lang='lat' dir='ltr'>nostri</span> <span class='ocrx_word' id='word_1_43' title='bbox 736 285 992 319; x_wconf 82' lang='lat' dir='ltr'>ostendentes</span> <span class='ocrx_word' id='word_1_44' title='bbox 1039 282 1355 330; x_wconf 82' lang='lat' dir='ltr'>magnitudinem</span> <span class='ocrx_word' id='word_1_45' title='bbox 1421 294 1489 317; x_wconf 89' lang='lat' dir='ltr'>sue</span> <span class='ocrx_word' id='word_1_46' title='bbox 1545 280 1742 329; x_wconf 79' lang='lat' dir='ltr'>potencie,</span> 
     </span>
     <span class='ocr_line' id='line_1_19' title="bbox 428 340 1744 389; baseline -0.003 -11"><span class='ocrx_word' id='word_1_47' title='bbox 428 354 472 378; x_wconf 85' lang='lat' dir='ltr'>ex</span> <span class='ocrx_word' id='word_1_48' title='bbox 505 342 579 378; x_wconf 90' lang='lat' dir='ltr'>hoc</span> <span class='ocrx_word' id='word_1_49' title='bbox 618 342 727 389; x_wconf 89' lang='lat' dir='ltr'>quod</span> <span class='ocrx_word' id='word_1_50' title='bbox 779 350 870 377; x_wconf 86' lang='lat' dir='ltr'>sunt</span> <span class='ocrx_word' id='word_1_51' title='bbox 915 341 971 377; x_wconf 93' lang='lat' dir='ltr'>sic</span> <span class='ocrx_word' id='word_1_52' title='bbox 1015 340 1158 377; x_wconf 89' lang='lat' dir='ltr'>inclusi</span> <span class='ocrx_word' id='word_1_53' title='bbox 1193 340 1233 376; x_wconf 92' lang='lat' dir='ltr'>in</span> <span class='ocrx_word' id='word_1_54' title='bbox 1267 352 1440 386; x_wconf 84' lang='lat' dir='ltr'>carcere,</span> <span class='ocrx_word' id='word_1_55' title='bbox 1493 347 1603 387; x_wconf 90' lang='lat' dir='ltr'>patet</span> <span class='ocrx_word' id='word_1_56' title='bbox 1636 340 1744 386; x_wconf 89' lang='lat' dir='ltr'>quod</span> 
     </span>
     <span class='ocr_line' id='line_1_20' title="bbox 426 395 1745 447; baseline -0.002 -12"><span class='ocrx_word' id='word_1_57' title='bbox 426 408 634 447; x_wconf 89' lang='lat' dir='ltr'>peccatum</span> <span class='ocrx_word' id='word_1_58' title='bbox 688 399 941 435; x_wconf 79' lang='lat' dir='ltr'>diabolorum</span> <span class='ocrx_word' id='word_1_59' title='bbox 990 399 1167 447; x_wconf 88' lang='lat' dir='ltr'>undique</span> <span class='ocrx_word' id='word_1_60' title='bbox 1215 399 1379 446; x_wconf 87' lang='lat' dir='ltr'>prodest</span> <span class='ocrx_word' id='word_1_61' title='bbox 1434 406 1572 433; x_wconf 87' lang='lat' dir='ltr'>sancte</span> <span class='ocrx_word' id='word_1_62' title='bbox 1625 395 1745 432; x_wconf 91' lang='lat' dir='ltr'>matri</span> 
     </span>
     <span class='ocr_line' id='line_1_21' title="bbox 429 455 1744 505; baseline -0.002 -11"><span class='ocrx_word' id='word_1_63' title='bbox 429 457 613 504; x_wconf 86' lang='lat' dir='ltr'>ecclesie;</span> <span class='ocrx_word' id='word_1_64' title='bbox 647 469 770 505; x_wconf 88' lang='lat' dir='ltr'>quare</span> <span class='ocrx_word' id='word_1_65' title='bbox 803 469 896 504; x_wconf 90' lang='lat' dir='ltr'>ergo</span> <span class='ocrx_word' id='word_1_66' title='bbox 925 469 1007 493; x_wconf 90' lang='lat' dir='ltr'>non</span> <span class='ocrx_word' id='word_1_67' title='bbox 1040 458 1088 492; x_wconf 92' lang='lat' dir='ltr'>de</span> <span class='ocrx_word' id='word_1_68' title='bbox 1120 456 1303 503; x_wconf 83' lang='lat' dir='ltr'>profectu</span> <span class='ocrx_word' id='word_1_69' title='bbox 1327 455 1443 491; x_wconf 88' lang='lat' dir='ltr'>huius</span> <span class='ocrx_word' id='word_1_70' title='bbox 1466 457 1744 503; x_wconf 62' lang='lat' dir='ltr'>gauderemus«.</span> 
     </span>
     <span class='ocr_line' id='line_1_22' title="bbox 428 512 1781 562; baseline -0.001 -11"><span class='ocrx_word' id='word_1_71' title='bbox 428 518 476 551; x_wconf 91' lang='lat' dir='ltr'>Et</span> <span class='ocrx_word' id='word_1_72' title='bbox 508 514 598 551; x_wconf 90' lang='lat' dir='ltr'>ideo</span> <span class='ocrx_word' id='word_1_73' title='bbox 632 515 781 551; x_wconf 90' lang='lat' dir='ltr'>dictum</span> <span class='ocrx_word' id='word_1_74' title='bbox 820 524 876 551; x_wconf 89' lang='lat' dir='ltr'>est</span> <span class='ocrx_word' id='word_1_75' title='bbox 920 514 1051 562; x_wconf 86' lang='lat' dir='ltr'>sepius</span> <span class='ocrx_word' id='word_1_76' title='bbox 1085 515 1192 562; x_wconf 90' lang='lat' dir='ltr'>quod</span> <span class='ocrx_word' id='word_1_77' title='bbox 1226 514 1387 562; x_wconf 85' lang='lat' dir='ltr'>argucia</span> <span class='ocrx_word' id='word_1_78' title='bbox 1429 514 1505 549; x_wconf 80' lang='lat' dir='ltr'>ista</span> <span class='ocrx_word' id='word_1_79' title='bbox 1538 521 1595 549; x_wconf 90' lang='lat' dir='ltr'>est</span> <span class='ocrx_word' id='word_1_80' title='bbox 1627 512 1781 549; x_wconf 81' lang='lat' dir='ltr'>nimis5</span> 
     </span>
     <span class='ocr_line' id='line_1_23' title="bbox 429 571 1748 620; baseline -0.002 -11"><span class='ocrx_word' id='word_1_81' title='bbox 429 586 539 610; x_wconf 87' lang='lat' dir='ltr'>ceca:</span> <span class='ocrx_word' id='word_1_82' title='bbox 592 574 711 609; x_wconf 88' lang='lat' dir='ltr'>Tales</span> <span class='ocrx_word' id='word_1_83' title='bbox 744 571 888 620; x_wconf 85' lang='lat' dir='ltr'>privati</span> <span class='ocrx_word' id='word_1_84' title='bbox 932 572 1094 608; x_wconf 80' lang='lat' dir='ltr'>ordines</span> <span class='ocrx_word' id='word_1_85' title='bbox 1135 571 1286 608; x_wconf 89' lang='lat' dir='ltr'>faciunt</span> <span class='ocrx_word' id='word_1_86' title='bbox 1332 572 1458 607; x_wconf 87' lang='lat' dir='ltr'>multa</span> <span class='ocrx_word' id='word_1_87' title='bbox 1501 572 1620 617; x_wconf 84' lang='lat' dir='ltr'>bona,</span> <span class='ocrx_word' id='word_1_88' title='bbox 1654 582 1748 617; x_wconf 85' lang='lat' dir='ltr'>ergo</span> 
     </span>
     <span class='ocr_line' id='line_1_24' title="bbox 430 627 1750 679; baseline -0.003 -12"><span class='ocrx_word' id='word_1_89' title='bbox 430 640 522 667; x_wconf 89' lang='lat' dir='ltr'>sunt</span> <span class='ocrx_word' id='word_1_90' title='bbox 555 632 604 667; x_wconf 93' lang='lat' dir='ltr'>ab</span> <span class='ocrx_word' id='word_1_91' title='bbox 638 630 806 667; x_wconf 86' lang='lat' dir='ltr'>ecclesia</span> <span class='ocrx_word' id='word_1_92' title='bbox 840 630 1099 679; x_wconf 70' lang='lat' dir='ltr'>acceptandi3</span> <span class='ocrx_word' id='word_1_93' title='bbox 1139 642 1277 666; x_wconf 79' lang='lat' dir='ltr'>revera</span> <span class='ocrx_word' id='word_1_94' title='bbox 1309 627 1391 666; x_wconf 87' lang='lat' dir='ltr'>non</span> <span class='ocrx_word' id='word_1_95' title='bbox 1424 631 1473 665; x_wconf 82' lang='lat' dir='ltr'>ad</span> <span class='ocrx_word' id='word_1_96' title='bbox 1507 629 1628 665; x_wconf 88' lang='lat' dir='ltr'>alium</span> <span class='ocrx_word' id='word_1_97' title='bbox 1663 640 1750 664; x_wconf 85' lang='lat' dir='ltr'>sen-</span> 
     </span>
     <span class='ocr_line' id='line_1_25' title="bbox 429 679 1751 736; baseline -0.003 -11"><span class='ocrx_word' id='word_1_98' title='bbox 429 702 516 725; x_wconf 86' lang='lat' dir='ltr'>sum</span> <span class='ocrx_word' id='word_1_99' title='bbox 550 689 657 725; x_wconf 92' lang='lat' dir='ltr'>istud</span> <span class='ocrx_word' id='word_1_100' title='bbox 681 689 935 725; x_wconf 86' lang='lat' dir='ltr'>concluditur</span> <span class='ocrx_word' id='word_1_101' title='bbox 959 701 1079 736; x_wconf 87' lang='lat' dir='ltr'>quam</span> <span class='ocrx_word' id='word_1_102' title='bbox 1114 690 1222 736; x_wconf 86' lang='lat' dir='ltr'>quod</span> <span class='ocrx_word' id='word_1_103' title='bbox 1246 689 1408 735; x_wconf 90' lang='lat' dir='ltr'>prodest</span> <span class='ocrx_word' id='word_1_104' title='bbox 1432 686 1609 731; x_wconf 74' lang='lat' dir='ltr'>ecclesie,</span> <span class='ocrx_word' id='word_1_105' title='bbox 1644 679 1751 734; x_wconf 84' lang='lat' dir='ltr'>quod</span> 
     </span>
     <span class='ocr_line' id='line_1_26' title="bbox 429 746 1753 794; baseline -0.002 -11"><span class='ocrx_word' id='word_1_106' title='bbox 429 747 591 784; x_wconf 84' lang='lat' dir='ltr'>ordines</span> <span class='ocrx_word' id='word_1_107' title='bbox 635 746 888 783; x_wconf 81' lang='lat' dir='ltr'>diabolorum</span> <span class='ocrx_word' id='word_1_108' title='bbox 944 759 987 783; x_wconf 80' lang='lat' dir='ltr'>ex</span> <span class='ocrx_word' id='word_1_109' title='bbox 1019 759 1090 782; x_wconf 91' lang='lat' dir='ltr'>suo</span> <span class='ocrx_word' id='word_1_110' title='bbox 1135 754 1300 794; x_wconf 84' lang='lat' dir='ltr'>peccato</span> <span class='ocrx_word' id='word_1_111' title='bbox 1333 746 1373 781; x_wconf 85' lang='lat' dir='ltr'>in</span> <span class='ocrx_word' id='word_1_112' title='bbox 1405 754 1557 781; x_wconf 87' lang='lat' dir='ltr'>tartara</span> <span class='ocrx_word' id='word_1_113' title='bbox 1590 746 1753 780; x_wconf 86' lang='lat' dir='ltr'>descen-</span> 
     </span>
     <span class='ocr_line' id='line_1_27' title="bbox 430 803 1812 852; baseline -0.001 -11"><span class='ocrx_word' id='word_1_114' title='bbox 430 807 587 842; x_wconf 86' lang='lat' dir='ltr'>derunt.</span> <span class='ocrx_word' id='word_1_115' title='bbox 622 806 713 841; x_wconf 85' lang='lat' dir='ltr'>Ideo</span> <span class='ocrx_word' id='word_1_116' title='bbox 738 817 827 841; x_wconf 88' lang='lat' dir='ltr'>cum</span> <span class='ocrx_word' id='word_1_117' title='bbox 861 818 942 841; x_wconf 88' lang='lat' dir='ltr'>non</span> <span class='ocrx_word' id='word_1_118' title='bbox 965 813 1121 841; x_wconf 87' lang='lat' dir='ltr'>tantum</span> <span class='ocrx_word' id='word_1_119' title='bbox 1144 812 1313 852; x_wconf 84' lang='lat' dir='ltr'>prosunt</span> <span class='ocrx_word' id='word_1_120' title='bbox 1335 803 1399 840; x_wconf 89' lang='lat' dir='ltr'>isti</span> <span class='ocrx_word' id='word_1_121' title='bbox 1423 803 1583 839; x_wconf 85' lang='lat' dir='ltr'>ordines</span> <span class='ocrx_word' id='word_1_122' title='bbox 1616 810 1752 838; x_wconf 88' lang='lat' dir='ltr'>sancte</span> <span class='ocrx_word' id='word_1_123' title='bbox 1774 818 1812 839; x_wconf 83' lang='grc' dir='ltr'>ιο</span> 
     </span>
     <span class='ocr_line' id='line_1_28' title="bbox 431 859 1751 912; baseline -0.002 -13"><span class='ocrx_word' id='word_1_124' title='bbox 431 864 550 900; x_wconf 89' lang='lat' dir='ltr'>matri</span> <span class='ocrx_word' id='word_1_125' title='bbox 584 861 749 899; x_wconf 86' lang='lat' dir='ltr'>ecclesie</span> <span class='ocrx_word' id='word_1_126' title='bbox 773 862 980 912; x_wconf 53' lang='lat' dir='ltr'>indirecte)</span> <span class='ocrx_word' id='word_1_127' title='bbox 1015 871 1210 910; x_wconf 87' lang='lat' dir='ltr'>quantum</span> <span class='ocrx_word' id='word_1_128' title='bbox 1247 863 1408 910; x_wconf 85' lang='lat' dir='ltr'>prodest</span> <span class='ocrx_word' id='word_1_129' title='bbox 1442 873 1556 897; x_wconf 89' lang='lat' dir='ltr'>casus</span> <span class='ocrx_word' id='word_1_130' title='bbox 1590 859 1751 905; x_wconf 84' lang='lat' dir='ltr'>diaboli,</span> 
     </span>
     <span class='ocr_line' id='line_1_29' title="bbox 431 919 1754 968; baseline -0.002 -11"><span class='ocrx_word' id='word_1_131' title='bbox 431 922 534 958; x_wconf 91' lang='lat' dir='ltr'>sicut</span> <span class='ocrx_word' id='word_1_132' title='bbox 567 921 750 957; x_wconf 88' lang='lat' dir='ltr'>diabolus</span> <span class='ocrx_word' id='word_1_133' title='bbox 795 934 876 957; x_wconf 90' lang='lat' dir='ltr'>non</span> <span class='ocrx_word' id='word_1_134' title='bbox 909 923 1071 957; x_wconf 85' lang='lat' dir='ltr'>deberet</span> <span class='ocrx_word' id='word_1_135' title='bbox 1111 920 1245 956; x_wconf 90' lang='lat' dir='ltr'>taliter</span> <span class='ocrx_word' id='word_1_136' title='bbox 1277 932 1460 968; x_wconf 77' lang='lat' dir='ltr'>peccare,</span> <span class='ocrx_word' id='word_1_137' title='bbox 1507 919 1576 955; x_wconf 83' lang='lat' dir='ltr'>sed</span> <span class='ocrx_word' id='word_1_138' title='bbox 1609 931 1631 954; x_wconf 90' lang='lat' dir='ltr'>a</span> <span class='ocrx_word' id='word_1_139' title='bbox 1663 930 1754 966; x_wconf 91' lang='lat' dir='ltr'>pec-</span> 
     </span>
     <span class='ocr_line' id='line_1_30' title="bbox 432 975 1755 1025; baseline -0.004 -9"><span class='ocrx_word' id='word_1_140' title='bbox 432 989 522 1016; x_wconf 91' lang='lat' dir='ltr'>cato</span> <span class='ocrx_word' id='word_1_141' title='bbox 556 978 786 1015; x_wconf 88' lang='lat' dir='ltr'>huiusmodi</span> <span class='ocrx_word' id='word_1_142' title='bbox 835 979 1056 1024; x_wconf 80' lang='lat' dir='ltr'>continere,</span> <span class='ocrx_word' id='word_1_143' title='bbox 1108 978 1163 1014; x_wconf 89' lang='lat' dir='ltr'>sic</span> <span class='ocrx_word' id='word_1_144' title='bbox 1204 977 1363 1014; x_wconf 88' lang='lat' dir='ltr'>ordines</span> <span class='ocrx_word' id='word_1_145' title='bbox 1408 977 1463 1013; x_wconf 91' lang='lat' dir='ltr'>illi</span> <span class='ocrx_word' id='word_1_146' title='bbox 1508 976 1654 1025; x_wconf 87' lang='lat' dir='ltr'>privati</span> <span class='ocrx_word' id='word_1_147' title='bbox 1687 975 1755 1024; x_wconf 88' lang='lat' dir='ltr'>qui</span> 
     </span>
     <span class='ocr_line' id='line_1_31' title="bbox 431 1033 1756 1084; baseline -0.003 -10"><span class='ocrx_word' id='word_1_148' title='bbox 431 1051 512 1074; x_wconf 89' lang='lat' dir='ltr'>non</span> <span class='ocrx_word' id='word_1_149' title='bbox 557 1046 649 1073; x_wconf 88' lang='lat' dir='ltr'>sunt</span> <span class='ocrx_word' id='word_1_150' title='bbox 693 1037 929 1073; x_wconf 88' lang='lat' dir='ltr'>auctorizati</span> <span class='ocrx_word' id='word_1_151' title='bbox 963 1049 985 1073; x_wconf 92' lang='lat' dir='ltr'>a</span> <span class='ocrx_word' id='word_1_152' title='bbox 1018 1036 1193 1072; x_wconf 91' lang='lat' dir='ltr'>Domino</span> <span class='ocrx_word' id='word_1_153' title='bbox 1227 1038 1362 1084; x_wconf 88' lang='lat' dir='ltr'>quoad</span> <span class='ocrx_word' id='word_1_154' title='bbox 1411 1048 1494 1071; x_wconf 90' lang='lat' dir='ltr'>esse</span> <span class='ocrx_word' id='word_1_155' title='bbox 1528 1048 1641 1070; x_wconf 87' lang='lat' dir='ltr'>suurn</span> <span class='ocrx_word' id='word_1_156' title='bbox 1677 1033 1756 1082; x_wconf 91' lang='lat' dir='ltr'>pri-</span> 
     </span>
     <span class='ocr_line' id='line_1_32' title="bbox 433 1091 1813 1132; baseline -0.001 0"><span class='ocrx_word' id='word_1_157' title='bbox 433 1094 606 1132; x_wconf 88' lang='lat' dir='ltr'>marium</span> <span class='ocrx_word' id='word_1_158' title='bbox 652 1108 732 1131; x_wconf 91' lang='lat' dir='ltr'>non</span> <span class='ocrx_word' id='word_1_159' title='bbox 779 1096 970 1131; x_wconf 90' lang='lat' dir='ltr'>deberent</span> <span class='ocrx_word' id='word_1_160' title='bbox 1016 1107 1056 1130; x_wconf 86' lang='lat' dir='ltr'>se</span> <span class='ocrx_word' id='word_1_161' title='bbox 1089 1093 1145 1130; x_wconf 90' lang='lat' dir='ltr'>sic</span> <span class='ocrx_word' id='word_1_162' title='bbox 1176 1094 1436 1130; x_wconf 86' lang='lat' dir='ltr'>introducere</span> <span class='ocrx_word' id='word_1_163' title='bbox 1469 1093 1510 1129; x_wconf 92' lang='lat' dir='ltr'>in</span> <span class='ocrx_word' id='word_1_164' title='bbox 1544 1091 1813 1131; x_wconf 78' lang='lat' dir='ltr'>ecclesiam15</span> 
     </span>
     <span class='ocr_line' id='line_1_33' title="bbox 433 1149 1758 1200; baseline -0.003 -11"><span class='ocrx_word' id='word_1_165' title='bbox 433 1153 688 1190; x_wconf 81' lang='lat' dir='ltr'>militantem.</span> <span class='ocrx_word' id='word_1_166' title='bbox 723 1153 834 1189; x_wconf 87' lang='lat' dir='ltr'>Sicut</span> <span class='ocrx_word' id='word_1_167' title='bbox 858 1153 963 1189; x_wconf 90' lang='lat' dir='ltr'>enim</span> <span class='ocrx_word' id='word_1_168' title='bbox 994 1152 1306 1200; x_wconf 85' lang='lat' dir='ltr'>spongiositates</span> <span class='ocrx_word' id='word_1_169' title='bbox 1340 1161 1377 1188; x_wconf 92' lang='lat' dir='ltr'>et</span> <span class='ocrx_word' id='word_1_170' title='bbox 1410 1162 1647 1199; x_wconf 87' lang='lat' dir='ltr'>quecunque</span> <span class='ocrx_word' id='word_1_171' title='bbox 1680 1149 1758 1185; x_wconf 89' lang='lat' dir='ltr'>dis-</span> 
     </span>
     <span class='ocr_line' id='line_1_34' title="bbox 434 1207 1756 1259; baseline -0.004 -11"><span class='ocrx_word' id='word_1_172' title='bbox 434 1211 560 1248; x_wconf 89' lang='lat' dir='ltr'>crasie</span> <span class='ocrx_word' id='word_1_173' title='bbox 594 1211 633 1247; x_wconf 91' lang='lat' dir='ltr'>in</span> <span class='ocrx_word' id='word_1_174' title='bbox 667 1212 845 1248; x_wconf 91' lang='lat' dir='ltr'>humano</span> <span class='ocrx_word' id='word_1_175' title='bbox 870 1223 1037 1259; x_wconf 87' lang='lat' dir='ltr'>corpore</span> <span class='ocrx_word' id='word_1_176' title='bbox 1061 1219 1230 1258; x_wconf 86' lang='lat' dir='ltr'>prosunt</span> <span class='ocrx_word' id='word_1_177' title='bbox 1254 1219 1389 1246; x_wconf 90' lang='lat' dir='ltr'>sancte</span> <span class='ocrx_word' id='word_1_178' title='bbox 1423 1208 1543 1245; x_wconf 88' lang='lat' dir='ltr'>matri</span> <span class='ocrx_word' id='word_1_179' title='bbox 1577 1207 1756 1253; x_wconf 78' lang='lat' dir='ltr'>ecclesie,</span> 
     </span>
     <span class='ocr_line' id='line_1_35' title="bbox 433 1266 1757 1317; baseline -0.004 -11"><span class='ocrx_word' id='word_1_180' title='bbox 433 1270 489 1306; x_wconf 89' lang='lat' dir='ltr'>sic</span> <span class='ocrx_word' id='word_1_181' title='bbox 521 1278 557 1306; x_wconf 89' lang='lat' dir='ltr'>et</span> <span class='ocrx_word' id='word_1_182' title='bbox 589 1269 662 1306; x_wconf 91' lang='lat' dir='ltr'>iste</span> <span class='ocrx_word' id='word_1_183' title='bbox 696 1278 870 1317; x_wconf 89' lang='lat' dir='ltr'>quatuor</span> <span class='ocrx_word' id='word_1_184' title='bbox 902 1277 1008 1305; x_wconf 88' lang='lat' dir='ltr'>secte</span> <span class='ocrx_word' id='word_1_185' title='bbox 1041 1281 1112 1316; x_wconf 86' lang='lat' dir='ltr'>per</span> <span class='ocrx_word' id='word_1_186' title='bbox 1145 1268 1349 1304; x_wconf 89' lang='lat' dir='ltr'>diabolum</span> <span class='ocrx_word' id='word_1_187' title='bbox 1384 1267 1625 1304; x_wconf 88' lang='lat' dir='ltr'>introducte.</span> <span class='ocrx_word' id='word_1_188' title='bbox 1680 1266 1757 1302; x_wconf 89' lang='lat' dir='ltr'>Sed</span> 
     </span>
     <span class='ocr_line' id='line_1_36' title="bbox 433 1323 1759 1374; baseline -0.002 -10"><span class='ocrx_word' id='word_1_189' title='bbox 433 1327 650 1364; x_wconf 85' lang='lat' dir='ltr'>videndum</span> <span class='ocrx_word' id='word_1_190' title='bbox 676 1336 733 1364; x_wconf 87' lang='lat' dir='ltr'>est</span> <span class='ocrx_word' id='word_1_191' title='bbox 756 1336 890 1363; x_wconf 90' lang='lat' dir='ltr'>utrum</span> <span class='ocrx_word' id='word_1_192' title='bbox 912 1329 1017 1363; x_wconf 91' lang='lat' dir='ltr'>Deus</span> <span class='ocrx_word' id='word_1_193' title='bbox 1043 1327 1193 1363; x_wconf 88' lang='lat' dir='ltr'>directe</span> <span class='ocrx_word' id='word_1_194' title='bbox 1216 1326 1323 1374; x_wconf 86' lang='lat' dir='ltr'>ipsas</span> <span class='ocrx_word' id='word_1_195' title='bbox 1347 1325 1517 1374; x_wconf 86' lang='lat' dir='ltr'>precipit</span> <span class='ocrx_word' id='word_1_196' title='bbox 1542 1323 1759 1361; x_wconf 87' lang='lat' dir='ltr'>introduci.</span> 
     </span>
    </p>

    <p class='ocr_par' dir='ltr' id='par_1_10' title="bbox 435 1381 1821 2129">
     <span class='ocr_line' id='line_1_37' title="bbox 494 1381 1818 1431; baseline -0.002 -10"><span class='ocrx_word' id='word_1_197' title='bbox 494 1388 542 1421; x_wconf 89' lang='lat' dir='ltr'>Et</span> <span class='ocrx_word' id='word_1_198' title='bbox 587 1385 695 1422; x_wconf 89' lang='lat' dir='ltr'>idem</span> <span class='ocrx_word' id='word_1_199' title='bbox 739 1385 896 1421; x_wconf 89' lang='lat' dir='ltr'>videtur</span> <span class='ocrx_word' id='word_1_200' title='bbox 942 1386 989 1421; x_wconf 91' lang='lat' dir='ltr'>de</span> <span class='ocrx_word' id='word_1_201' title='bbox 1038 1386 1214 1421; x_wconf 87' lang='lat' dir='ltr'>secundo</span> <span class='ocrx_word' id='word_1_202' title='bbox 1260 1397 1354 1420; x_wconf 87' lang='lat' dir='ltr'>casu</span> <span class='ocrx_word' id='word_1_203' title='bbox 1399 1383 1519 1431; x_wconf 91' lang='lat' dir='ltr'>primi</span> <span class='ocrx_word' id='word_1_204' title='bbox 1564 1381 1818 1429; x_wconf 78' lang='lat' dir='ltr'>hominis32o</span> 
     </span>
     <span class='ocr_line' id='line_1_38' title="bbox 436 1441 1759 1485; baseline -0.003 -5"><span class='ocrx_word' id='word_1_205' title='bbox 436 1456 529 1480; x_wconf 90' lang='lat' dir='ltr'>nam</span> <span class='ocrx_word' id='word_1_206' title='bbox 571 1443 785 1480; x_wconf 84' lang='lat' dir='ltr'>occasione</span> <span class='ocrx_word' id='word_1_207' title='bbox 829 1443 943 1479; x_wconf 89' lang='lat' dir='ltr'>istius</span> <span class='ocrx_word' id='word_1_208' title='bbox 988 1445 1098 1479; x_wconf 86' lang='lat' dir='ltr'>Jesus</span> <span class='ocrx_word' id='word_1_209' title='bbox 1150 1451 1288 1478; x_wconf 87' lang='lat' dir='ltr'>noster</span> <span class='ocrx_word' id='word_1_210' title='bbox 1332 1442 1461 1477; x_wconf 87' lang='lat' dir='ltr'>fuerat</span> <span class='ocrx_word' id='word_1_211' title='bbox 1505 1441 1759 1485; x_wconf 80' lang='lat' dir='ltr'>incarnatus3</span> 
     </span>
     <span class='ocr_line' id='line_1_39' title="bbox 435 1499 1762 1549; baseline -0.003 -11"><span class='ocrx_word' id='word_1_212' title='bbox 435 1514 508 1538; x_wconf 90' lang='lat' dir='ltr'>nec</span> <span class='ocrx_word' id='word_1_213' title='bbox 542 1510 702 1549; x_wconf 88' lang='lat' dir='ltr'>oportet</span> <span class='ocrx_word' id='word_1_214' title='bbox 736 1514 808 1537; x_wconf 89' lang='lat' dir='ltr'>nos</span> <span class='ocrx_word' id='word_1_215' title='bbox 832 1500 1038 1547; x_wconf 81' lang='lat' dir='ltr'>solicitari7</span> <span class='ocrx_word' id='word_1_216' title='bbox 1072 1508 1208 1536; x_wconf 87' lang='lat' dir='ltr'>utrum</span> <span class='ocrx_word' id='word_1_217' title='bbox 1242 1502 1348 1536; x_wconf 90' lang='lat' dir='ltr'>Deus</span> <span class='ocrx_word' id='word_1_218' title='bbox 1381 1499 1661 1535; x_wconf 84' lang='lat' dir='ltr'>incarnaretur</span> <span class='ocrx_word' id='word_1_219' title='bbox 1692 1499 1762 1534; x_wconf 92' lang='lat' dir='ltr'>ho-</span> 
     </span>
     <span class='ocr_line' id='line_1_40' title="bbox 440 1557 1762 1607; baseline -0.003 -11"><span class='ocrx_word' id='word_1_220' title='bbox 440 1559 547 1596; x_wconf 88' lang='lat' dir='ltr'>mine</span> <span class='ocrx_word' id='word_1_221' title='bbox 598 1573 680 1596; x_wconf 88' lang='lat' dir='ltr'>non</span> <span class='ocrx_word' id='word_1_222' title='bbox 713 1568 919 1607; x_wconf 84' lang='lat' dir='ltr'>peccante,</span> <span class='ocrx_word' id='word_1_223' title='bbox 966 1559 1059 1607; x_wconf 87' lang='lat' dir='ltr'>quia</span> <span class='ocrx_word' id='word_1_224' title='bbox 1103 1559 1174 1594; x_wconf 89' lang='lat' dir='ltr'>Dei</span> <span class='ocrx_word' id='word_1_225' title='bbox 1214 1557 1498 1606; x_wconf 87' lang='lat' dir='ltr'>preordinacio</span> <span class='ocrx_word' id='word_1_226' title='bbox 1534 1566 1671 1593; x_wconf 91' lang='lat' dir='ltr'>eterna</span> <span class='ocrx_word' id='word_1_227' title='bbox 1704 1564 1762 1592; x_wconf 87' lang='lat' dir='ltr'>est</span> 
     </span>
     <span class='ocr_line' id='line_1_41' title="bbox 439 1613 1761 1666; baseline -0.003 -12"><span class='ocrx_word' id='word_1_228' title='bbox 439 1619 548 1666; x_wconf 90' lang='lat' dir='ltr'>quod</span> <span class='ocrx_word' id='word_1_229' title='bbox 581 1619 702 1654; x_wconf 90' lang='lat' dir='ltr'>homo</span> <span class='ocrx_word' id='word_1_230' title='bbox 748 1630 818 1665; x_wconf 89' lang='lat' dir='ltr'>per</span> <span class='ocrx_word' id='word_1_231' title='bbox 852 1616 999 1654; x_wconf 90' lang='lat' dir='ltr'>Christi</span> <span class='ocrx_word' id='word_1_232' title='bbox 1044 1616 1372 1652; x_wconf 80' lang='lat' dir='ltr'>incarnacionem</span> <span class='ocrx_word' id='word_1_233' title='bbox 1413 1629 1435 1652; x_wconf 90' lang='lat' dir='ltr'>a</span> <span class='ocrx_word' id='word_1_234' title='bbox 1471 1628 1573 1663; x_wconf 91' lang='lat' dir='ltr'>pena</span> <span class='ocrx_word' id='word_1_235' title='bbox 1606 1613 1761 1663; x_wconf 90' lang='lat' dir='ltr'>peccati</span> 
     </span>
     <span class='ocr_line' id='line_1_42' title="bbox 438 1672 1817 1712; baseline -0.003 -1"><span class='ocrx_word' id='word_1_236' title='bbox 438 1675 571 1712; x_wconf 90' lang='lat' dir='ltr'>taliter</span> <span class='ocrx_word' id='word_1_237' title='bbox 615 1675 819 1712; x_wconf 85' lang='lat' dir='ltr'>liberetur.</span> <span class='ocrx_word' id='word_1_238' title='bbox 866 1676 958 1711; x_wconf 87' lang='lat' dir='ltr'>Ideo</span> <span class='ocrx_word' id='word_1_239' title='bbox 1002 1675 1104 1710; x_wconf 87' lang='lat' dir='ltr'>sicut</span> <span class='ocrx_word' id='word_1_240' title='bbox 1150 1674 1421 1711; x_wconf 85' lang='lat' dir='ltr'>necessarium</span> <span class='ocrx_word' id='word_1_241' title='bbox 1468 1682 1526 1709; x_wconf 90' lang='lat' dir='ltr'>est</span> <span class='ocrx_word' id='word_1_242' title='bbox 1559 1672 1760 1710; x_wconf 83' lang='lat' dir='ltr'>Christum</span> <span class='ocrx_word' id='word_1_243' title='bbox 1778 1679 1817 1712; x_wconf 82' lang='lat'>25</span> 
     </span>
     <span class='ocr_line' id='line_1_43' title="bbox 438 1730 1761 1780; baseline -0.002 -11"><span class='ocrx_word' id='word_1_244' title='bbox 438 1733 654 1778; x_wconf 83' lang='lat' dir='ltr'>incarnari⁷</span> <span class='ocrx_word' id='word_1_245' title='bbox 689 1733 745 1769; x_wconf 90' lang='lat' dir='ltr'>sic</span> <span class='ocrx_word' id='word_1_246' title='bbox 775 1732 1044 1769; x_wconf 87' lang='lat' dir='ltr'>necessarium</span> <span class='ocrx_word' id='word_1_247' title='bbox 1071 1741 1128 1769; x_wconf 86' lang='lat' dir='ltr'>est</span> <span class='ocrx_word' id='word_1_248' title='bbox 1151 1745 1223 1780; x_wconf 90' lang='lat' dir='ltr'>pro</span> <span class='ocrx_word' id='word_1_249' title='bbox 1247 1733 1323 1768; x_wconf 87' lang='lat' dir='ltr'>hoc</span> <span class='ocrx_word' id='word_1_250' title='bbox 1356 1732 1435 1768; x_wconf 89' lang='lat' dir='ltr'>fine</span> <span class='ocrx_word' id='word_1_251' title='bbox 1468 1744 1538 1779; x_wconf 91' lang='lat' dir='ltr'>per</span> <span class='ocrx_word' id='word_1_252' title='bbox 1561 1730 1761 1775; x_wconf 76' lang='lat' dir='ltr'>accidens,</span> 
     </span>
     <span class='ocr_line' id='line_1_44' title="bbox 437 1788 1755 1840; baseline -0.002 -12"><span class='ocrx_word' id='word_1_253' title='bbox 437 1792 514 1828; x_wconf 91' lang='lat' dir='ltr'>hoc</span> <span class='ocrx_word' id='word_1_254' title='bbox 559 1801 627 1835; x_wconf 83' lang='lat' dir='ltr'>est,</span> <span class='ocrx_word' id='word_1_255' title='bbox 677 1804 749 1840; x_wconf 87' lang='lat' dir='ltr'>pro</span> <span class='ocrx_word' id='word_1_256' title='bbox 783 1791 1011 1828; x_wconf 90' lang='lat' dir='ltr'>salvacione</span> <span class='ocrx_word' id='word_1_257' title='bbox 1057 1790 1231 1827; x_wconf 87' lang='lat' dir='ltr'>hominis</span> <span class='ocrx_word' id='word_1_258' title='bbox 1277 1790 1493 1838; x_wconf 86' lang='lat' dir='ltr'>ipsummet</span> <span class='ocrx_word' id='word_1_259' title='bbox 1541 1788 1755 1825; x_wconf 86' lang='lat' dir='ltr'>incarnari.</span> 
     </span>
     <span class='ocr_line' id='line_1_45' title="bbox 439 1846 1763 1896; baseline -0.002 -11"><span class='ocrx_word' id='word_1_260' title='bbox 439 1851 487 1885; x_wconf 86' lang='lat' dir='ltr'>Et</span> <span class='ocrx_word' id='word_1_261' title='bbox 520 1851 570 1885; x_wconf 89' lang='lat' dir='ltr'>ad</span> <span class='ocrx_word' id='word_1_262' title='bbox 608 1850 727 1885; x_wconf 92' lang='lat' dir='ltr'>istum</span> <span class='ocrx_word' id='word_1_263' title='bbox 774 1862 935 1885; x_wconf 91' lang='lat' dir='ltr'>sensum</span> <span class='ocrx_word' id='word_1_264' title='bbox 985 1848 1152 1896; x_wconf 81' lang='lat' dir='ltr'>intelligi</span> <span class='ocrx_word' id='word_1_265' title='bbox 1186 1857 1317 1896; x_wconf 87' lang='lat' dir='ltr'>potest</span> <span class='ocrx_word' id='word_1_266' title='bbox 1350 1846 1566 1895; x_wconf 82' lang='lat' dir='ltr'>Gregorius</span> <span class='ocrx_word' id='word_1_267' title='bbox 1598 1847 1639 1883; x_wconf 87' lang='lat' dir='ltr'>in</span> <span class='ocrx_word' id='word_1_268' title='bbox 1671 1859 1763 1882; x_wconf 90' lang='lat' dir='ltr'>can-</span> 
     </span>
     <span class='ocr_line' id='line_1_46' title="bbox 439 1905 1761 1957; baseline -0.003 -14"><span class='ocrx_word' id='word_1_269' title='bbox 439 1907 518 1943; x_wconf 90' lang='lat' dir='ltr'>tico</span> <span class='ocrx_word' id='word_1_270' title='bbox 552 1907 620 1944; x_wconf 90' lang='lat' dir='ltr'>illo</span> <span class='ocrx_word' id='word_1_271' title='bbox 654 1907 840 1944; x_wconf 88' lang='lat' dir='ltr'>ecclesie:</span> <span class='ocrx_word' id='word_1_272' title='bbox 886 1908 1050 1943; x_wconf 66' lang='lat' dir='ltr'>Exultat</span> <span class='ocrx_word' id='word_1_273' title='bbox 1090 1907 1165 1942; x_wconf 81' lang='lat' dir='ltr'>iam</span> <span class='ocrx_word' id='word_1_274' title='bbox 1200 1907 1376 1957; x_wconf 73' lang='lat' dir='ltr'>angelica</span> <span class='ocrx_word' id='word_1_275' title='bbox 1423 1906 1537 1941; x_wconf 77' lang='lat' dir='ltr'>turba</span> <span class='ocrx_word' id='word_1_276' title='bbox 1577 1905 1761 1950; x_wconf 79' lang='lat' dir='ltr'>celorum,</span> 
     </span>
     <span class='ocr_line' id='line_1_47' title="bbox 440 1964 1821 2014; baseline -0.003 -13"><span class='ocrx_word' id='word_1_277' title='bbox 440 1965 506 2001; x_wconf 86' lang='lat' dir='ltr'>ubi</span> <span class='ocrx_word' id='word_1_278' title='bbox 532 1965 627 2002; x_wconf 89' lang='lat' dir='ltr'>dicit</span> <span class='ocrx_word' id='word_1_279' title='bbox 651 1967 758 2014; x_wconf 90' lang='lat' dir='ltr'>quod</span> <span class='ocrx_word' id='word_1_280' title='bbox 781 1964 1051 2002; x_wconf 88' lang='lat' dir='ltr'>necessarium</span> <span class='ocrx_word' id='word_1_281' title='bbox 1074 1964 1148 2000; x_wconf 87' lang='lat' dir='ltr'>fuit</span> <span class='ocrx_word' id='word_1_282' title='bbox 1164 1966 1247 2000; x_wconf 86' lang='lat' dir='ltr'>Ade</span> <span class='ocrx_word' id='word_1_283' title='bbox 1270 1973 1480 2012; x_wconf 87' lang='lat' dir='ltr'>peccatum</span> <span class='ocrx_word' id='word_1_284' title='bbox 1507 1971 1543 1999; x_wconf 87' lang='lat' dir='ltr'>et</span> <span class='ocrx_word' id='word_1_285' title='bbox 1565 1971 1761 2006; x_wconf 88' lang='lat' dir='ltr'>nostrum,</span> <span class='ocrx_word' id='word_1_286' title='bbox 1781 1971 1821 2002; x_wconf 70' lang='lat'>30</span> 
     </span>
     <span class='ocr_line' id='line_1_48' title="bbox 441 2019 1764 2071; baseline -0.003 -12"><span class='ocrx_word' id='word_1_287' title='bbox 441 2032 478 2059; x_wconf 89' lang='lat' dir='ltr'>et</span> <span class='ocrx_word' id='word_1_288' title='bbox 510 2024 599 2059; x_wconf 74' lang='lat' dir='ltr'>felix</span> <span class='ocrx_word' id='word_1_289' title='bbox 632 2023 704 2059; x_wconf 89' lang='lat' dir='ltr'>fuit</span> <span class='ocrx_word' id='word_1_290' title='bbox 738 2025 856 2071; x_wconf 86' lang='lat' dir='ltr'>culpa</span> <span class='ocrx_word' id='word_1_291' title='bbox 888 2036 964 2071; x_wconf 82' lang='lat' dir='ltr'>que</span> <span class='ocrx_word' id='word_1_292' title='bbox 997 2023 1116 2058; x_wconf 82' lang='lat' dir='ltr'>talem</span> <span class='ocrx_word' id='word_1_293' title='bbox 1152 2035 1197 2058; x_wconf 87' lang='lat' dir='ltr'>ac</span> <span class='ocrx_word' id='word_1_294' title='bbox 1236 2031 1392 2058; x_wconf 85' lang='lat' dir='ltr'>tantum</span> <span class='ocrx_word' id='word_1_295' title='bbox 1434 2023 1580 2058; x_wconf 80' lang='lat' dir='ltr'>habere</span> <span class='ocrx_word' id='word_1_296' title='bbox 1619 2019 1764 2056; x_wconf 86' lang='lat' dir='ltr'>meruit</span> 
     </span>
     <span class='ocr_line' id='line_1_49' title="bbox 444 2083 760 2129; baseline 0 -12"><span class='ocrx_word' id='word_1_297' title='bbox 444 2083 760 2129; x_wconf 81' lang='lat' dir='ltr'>redemptorem,</span> 
     </span>
    </p>

    <p class='ocr_par' dir='ltr' id='par_1_11' title="bbox 444 2138 1822 2534">
     <span class='ocr_line' id='line_1_50' title="bbox 504 2138 1765 2186; baseline -0.003 -11"><span class='ocrx_word' id='word_1_298' title='bbox 504 2141 617 2176; x_wconf 90' lang='lat' dir='ltr'>Unde</span> <span class='ocrx_word' id='word_1_299' title='bbox 650 2139 787 2175; x_wconf 90' lang='lat' dir='ltr'>dicunt</span> <span class='ocrx_word' id='word_1_300' title='bbox 821 2138 940 2186; x_wconf 90' lang='lat' dir='ltr'>logici</span> <span class='ocrx_word' id='word_1_301' title='bbox 974 2139 1081 2186; x_wconf 89' lang='lat' dir='ltr'>quod</span> <span class='ocrx_word' id='word_1_302' title='bbox 1117 2151 1177 2174; x_wconf 88' lang='lat' dir='ltr'>res</span> <span class='ocrx_word' id='word_1_303' title='bbox 1215 2138 1427 2186; x_wconf 88' lang='lat' dir='ltr'>dupliciter</span> <span class='ocrx_word' id='word_1_304' title='bbox 1461 2148 1603 2184; x_wconf 80' lang='lat' dir='ltr'>capere</span> <span class='ocrx_word' id='word_1_305' title='bbox 1636 2144 1765 2184; x_wconf 87' lang='lat' dir='ltr'>potest</span> 
     </span>
     <span class='ocr_line' id='line_1_51' title="bbox 445 2196 1766 2243; baseline -0.003 -10"><span class='ocrx_word' id='word_1_306' title='bbox 445 2197 838 2243; x_wconf 83' lang='lat' dir='ltr'>denominacionem‚</span> <span class='ocrx_word' id='word_1_307' title='bbox 885 2198 944 2233; x_wconf 89' lang='lat' dir='ltr'>vel</span> <span class='ocrx_word' id='word_1_308' title='bbox 978 2210 999 2233; x_wconf 91' lang='lat' dir='ltr'>a</span> <span class='ocrx_word' id='word_1_309' title='bbox 1033 2209 1103 2232; x_wconf 90' lang='lat' dir='ltr'>suo</span> <span class='ocrx_word' id='word_1_310' title='bbox 1137 2196 1368 2242; x_wconf 83' lang='lat' dir='ltr'>intrinseco,</span> <span class='ocrx_word' id='word_1_311' title='bbox 1419 2196 1520 2231; x_wconf 85' lang='lat' dir='ltr'>sicut</span> <span class='ocrx_word' id='word_1_312' title='bbox 1553 2196 1675 2230; x_wconf 89' lang='lat' dir='ltr'>homo</span> <span class='ocrx_word' id='word_1_313' title='bbox 1709 2203 1766 2229; x_wconf 79' lang='lat' dir='ltr'>est</span> 
     </span>
     <span class='ocr_line' id='line_1_52' title="bbox 445 2251 1822 2303; baseline -0.004 -12"><span class='ocrx_word' id='word_1_314' title='bbox 445 2255 585 2301; x_wconf 79' lang='lat' dir='ltr'>iustus7</span> <span class='ocrx_word' id='word_1_315' title='bbox 639 2264 676 2291; x_wconf 89' lang='lat' dir='ltr'>et</span> <span class='ocrx_word' id='word_1_316' title='bbox 721 2268 792 2303; x_wconf 86' lang='lat' dir='ltr'>pro</span> <span class='ocrx_word' id='word_1_317' title='bbox 840 2267 960 2302; x_wconf 81' lang='lat' dir='ltr'>opere</span> <span class='ocrx_word' id='word_1_318' title='bbox 995 2254 1201 2290; x_wconf 87' lang='lat' dir='ltr'>meritorio</span> <span class='ocrx_word' id='word_1_319' title='bbox 1235 2254 1360 2290; x_wconf 84' lang='lat' dir='ltr'>viator</span> <span class='ocrx_word' id='word_1_320' title='bbox 1400 2266 1488 2290; x_wconf 90' lang='lat' dir='ltr'>cum</span> <span class='ocrx_word' id='word_1_321' title='bbox 1526 2252 1597 2288; x_wconf 89' lang='lat' dir='ltr'>Dei</span> <span class='ocrx_word' id='word_1_322' title='bbox 1630 2251 1764 2299; x_wconf 78' lang='lat' dir='ltr'>gracia</span> <span class='ocrx_word' id='word_1_323' title='bbox 1782 2262 1822 2294; x_wconf 76' lang='lat'>35</span> 
     </span>
     <span class='ocr_line' id='line_1_53' title="bbox 446 2310 1764 2358; baseline -0.004 -9"><span class='ocrx_word' id='word_1_324' title='bbox 446 2323 503 2349; x_wconf 90' lang='lat' dir='ltr'>est</span> <span class='ocrx_word' id='word_1_325' title='bbox 537 2315 688 2349; x_wconf 84' lang='lat' dir='ltr'>beatus.</span> <span class='ocrx_word' id='word_1_326' title='bbox 737 2315 919 2349; x_wconf 84' lang='lat' dir='ltr'>Secunda</span> <span class='ocrx_word' id='word_1_327' title='bbox 966 2322 1097 2349; x_wconf 85' lang='lat' dir='ltr'>autem</span> <span class='ocrx_word' id='word_1_328' title='bbox 1135 2312 1420 2348; x_wconf 84' lang='lat' dir='ltr'>denominatur</span> <span class='ocrx_word' id='word_1_329' title='bbox 1452 2310 1604 2358; x_wconf 83' lang='lat' dir='ltr'>aliquid</span> <span class='ocrx_word' id='word_1_330' title='bbox 1638 2323 1659 2346; x_wconf 84' lang='lat' dir='ltr'>a</span> <span class='ocrx_word' id='word_1_331' title='bbox 1693 2322 1764 2345; x_wconf 90' lang='lat' dir='ltr'>suo</span> 
     </span>
     <span class='ocr_line' id='line_1_54' title="bbox 445 2367 1764 2416; baseline -0.004 -9"><span class='ocrx_word' id='word_1_332' title='bbox 445 2371 678 2416; x_wconf 82' lang='lat' dir='ltr'>extrinseco,</span> <span class='ocrx_word' id='word_1_333' title='bbox 720 2371 821 2407; x_wconf 89' lang='lat' dir='ltr'>sicut</span> <span class='ocrx_word' id='word_1_334' title='bbox 867 2371 982 2406; x_wconf 88' lang='lat' dir='ltr'>urina</span> <span class='ocrx_word' id='word_1_335' title='bbox 1014 2371 1074 2407; x_wconf 88' lang='lat' dir='ltr'>vel</span> <span class='ocrx_word' id='word_1_336' title='bbox 1107 2370 1212 2406; x_wconf 86' lang='lat' dir='ltr'>dieta</span> <span class='ocrx_word' id='word_1_337' title='bbox 1245 2370 1390 2406; x_wconf 87' lang='lat' dir='ltr'>dicitur</span> <span class='ocrx_word' id='word_1_338' title='bbox 1423 2382 1533 2413; x_wconf 82' lang='lat' dir='ltr'>sana,</span> <span class='ocrx_word' id='word_1_339' title='bbox 1587 2377 1623 2404; x_wconf 89' lang='lat' dir='ltr'>et</span> <span class='ocrx_word' id='word_1_340' title='bbox 1656 2367 1710 2403; x_wconf 86' lang='lat' dir='ltr'>sic</span> <span class='ocrx_word' id='word_1_341' title='bbox 1743 2379 1764 2402; x_wconf 87' lang='lat' dir='ltr'>a</span> 
     </span>
     <span class='ocr_line' id='line_1_55' title="bbox 444 2425 1763 2477; baseline -0.003 -13"><span class='ocrx_word' id='word_1_342' title='bbox 444 2429 578 2477; x_wconf 91' lang='lat' dir='ltr'>gracia</span> <span class='ocrx_word' id='word_1_343' title='bbox 602 2429 674 2465; x_wconf 91' lang='lat' dir='ltr'>Dei</span> <span class='ocrx_word' id='word_1_344' title='bbox 698 2429 914 2465; x_wconf 89' lang='lat' dir='ltr'>intrinseca</span> <span class='ocrx_word' id='word_1_345' title='bbox 937 2428 1083 2465; x_wconf 88' lang='lat' dir='ltr'>dicitur</span> <span class='ocrx_word' id='word_1_346' title='bbox 1116 2437 1323 2475; x_wconf 87' lang='lat' dir='ltr'>peccatum</span> <span class='ocrx_word' id='word_1_347' title='bbox 1350 2427 1523 2464; x_wconf 88' lang='lat' dir='ltr'>hominis</span> <span class='ocrx_word' id='word_1_348' title='bbox 1557 2438 1639 2461; x_wconf 89' lang='lat' dir='ltr'>esse</span> <span class='ocrx_word' id='word_1_349' title='bbox 1664 2425 1763 2469; x_wconf 85' lang='lat' dir='ltr'>felix,</span> 
     </span>
     <span class='ocr_line' id='line_1_56' title="bbox 445 2481 1765 2534; baseline -0.004 -11"><span class='ocrx_word' id='word_1_350' title='bbox 445 2496 482 2523; x_wconf 91' lang='lat' dir='ltr'>et</span> <span class='ocrx_word' id='word_1_351' title='bbox 529 2487 646 2523; x_wconf 83' lang='lat' dir='ltr'>istam</span> <span class='ocrx_word' id='word_1_352' title='bbox 691 2486 994 2522; x_wconf 87' lang='lat' dir='ltr'>distinccionem</span> <span class='ocrx_word' id='word_1_353' title='bbox 1043 2486 1280 2534; x_wconf 87' lang='lat' dir='ltr'>ignorarunt</span> <span class='ocrx_word' id='word_1_354' title='bbox 1322 2485 1543 2522; x_wconf 76' lang='lat' dir='ltr'>cardinales</span> <span class='ocrx_word' id='word_1_355' title='bbox 1596 2483 1652 2519; x_wconf 90' lang='lat' dir='ltr'>illi</span> <span class='ocrx_word' id='word_1_356' title='bbox 1697 2481 1765 2531; x_wconf 89' lang='lat' dir='ltr'>qui</span> 
     </span>
    </p>
   </div>
   <div class='ocr_carea' id='block_1_8' title="bbox 521 2703 794 2730">
    <p class='ocr_par' dir='ltr' id='par_1_12' title="bbox 521 2703 794 2730">
     <span class='ocr_line' id='line_1_57' title="bbox 521 2703 794 2730; baseline 0.007 -2"><span class='ocrx_word' id='word_1_357' title='bbox 521 2712 545 2729; x_wconf 72' lang='lat'>2.</span> <span class='ocrx_word' id='word_1_358' title='bbox 568 2704 611 2730; x_wconf 81' lang='lat' dir='ltr'>A:</span> <span class='ocrx_word' id='word_1_359' title='bbox 634 2703 677 2729; x_wconf 71' lang='lat' dir='ltr'>sic</span> <span class='ocrx_word' id='word_1_360' title='bbox 699 2703 794 2730; x_wconf 78' lang='lat' dir='ltr'>deest.</span> 
     </span>
    </p>
   </div>
   <div class='ocr_carea' id='block_1_9' title="bbox 523 2796 1672 2838">
    <p class='ocr_par' dir='ltr' id='par_1_13' title="bbox 523 2796 1672 2838">
     <span class='ocr_line' id='line_1_58' title="bbox 523 2796 1672 2838; baseline 0.002 -13"><span class='ocrx_word' id='word_1_361' title='bbox 523 2808 575 2834; x_wconf 63' lang='lat' dir='ltr'>m..</span> <span class='ocrx_word' id='word_1_362' title='bbox 604 2798 656 2828; x_wconf 71' lang='lat' dir='ltr'>(js,</span> <span class='ocrx_word' id='word_1_363' title='bbox 684 2799 733 2828; x_wconf 72' lang='lat' dir='ltr'>De</span> <span class='ocrx_word' id='word_1_364' title='bbox 762 2797 930 2837; x_wconf 63' lang='lat' dir='ltr'>Ecclesia,</span> <span class='ocrx_word' id='word_1_365' title='bbox 957 2807 1034 2838; x_wconf 80' lang='lat' dir='ltr'>pag.</span> <span class='ocrx_word' id='word_1_366' title='bbox 1068 2796 1138 2837; x_wconf 65' lang='lat'><em>1134,</em></span> <span class='ocrx_word' id='word_1_367' title='bbox 1235 2798 1286 2829; x_wconf 65' lang='lat'>30.</span> <span class='ocrx_word' id='word_1_368' title='bbox 1315 2797 1366 2827; x_wconf 83' lang='lat' dir='ltr'>Cf.</span> <span class='ocrx_word' id='word_1_369' title='bbox 1393 2798 1503 2827; x_wconf 72' lang='lat' dir='ltr'>Serm.</span> <span class='ocrx_word' id='word_1_370' title='bbox 1532 2797 1569 2835; x_wconf 85' lang='grc' dir='ltr'>ΙΙ,</span> <span class='ocrx_word' id='word_1_371' title='bbox 1602 2796 1672 2827; x_wconf 80' lang='lat'>152.</span> 
     </span>
    </p>
   </div>
  </div>
 </body>
</html>
