1986 3289
211 236 298 265 CAP-
320 236 428 264 XXVI·
608 240 666 271 DE
695 238 1008 270 ANTICHRISTO
1037 238 1120 271 LIB.
1147 238 1170 270 Ι.

209 347 262 382 sic
294 353 330 382 et
360 353 447 382 ante
470 345 621 382 ruinam
654 352 719 381 aut
749 345 913 382 hominis
944 353 1009 381 aut
1042 345 1116 381 loci
1136 345 1298 382 alicuius
1330 352 1396 380 aut
1428 345 1519 381 civi-

210 404 299 440 tatis
337 403 630 440 inemendabilia
665 404 882 452 precedunt
921 411 1094 453 peccata.
1140 403 1193 439 Et
1229 403 1327 440 sicut
1363 403 1467 452 pulli
1498 415 1520 438 a

209 469 335 497 matre
376 462 610 510 frequenter
673 461 800 497 vocati
840 474 925 498 cum
978 473 1050 497 non
1095 461 1338 498 obaudierint
1403 473 1522 510 neque

207 520 328 556 secuti
347 520 503 568 fuerint
535 527 712 566 matrem,
758 527 883 555 matre
926 519 1080 570 longius
1116 520 1276 556 abeunte
1314 527 1380 554 aut
1423 519 1522 555 uenit

176 577 394 627 5accipiter
424 584 459 613 et
491 577 627 626 diripit
648 589 713 613 eos
744 584 810 612 aut
843 577 998 627 longius
1029 585 1249 627 evagantur
1277 584 1316 612 ut
1344 583 1521 626 pereant,

207 635 261 671 sic
297 642 332 671 et
363 635 531 672 Domino
561 636 797 684 frequenter
832 635 977 672 Judeos
1014 642 1184 681 vocante,
1229 635 1407 684 quoniam
1449 647 1521 671 non

209 693 463 729 obaudierunt
495 705 613 743 neque
648 693 768 729 secuti
793 694 962 741 fuerunt
993 705 1092 740 eum,
1132 694 1332 730 recedente
1369 692 1437 729 illo
1476 693 1523 728 ab

209 751 281 787 hiis
303 752 355 787 ad
376 758 522 801 gentes,
548 751 648 787 venit
668 751 780 800 quasi
793 751 978 800 accipiter
1000 763 1075 787 rex
1096 752 1293 787 Romanus
1316 758 1351 787 et
1367 758 1522 800 partem

209 809 360 857 quidem
399 821 529 845 eorum
570 809 734 844 comedit
760 809 876 857 same
918 816 954 845 et
989 809 1139 859 gladio,
1185 809 1253 844 alii
1282 816 1407 845 autem
1449 820 1525 858 per

157 881 195 902 ιο
210 867 387 917 singulas
413 867 639 916 provincias
672 867 839 916 dispersi
868 874 969 912 sunt,
1003 874 1043 902 ut
1072 867 1260 916 perirent.

267 925 366 961 Dico
397 925 494 961 enim
520 924 645 961 vobis:
676 925 764 960 Non
787 937 847 961 me
870 925 1043 961 videbitis
1064 925 1204 961 amodo
1229 925 1347 961 donec
1370 924 1526 960 dicatis:

1556 931 1649 959 Israel
1672 930 1732 958 will
1756 930 1791 957 be

1568 967 1733 993 converted
1757 969 1786 992 at

208 982 439 1019 Benedictus
461 982 525 1031 qui
538 982 637 1018 venit
660 983 695 1018 in
719 983 868 1019 nomine
893 982 1062 1018 Domini.
1079 983 1382 1019 Predecessores
1396 989 1522 1018 autem
1541 1001 1591 1028 the
1612 1001 1685 1028 time
1706 1000 1740 1027 of
1757 1000 1807 1026 the

208 1040 334 1076 nostri
360 1047 562 1089 exponunt
589 1040 693 1076 circa
723 1040 846 1089 ipsum
872 1041 970 1076 diem
1001 1040 1133 1076 iudicii
1159 1048 1194 1076 et
1222 1040 1526 1077 resurreccionis

208 1099 393 1147 quosdam
418 1098 637 1135 credituros
657 1098 694 1134 in
723 1098 934 1136 Christum.
975 1099 1088 1142 Quod
1119 1105 1154 1134 et
1174 1099 1384 1148 Apostolus
1404 1098 1525 1148 signi-

156 1156 327 1205 15ficare
342 1156 506 1203 videtur,
523 1156 670 1193 dicens:
692 1156 760 1192 Ex
776 1164 894 1206 parte
908 1157 1047 1193 cecitas
1061 1157 1223 1206 contigit
1244 1157 1279 1192 in
1294 1156 1525 1200 Jerusalem,

210 1215 329 1250 donec
367 1214 568 1263 plenitudo
610 1214 790 1264 gencium
845 1215 1012 1251 intraret
1055 1222 1089 1250 et
1132 1215 1187 1251 sic
1232 1215 1355 1251 omnis
1401 1214 1528 1250 Israel

208 1272 342 1308 salvus
361 1271 503 1321 fieret;
540 1279 575 1308 et
605 1284 764 1321 sequens
795 1272 862 1308 illa
896 1273 1012 1309 leccio
1044 1279 1123 1309 tota
1163 1273 1235 1309 hoc
1268 1272 1397 1309 dicere
1429 1272 1527 1308 velle

211 1330 374 1366 videtur.

269 1388 313 1424 Si
340 1388 424 1437 quis
455 1395 582 1424 autem
616 1387 829 1424 misterium
863 1389 934 1425 hoc
960 1401 1036 1439 per
1058 1389 1155 1424 illud
1182 1396 1296 1438 putat
1327 1388 1524 1437 impletum

153 1459 195 1480 20
211 1447 313 1494 quod
351 1446 387 1481 in
426 1446 572 1481 actibus
609 1447 874 1495 apostolorum
916 1447 1075 1497 legitur,
1115 1447 1233 1483 Petro
1273 1447 1432 1483 docente
1462 1453 1528 1482 aut

210 1504 296 1540 aliis
327 1504 512 1552 apostolis
544 1504 807 1549 crediderunt,
841 1505 1034 1555 intelligat
1066 1512 1234 1554 propter
1271 1512 1352 1541 tres
1389 1517 1527 1540 causas

210 1574 282 1597 non
316 1574 397 1598 esse
430 1574 578 1597 verum.
613 1562 747 1598 Primo
780 1562 867 1610 quia
900 1569 989 1599 tunc
1006 1575 1105 1612 pars
1134 1563 1284 1599 modica
1317 1563 1525 1599 secundum

209 1620 433 1656 eleccionem
473 1619 651 1663 credidit,
695 1633 768 1656 non
812 1628 915 1656 totus
953 1621 1090 1668 Israel,
1134 1621 1301 1657 secundo
1346 1621 1431 1669 quia
1473 1620 1530 1656 illi

210 1685 299 1714 ante
323 1685 459 1728 gentes
489 1678 751 1724 crediderunt,
786 1690 859 1714 non
877 1686 967 1727 post
988 1687 1134 1729 gentes.
1172 1680 1376 1716 Plenitudo
1399 1685 1526 1715 autem

155 1736 387 1786 25gencium
419 1748 491 1771 non
522 1743 611 1772 tunc
640 1736 767 1772 adhuc
790 1737 997 1772 introierat
1018 1738 1086 1773 sed
1109 1737 1375 1785 inchoaverat,
1408 1737 1527 1773 tercio

211 1794 312 1841 quod
349 1794 501 1842 quando
541 1795 609 1830 hec
630 1795 746 1842 facta
775 1794 1002 1843 predicebat
1034 1795 1243 1844 Apostolus
1281 1795 1359 1831 iam
1391 1802 1528 1845 gentes

212 1851 460 1887 crediderunt
491 1859 526 1887 et
546 1852 660 1887 Judei
680 1852 745 1900 qui
764 1853 932 1901 fuerant
963 1853 1172 1899 credituri,·
1202 1861 1237 1889 et
1268 1861 1393 1889 tamen
1425 1854 1528 1902 Apo-

211 1910 333 1946 stolus
363 1909 559 1960 significat
592 1910 812 1946 credituros
832 1911 974 1946 Judeos
999 1911 1125 1947 dicens
1153 1912 1205 1947 ad
1234 1918 1371 1961 gentes
1383 1926 1393 1946 .·
1422 1911 1530 1947 Sicut

213 1967 310 2003 enim
356 1980 423 2003 uos
468 1968 675 2016 aliquando
720 1980 792 2004 non
838 1968 1060 2004 credidistis
1105 1969 1203 2015 Deo,
1256 1981 1356 2005 nunc
1400 1976 1528 2005 autem

156 2028 198 2060 30
213 2025 523 2062 misericordiam
564 2027 756 2062 consecuti
794 2027 882 2062 estis
920 2033 1087 2076 propter
1125 2027 1282 2063 illorum
1321 2027 1530 2063 increduli-

213 2090 342 2129 tatem,
377 2083 429 2119 ita
462 2090 497 2119 et
528 2083 587 2119 illi
617 2096 715 2120 nunc
747 2097 821 2120 non
854 2084 1106 2121 crediderunt
1137 2085 1173 2120 in
1207 2093 1337 2121 vestra
1367 2085 1529 2122 misera-

212 2141 330 2187 cione,
363 2148 403 2176 ut
434 2141 509 2190 ipsi
538 2142 848 2178 misericordiam
883 2150 1180 2191 consequantur,
1214 2144 1398 2179 conclusit
1423 2144 1531 2179 Deus

213 2210 361 2235 omnem
385 2199 692 2235 incredulitatem
722 2207 762 2235 ut
791 2200 963 2236 omnibus
985 2201 1229 2244 misereatur,
1263 2201 1390 2237 dicens
1413 2213 1511 2251 ergo
1522 2216 1533 2236 .·

212 2256 362 2292 Amodo
411 2269 484 2293 non
541 2270 600 2293 me
649 2258 836 2304 videbitis,
890 2259 1009 2295 donec
1053 2259 1257 2307 perveniat
1302 2266 1452 2308 tempus
1494 2259 1531 2294 in

158 2317 197 2351 25
214 2326 285 2363 quo
318 2314 462 2351 dicitis:
507 2315 739 2352 Benedictus
770 2316 834 2364 qui
863 2316 963 2352 venit
1000 2316 1036 2352 in
1069 2317 1220 2353 nomine
1250 2317 1430 2362 Domini,·
1462 2317 1532 2353 hoc

216 2371 344 2408 dicere
375 2372 467 2420 vult,
501 2371 621 2410 donec
653 2374 780 2410 veniat
801 2381 966 2424 tempus,
999 2374 1035 2410 in
1059 2386 1130 2423 quo
1154 2375 1353 2411 credentes
1377 2374 1512 2410 dicatis
1523 2389 1533 2409 .-

215 2430 447 2467 Benedictus
499 2431 564 2479 qui
608 2431 707 2468 venit
758 2432 793 2467 in
846 2432 997 2468 nomine
1040 2432 1210 2470 Domini.
1264 2432 1533 2482 Spiritualiter

216 2488 312 2523 enim
343 2496 398 2524 est
427 2488 558 2525 videre
590 2488 789 2526 Christum
822 2490 858 2526 in
881 2490 967 2540 fide
998 2502 1246 2540 cognoscere,
1277 2491 1374 2527 sicut
1405 2497 1531 2526 autem

286 2635 313 2661 6.
337 2634 453 2662 Codd.:
481 2636 625 2664 dominus
645 2658 651 2663 .
675 2658 680 2663 .
706 2658 712 2663 .
733 2644 857 2664 vocans.
949 2637 978 2671 6,
998 2645 1024 2671 7.
1047 2637 1087 2664 B:
1117 2637 1241 2673 quando
1263 2645 1324 2664 non
1351 2637 1532 2664 audierunt.

217 2677 243 2703 7.
265 2670 310 2696 A:
330 2669 426 2697 illum.
513 2669 551 2698 13.
571 2672 617 2698 A:
646 2674 777 2706 ponunt.
852 2680 893 2706 ¹4·
916 2672 959 2699 A:
980 2675 1011 2698 et
1030 2672 1124 2699 deest.
1205 2679 1248 2699 22.
1269 2673 1298 2699 A
1318 2672 1348 2699 in
1371 2680 1486 2705 marg:
1509 2680 1532 2698 1.

218 2702 261 2731 23.
282 2704 321 2730 ss:
344 2705 489 2740 quoniam
509 2706 564 2733 illi.
619 2704 658 2733 31.
678 2707 723 2733 A:
745 2714 804 2733 non
826 2707 921 2733 deest.
978 2704 1020 2733 33.
1043 2706 1080 2733 13:
1102 2706 1291 2734 miseriatur.
1349 2705 1469 2739 34-36.
1491 2705 1530 2733 B:

214 2739 378 2773 perveniat
392 2755 426 2777 ἡ
438 2739 535 2768 donec
554 2740 649 2768 deest.
740 2739 853 2775 35—37.
874 2741 912 2768 ss:
935 2741 993 2768 hoc
1017 2741 1121 2769 dicere
1140 2742 1204 2769 vult
1216 2756 1250 2761 —
1263 2741 1387 2770 nomine
1411 2741 1537 2770 Domini

220 2772 315 2801 deest.
395 2773 441 2801 33.
462 2774 501 2801 B:
524 2775 603 2802 enim
624 2775 718 2811 deest.

299 2867 349 2897 14.
375 2857 476 2891 Rom.
502 2858 559 2899 XI,
588 2858 640 2899 25,
669 2857 722 2890 26.
797 2857 849 2890 28.
878 2859 982 2892 Rom.
1008 2859 1063 2900 XI,
1092 2860 1240 2895 30—32.

1553 1037 1610 1063 last
1630 1035 1801 1071 judgment.

1639 1395 1720 1422 That

1547 1430 1732 1457 conversion
1755 1431 1809 1457 has

1566 1469 1620 1492 not
1638 1469 1687 1527 {et
1707 1472 1794 1492 come

1623 1508 1638 1526 a
1664 1504 1727 1527 out.
