1986 3289
183 230 334 284 CAP.1.]
562 241 621 273 DE
649 241 962 272 ANTICHRISTO
992 241 1074 272 LIB.
1102 241 1139 272 11.
1701 232 1781 280 289

183 350 234 384 ad
266 347 453 384 iusticiam
502 348 606 384 omni
648 348 830 385 credenti.
883 348 992 383 Finis
1020 347 1226 397 perficiens
1272 359 1343 382 non
1377 347 1492 382 inter-

182 406 334 456 ficiens,
356 405 453 455 finis
474 418 667 454 quousque
689 418 833 451 eamus,
867 418 939 442 non
973 406 1036 441 ubi
1060 417 1282 454 pereamus.
1318 404 1380 440 Sic
1412 417 1491 440 om-
1514 413 1617 439 Loved
1640 412 1721 439 them
1745 417 1773 438 ιω

183 464 269 499 nino
302 463 593 513 intelligendum
634 471 700 499 est.
755 463 905 499 Pascha
952 470 1126 499 nostrum
1172 462 1394 499 immolatus
1439 469 1494 498 est
1525 447 1767 516 ξξῗδξῃῗᾶζῖῑιῇῗῖῑ

188 521 377 558 Christus.
431 521 518 570 Ipse
569 528 624 556 est
653 520 750 571 finis
797 529 938 566 noster,
984 521 1019 556 in
1062 521 1170 556 illum
1220 527 1275 556 est
1306 520 1493 556 transitus
1526 516 1757 578 hefgrsrrottssledmdie

150 583 324 616 5noster.
378 578 481 614 Nam
515 578 624 614 video
650 590 765 628 posse
811 578 877 614 illa
911 578 1028 614 verba
1067 578 1293 628 evangelica
1327 578 1491 626 quodam
1716 571 1723 578 ”

182 637 349 672 humano
382 636 496 672 modo
529 636 649 672 eciam
679 636 732 672 sic
764 636 895 685 accipi,
928 643 1122 684 tamquam
1157 648 1273 685 usque
1304 637 1356 671 ad
1388 647 1492 671 mor-

183 702 256 731 tem
295 694 475 730 Christus
507 694 646 730 dilexit
676 705 779 743 suos,
814 701 853 729 ut
885 694 956 729 hoc
988 694 1167 730 videatur
1199 705 1280 730 esse
1312 694 1347 729 in
1368 693 1491 743 finem

183 752 321 788 dilexit
341 764 443 788 suos.
477 751 662 787 Humana
686 759 741 788 est
769 752 836 787 hec
858 751 1065 797 sentencia,
1098 764 1170 788 non
1195 751 1345 796 divina;
1376 762 1495 799 neque

182 810 278 846 enim
318 821 387 846 nos
423 809 615 858 hucusque
654 809 792 845 dilexit
829 809 893 858 qui
933 821 1087 858 semper
1129 816 1163 844 et
1201 809 1281 845 sine
1302 809 1385 859 fine
1426 821 1494 844 nos

130 884 168 904 10
184 867 333 903 dilexit.
381 866 490 903 Absit
533 874 573 902 ut
613 867 858 903 dileccionem
899 874 1025 903 morte
1045 866 1199 916 finierit
1238 867 1302 915 qui
1334 879 1406 902 non
1439 873 1494 902 est

184 932 308 961 morte
327 925 479 974 finitus.
523 924 659 960 Eciam
700 932 790 974 post
835 932 997 961 mortem
1029 925 1192 973 quinque
1214 925 1374 973 fratres
1405 936 1494 960 suos

184 983 321 1019 dilexit
344 983 450 1018 dives
472 982 537 1018 ille
558 983 747 1031 superbus
779 990 892 1031 atque
924 982 1077 1031 impius,
1110 989 1145 1018 et
1178 994 1294 1030 usque
1315 982 1367 1017 ad
1388 994 1493 1017 mor-

182 1048 254 1077 tem
289 1052 357 1076 nos
390 1040 573 1076 dilexisse
598 1041 796 1089 putandus
829 1047 884 1076 est
911 1040 1120 1076 Christus?
1151 1039 1260 1076 Absit
1291 1039 1494 1078 carissimi.

183 1099 434 1147 Nequaquam
472 1098 535 1133 ille
568 1110 636 1134 nos
669 1098 867 1148 diligendo
898 1110 1015 1146 usque
1046 1099 1098 1133 ad
1130 1105 1294 1134 mortem
1335 1097 1493 1145 veniret,

130 1161 166 1193 15
182 1156 216 1192 si
253 1156 496 1192 dileccionem
542 1164 713 1192 nostram
754 1163 879 1192 morte
905 1155 1057 1206 finiret.
1104 1155 1191 1191 Nisi
1210 1156 1325 1204 forte
1356 1155 1409 1191 ita
1447 1155 1495 1190 sit

182 1214 497 1264 intelligendum:
548 1214 589 1248 In
616 1214 739 1263 finem
781 1213 920 1249 dilexit
952 1225 1028 1259 eos,
1081 1225 1198 1261 usque
1235 1214 1286 1249 ad
1329 1220 1493 1249 mortem

183 1272 322 1307 dilexit
343 1283 419 1316 eos,
453 1271 540 1319 quia
569 1278 716 1306 tantum
743 1271 893 1317 dilexit,
926 1278 966 1306 ut
990 1278 1212 1307 moreretur
1229 1278 1397 1320 propter
1419 1283 1494 1308 eOS.

182 1329 270 1365 Hoc
292 1329 390 1365 enim
413 1335 572 1365 testatus
605 1336 672 1375 est,
703 1329 829 1365 dicens
852 1329 1038 1365 maiorem
1063 1329 1135 1365 hac
1157 1330 1360 1365 caritatem
1386 1340 1494 1365 nemo

184 1387 295 1423 habet
317 1399 428 1435 quam
462 1394 501 1422 ut
534 1387 702 1422 animam
725 1399 835 1423 suam
865 1394 985 1436 ponat
1015 1387 1099 1436 quis
1126 1399 1202 1436 pro
1235 1387 1370 1423 amicis
1401 1386 1493 1422 suis.

125 1460 168 1481 20
183 1445 240 1480 Ita
271 1457 363 1480 sane
385 1457 458 1480 non
477 1445 730 1493 prohibemus
753 1445 931 1494 intelligi,
965 1445 1001 1480 in
1023 1445 1146 1494 finem
1181 1445 1331 1490 dilexit,
1364 1445 1404 1480 id
1426 1452 1494 1491 est,

183 1514 300 1551 usque
331 1503 383 1538 ad
413 1509 578 1538 mortem
612 1502 719 1538 illum
754 1502 911 1539 dileccio
944 1503 1026 1552 ipsa
1054 1503 1258 1551 perduxit.

240 1560 328 1596 Non
373 1560 424 1595 ita
459 1560 638 1596 debemus
669 1560 890 1610 intelligere
921 1572 1052 1596 cenam
1077 1560 1233 1608 factam
1269 1560 1388 1596 veluti
1417 1560 1492 1596 iam
1510 1566 1632 1606 Sppper
1652 1575 1716 1593 was
1732 1571 1785 1594 not

183 1625 489 1654 consummatam
523 1625 635 1666 atque
666 1625 927 1654 transactam:
978 1618 1106 1654 adhuc
1138 1618 1236 1654 enim
1270 1618 1493 1660 cenabatur,
1521 1601 1770 1663 ἓξζῖξῗῆνζέιῇἰᾎ

183 1688 267 1712 cum
291 1676 481 1712 Dominus
502 1675 678 1712 surrexit
709 1683 744 1711 et
769 1677 888 1725 pedes
921 1676 1015 1712 lavit
1048 1676 1245 1724 discipulis
1266 1676 1358 1711 suis.
1391 1676 1492 1711 Nam
1526 1671 1576 1698 1¹¹³
1598 1669 1756 1733 dfigefiiples‘

126 1740 311 1782 25postea
362 1733 534 1769 recubuit
578 1740 612 1768 et
644 1732 856 1770 buccellam
890 1746 957 1769 suo
996 1733 1185 1769 traditori
1207 1741 1342 1783 postea
1377 1733 1494 1779 dedit,
1674 1727 1680 1733 ⁰

181 1791 308 1839 utique
352 1803 444 1827 cena
488 1791 657 1827 nondum
695 1791 825 1841 finita,
870 1792 941 1827 lzoc
973 1799 1039 1837 est,
1103 1792 1192 1826 dum
1225 1792 1352 1827 adhuc
1380 1791 1494 1840 panis

181 1856 278 1885 esset
310 1849 345 1884 in
379 1860 520 1885 mensa.
560 1848 662 1885 Cena
695 1861 793 1899 ergo
815 1850 931 1897 facta
966 1849 1108 1884 dictum
1142 1857 1208 1895 est,
1243 1849 1319 1884 iam
1348 1856 1492 1898 parata

182 1913 216 1942 et
247 1907 298 1942 ad
330 1906 619 1943 convivancium
654 1918 824 1942 mensam
860 1919 1046 1955 usumque
1071 1907 1277 1955 perducta.

246 1964 360 2008 Quod
381 1971 506 2000 autem
540 1964 611 2000 ait:
652 1965 746 2000 Cum
772 1965 947 2001 diabolus
980 1965 1055 2000 iam
1089 1965 1253 2001 misisset
1285 1965 1320 1999 in
1354 1977 1422 2000 cor
1455 1971 1494 1999 ut
1527 1970 1603 1998 How
1626 1971 1765 2010 spiritual

127 2029 167 2061 30
182 2022 357 2058 traderet
402 2034 485 2057 eum
527 2022 649 2058 Judas
690 2022 858 2057 Simonis
908 2022 1107 2068 Scariotis,
1153 2022 1187 2058 si
1224 2022 1353 2071 queris
1405 2023 1495 2070 quid
1509 2010 1778 2068 ⁵s¹ssffiees¹sss¹g¹¹ssaffff

182 2079 342 2117 missum
376 2080 425 2115 sit
469 2080 504 2115 in
549 2091 618 2115 cor
648 2080 758 2125 Jude,
805 2080 876 2116 hoc
921 2080 1047 2130 utique
1091 2088 1131 2115 ut
1176 2081 1352 2116 traderet
1395 2092 1492 2116 eum.

181 2137 317 2173 Missio
351 2138 422 2173 ista
462 2137 678 2187 spiritualis
724 2138 926 2188 suggestio
960 2146 1036 2182 est,·
1079 2150 1151 2173 non
1173 2138 1225 2187 fit
1252 2150 1328 2186 per
1359 2150 1493 2174 aurem

180 2196 249 2231 sed
287 2207 362 2244 per
405 2195 683 2244 cogitacionem
723 2207 767 2231 ac
806 2208 882 2244 per
913 2196 984 2231 hoc
1028 2207 1101 2231 non
1134 2196 1397 2244 corporaliter
1426 2196 1498 2231 sed

181 2253 452 2301 spiritualiter.
501 2253 632 2302 Neque
664 2253 761 2289 enim
794 2254 997 2301 spirituale
1035 2253 1137 2301 quod
1170 2253 1312 2289 dicitur
1342 2265 1496 2302 semper

126 2315 164 2348 35
182 2310 217 2346 in
252 2310 365 2346 laude
397 2310 659 2359 accipiendum
694 2318 761 2346 est.
797 2311 914 2347 Novit
945 2311 1153 2360 Apostolus
1184 2311 1347 2360 quedam
1380 2311 1495 2359 spiri-

182 2368 301 2404 tualia
345 2367 512 2416 nequicie
557 2368 591 2403 in
632 2368 832 2404 celestibus
877 2369 1068 2404 adversus
1111 2380 1180 2416 que
1212 2369 1320 2404 nobis
1351 2369 1493 2404 colluc-

182 2425 394 2462 tuacionem
427 2437 507 2461 esse
538 2432 716 2473 testatur,
749 2438 822 2461 non
854 2434 980 2462 autem
1013 2433 1136 2462 essent
1168 2426 1286 2461 eciam
1321 2426 1494 2476 maligna

181 2483 414 2533 spiritualia,
445 2483 480 2518 si
510 2495 583 2518 non
607 2490 729 2519 essent
751 2483 869 2519 eciam
893 2483 1060 2534 maligni
1088 2483 1259 2532 spiritus.
1292 2483 1324 2518 A
1355 2483 1494 2532 spiritu

182 2541 278 2577 enim
311 2540 529 2590 spiritualia
563 2541 821 2577 nominantur.
868 2542 946 2577 Sed
975 2541 1166 2590 quomodo
1199 2541 1271 2577 ista
1293 2541 1410 2591 fiant,
1456 2549 1496 2577 ut

251 2671 276 2690 2.
297 2663 342 2690 A:
363 2670 425 2689 non
444 2661 497 2688 ubi
509 2669 677 2696 pereamus
696 2661 789 2689 deest.
908 2660 986 2689 2-3.
1014 2662 1053 2689 B:
1080 2662 1135 2689 sed
1161 2670 1296 2689 omnmo.
1403 2661 1427 2689 5.
1449 2662 1493 2689 A:

182 2698 240 2724 ista
259 2698 364 2725 verba.
466 2695 510 2724 23.
544 2698 589 2724 A:
620 2697 794 2724 cenebatur.
886 2696 1004 2731 27-28.
1031 2697 1076 2724 A:
1107 2696 1373 2724 Cena—mensam
1399 2697 1494 2723 deest.

182 2732 227 2760 28.
248 2733 295 2759 A:
318 2739 404 2759 usum
419 2730 583 2767 perducta.
674 2738 721 2765 29.
744 2731 838 2759 Cod.:
858 2732 904 2758 ait
922 2731 1015 2758 deest.

248 2811 283 2835 '1.
309 2804 412 2835 Rom.
438 2804 478 2843 X,
510 2812 542 2843 4.
639 2814 668 2834 2.
702 2803 725 2834 Ι.
758 2803 837 2835 Cor.
868 2804 909 2841 V,
943 2813 974 2844 7.
1075 2813 1125 2834 11.
1165 2803 1281 2834 Lucae
1317 2803 1405 2842 XVI,
1441 2812 1494 2844 27.

188 2849 237 2881 ιδ.
261 2849 339 2882 Joh.
367 2851 439 2890 XV,
471 2851 520 2882 13.
665 2850 718 2890 34.
744 2849 832 2891 Eph.
859 2849 914 2888 VI,
947 2859 995 2880 12.

1318 2915 1355 2948 19
