1986 3289
170 204 192 239 8

189 326 260 352 1tis
283 325 331 351 the
352 324 425 359 duty

180 361 213 387 of
231 361 279 386 the
302 359 372 396 Iaity
395 363 425 385 to

185 395 273 428 iudge
296 397 415 427 priests.

199 1073 302 1100 Christ
323 1075 367 1097 set
388 1079 422 1097 us

209 1115 245 1134 an
266 1106 405 1140 example

204 1143 272 1169 how
293 1146 323 1167 to
344 1144 419 1167 trent

268 1177 361 1202 them.

208 2122 433 2155 (jlirysostomz

185 2157 251 2183 'I'he
266 2155 348 2182 chier
365 2158 395 2181 or
411 2154 459 2180 the

251 2190 384 2216 bin-dens

188 2225 328 2259 imposed
352 2224 388 2258 by
411 2223 459 2249 llic

199 2259 357 2286 I'Imrisees
380 2266 442 2284 was

253 2295 300 2321 the
324 2294 391 2320 law.

780 209 898 240 OPUS
924 209 1260 240 EVANGELICUM
1288 210 1370 240 1213.
1397 209 1450 240 Ill.
1589 197 1698 251 [CAP-
1720 206 1771 233 III·

516 318 563 350 Et
597 315 658 351 hie
692 314 893 351 evidenter
927 323 1035 361 patet
1069 327 1111 350 ex
1145 314 1260 350 dictis
1291 314 1436 350 Christi
1471 324 1506 350 et
1539 314 1774 351 Crisostomi

459 374 566 420 quod
601 372 691 408 laici
726 373 872 408 debent
905 373 952 407 de
982 371 1075 418 vita,
1110 372 1363 408 sermonibus
1398 381 1434 408 et
1457 371 1644 420 operibus
1666 384 1774 420 pres—

459 429 584 478 byteri
618 430 809 465 iudicare.
845 431 1061 474 Quomodo
1095 442 1192 477 rogo
1217 429 1398 466 Christus
1421 431 1640 478 prudenter
1662 429 1775 466 aliter

459 487 681 536 preciperet
715 488 822 535 quod
856 487 982 522 omnia
1016 499 1233 535 quecunque
1265 487 1436 524 dixerint
1468 487 1545 523 illis
1558 487 1716 535 saciant
1739 496 1775 523 et

457 558 539 582 non
573 546 792 581 secundum
826 556 949 592 opera
981 557 1051 580 sua
1081 544 1238 581 vivant?
1271 546 1362 581 Ideo
1386 544 1656 581 Crisostomus
1679 544 1807 581 dicit5

460 604 567 651 quod
601 602 691 639 laici
727 604 874 638 debent
907 603 954 638 de
987 602 1227 650 presbyteris
1259 602 1454 639 iudicare.
1499 604 1590 639 Ideo
1630 603 1775 639 Paulus

461 660 631 709 precipit
664 662 690 698 Ι.
725 661 817 696 Cor.
851 661 896 705 X,
938 671 982 708 15
1019 668 1057 695 ut
1096 661 1353 709 prudentibus
1398 661 1549 709 loquor,
1596 672 1661 696 vos
1705 660 1779 709 ipsi

461 719 638 763 iudicate,
673 719 774 766 quod
806 718 903 753 dico.
939 718 1039 754 Cum
1082 729 1175 765 ergo
1208 720 1313 754 Deus
1348 720 1511 754 mandat
1545 718 1695 766 populo
1729 719 1777 754 de

461 775 737 812 sacerdotibus
770 775 962 821 iudicare,
1009 776 1179 823 populus
1213 776 1329 812 debet
1361 776 1490 812 verbis
1524 784 1561 813 et
1595 775 1777 812 doctrine

463 833 626 870 Domini
679 833 857 883 obedire,
912 833 1005 881 quia
1058 833 1174 869 aliter
1226 833 1353 869 fidelis
1405 834 1506 870 foret
1551 833 1591 869 in
1636 833 1777 869 mortis
1798 849 1834 869 10

463 901 599 928 eterne
633 891 825 938 periculo,
871 890 948 926 nisi
993 890 1191 927 iudicaret
1231 891 1402 927 discrete
1435 892 1482 927 de
1515 904 1586 928 suo
1618 892 1778 939 presby-

461 959 560 994 tero,
595 950 801 997 quomodo
835 950 1012 985 crederet
1044 949 1174 984 verbis
1206 949 1286 985 suis
1320 958 1356 985 et
1388 948 1427 985 in
1460 962 1538 997 qua
1572 961 1778 985 conversa-

463 1007 577 1043 cione
609 1006 741 1054 ipsum
775 1006 1003 1042 imitaretur
1035 1019 1080 1042 ac
1113 1006 1153 1042 in
1186 1019 1265 1054 qua
1298 1008 1347 1043 ab
1382 1006 1468 1054 ipso
1502 1007 1720 1054 aufugeret.

521 1067 568 1100 Et
602 1073 711 1112 patet
746 1063 952 1112 multiplex
984 1073 1080 1100 nota
1106 1064 1199 1100 facti
1223 1064 1385 1110 Christi,
1419 1064 1550 1112 primo
1574 1065 1779 1112 quomodo

463 1123 503 1158 in
536 1124 788 1159 sacerdotum
823 1122 1011 1158 absencia
1035 1134 1172 1158 eorum
1197 1122 1397 1158 maliciam
1421 1122 1571 1170 populo
1594 1122 1779 1170 explana-
1800 1127 1835 1159 15

464 1180 530 1225 vit,
576 1181 752 1216 secundo
798 1181 905 1228 quod
952 1189 1115 1228 propter
1169 1180 1377 1216 caritatem
1412 1188 1492 1216 tam
1527 1181 1778 1216 sacerdotum

464 1251 582 1286 quam
634 1237 862 1286 specialiter
909 1250 978 1274 sue
1023 1237 1187 1273 ecclesie
1221 1250 1359 1273 eorum
1393 1239 1611 1274 cavendam
1643 1237 1783 1285 nequi—

465 1296 567 1332 ciam
618 1294 893 1343 multipliciter
927 1295 1168 1343 reprobavit,
1215 1304 1251 1331 et
1297 1308 1386 1331 cum
1439 1304 1581 1331 cuncta
1635 1294 1781 1332 Christi

465 1366 588 1401 opera
635 1355 782 1389 debent
828 1365 911 1389 esse
955 1352 1082 1403 nobis,
1117 1353 1359 1401 exemplaria
1404 1355 1453 1389 ad
1499 1352 1644 1389 similia
1690 1365 1779 1389 cum

466 1411 685 1459 prudencia
724 1410 965 1457 faciendum,
1011 1419 1119 1458 patet
1153 1412 1260 1459 quod
1295 1411 1429 1447 fideles
1462 1420 1630 1459 possunt
1662 1409 1781 1447 hodie
1798 1425 1839 1447 20

467 1482 556 1505 cum
593 1468 812 1516 prudencia
846 1469 975 1505 facere
1008 1469 1064 1505 sic
1097 1481 1247 1514 secure,
1282 1468 1375 1516 quia
1408 1468 1524 1505 aliter
1555 1470 1782 1505 sacerdotes

468 1526 642 1575 perversi
687 1527 880 1563 haberent
929 1527 1056 1563 maius
1107 1525 1359 1574 privilegium
1407 1538 1449 1562 ex
1494 1539 1565 1562 sua
1597 1526 1783 1574 nequicia

469 1597 588 1632 quam
624 1584 696 1632 ipsi
731 1584 893 1620 diaboli.
940 1585 1016 1620 Sed
1056 1584 1151 1632 quid
1186 1584 1286 1620 foret
1318 1584 1406 1632 plus
1429 1583 1696 1632 periculosum
1723 1596 1783 1619 ec-

469 1642 610 1678 clesie?
643 1644 691 1677 Et
723 1642 847 1678 tercio
881 1644 1027 1678 debent
1060 1641 1232 1689 religiosi
1258 1641 1393 1678 fideles
1417 1654 1460 1677 ex
1482 1641 1611 1678 verbis
1635 1641 1782 1678 Christi

470 1700 654 1747 colligere
702 1701 809 1748 quod
843 1709 1072 1736 constanter
1104 1708 1243 1736 exeant
1281 1711 1372 1736 suos
1404 1699 1579 1747 privatos
1610 1698 1838 1743 ordines‚2:“>

470 1771 559 1793 cum
593 1757 737 1793 Paulus
786 1757 877 1794 exiit
923 1757 1103 1794 ordinem
1150 1757 1432 1805 phariseicum,
1478 1769 1567 1793 cum
1602 1759 1707 1793 Deus
1741 1769 1783 1793 ex

471 1828 541 1851 sua
575 1815 780 1851 communi
804 1815 937 1863 gracia
962 1815 1144 1852 concedit
1168 1815 1351 1851 fidelibus
1383 1815 1463 1851 suis
1494 1814 1717 1860 licenciam,
1742 1822 1784 1850 ut

472 1873 619 1921 eligant
652 1872 817 1921 pociora
850 1882 887 1909 et
921 1882 1091 1910 renuant
1125 1873 1258 1909 minus
1292 1875 1408 1912 bona.

1004 2021 1142 2062 CAP.
1174 2020 1257 2061 III.

533 2116 722 2164 Sequitur
756 2117 795 2151 in
830 2126 935 2152 textu
971 2115 1182 2164 evangelii:
1216 2116 1393 2165 Alligant
1416 2116 1511 2151 euim
1537 2127 1654 2151 onera
1688 2127 1786 2164 gra·
1804 2121 1844 2153 30

476 2174 534 2209 via
587 2182 621 2209 et
668 2174 927 2222 importabilia
973 2182 1008 2209 et
1040 2175 1237 2223 imponunt
1282 2173 1316 2208 in
1363 2172 1532 2208 humeris
1579 2172 1785 2217 homiuum,

476 2232 598 2281 digito
631 2239 755 2267 autem
789 2244 857 2268 suo
891 2233 1024 2267 nolunt
1055 2244 1097 2267 ea
1132 2243 1296 2267 movere.
1332 2232 1460 2278 Super
1489 2243 1568 2278 quo
1592 2229 1786 2266 Crisosto-

477 2302 582 2325 mus:
623 2290 817 2333 Quantum
851 2291 902 2324 ad
929 2290 1133 2338 phariseos
1174 2289 1323 2337 quidem
1358 2295 1392 2323 et
1424 2288 1573 2324 scribas
1600 2300 1676 2336 pro
1708 2288 1787 2337 qui-

476 2348 544 2383 bus
589 2348 770 2395 loquitur,
818 2340 936 2383 οηὲνα
980 2348 1123 2398 gravia
1169 2355 1203 2383 et
1248 2345 1508 2394 importabilia
1550 2346 1641 2381 dicit
1691 2345 1788 2396 Iegis

476 2406 674 2451 mandata,
707 2405 884 2441 maxime
916 2417 986 2453 que
1010 2405 1170 2440 dederat
1203 2404 1256 2440 eis
1279 2405 1384 2439 Deus
1403 2410 1569 2452 propter
1586 2410 1786 2452 peccatum
1804 2409 1843 2442 35

478 2463 586 2497 vituli
621 2463 778 2498 adorati
808 2475 877 2511 que
914 2463 1039 2498 scribe
1071 2469 1105 2498 et
1150 2462 1326 2511 pharisei
1362 2461 1544 2497 docebant
1586 2461 1789 2496 suadentes

550 2634 589 2658 ιι.
612 2627 639 2652 Α
660 2626 688 2652 in
714 2634 825 2659 marg:
850 2634 878 2652 a.
988 2626 1028 2653 ιο.
1060 2626 1087 2652 Α
1109 2625 1137 2651 in
1161 2632 1274 2658 marga:
1297 2625 1321 2651 b.
1413 2632 1458 2656 24.
1493 2624 1520 2650 A
1547 2623 1575 2650 in
1610 2630 1723 2655 marga
1756 2630 1791 2653 ες

480 2660 508 2686 ib
543 2660 578 2686 15:
601 2660 753 2687 deberem.
872 2659 915 2686 30.
938 2661 965 2687 A
987 2660 1014 2686 iu
1033 2667 1145 2693 marg:
1171 2659 1385 2686 Crisostomus.
1475 2656 1515 2685 35.
1539 2659 1582 2685 A:
1610 2660 1638 2684 et
1658 2656 1791 2684 maxime

479 2703 546 2728 que.
637 2693 680 2721 315.
705 2695 820 2721 codd:
843 2695 931 2721 vituli
949 2696 990 2721 ad
1010 2695 1129 2721 horam.

503 2812 510 2841 l
552 2765 750 2798 33.Matt11.
778 2766 892 2805 XXIII,
919 2777 951 2806 4.
1043 2766 1093 2798 33.
1123 2766 1190 2806 Op.
1218 2765 1301 2806 Imp.
1330 2765 1350 2795 I.
1378 2775 1403 2795 c.
1434 2775 1464 2806 p.
1494 2763 1690 2794 CLXXXIII
1719 2763 1788 2802 (ed.

483 2822 497 2842 a
516 2818 537 2842 t.
566 2822 597 2852 p.
625 2818 717 2853 (324).
