1986 3289
206 235 296 263 CAP.
315 226 454 280 Lxxn]
583 238 643 269 DE
669 237 985 270 ANTICHRISTO
1013 238 1096 269 ΜΒ.
1123 238 1145 269 1.
1723 244 1801 281 273

206 357 271 380 rex
314 343 420 380 venit
459 344 540 380 sine
587 352 719 392 strepa
764 345 904 380 sedens
937 356 1056 391 super
1101 344 1255 380 asinam
1290 353 1327 380 et
1360 345 1511 392 pullum

207 402 333 438 filium
368 401 601 449 subiugahs,
634 410 678 437 ut
711 410 820 449 patet
852 401 1019 438 Matthei
1052 403 1152 437 XXI.
1199 401 1344 438 prelati
1378 411 1510 438 autem

206 459 332 496 nostri
365 459 537 507 graviter
568 460 715 495 ferrent
756 459 987 507 pauperiem
1024 459 1140 494 huius
1175 459 1290 507 regis,
1332 472 1405 495 nec
1437 461 1514 496 vel-
1555 468 1773 507 Oui-prejates

206 518 286 553 lent
330 517 476 553 habere
521 525 720 564 regentem
776 516 1097 553 antichristinam
1149 517 1512 553 concomitanciam
1553 503 1779 565 ρξξῑὲβζᾞξιο,

173 576 326 612 §talem
362 576 523 622 ducem3
566 575 655 611 ideo
689 574 943 611 manifestum
976 575 1133 610 videtur
1166 576 1271 623 quod
1306 575 1345 611 in
1378 587 1514 611 amore

205 641 453 680 postponunt
497 633 557 668 vel
590 632 719 669 verius
752 632 893 668 odiunt
940 633 1116 680 regulam
1153 633 1268 669 huius
1300 632 1423 681 regis3
1478 642 1514 669 et

206 703 294 726 cum
328 703 488 727 necesse
521 690 570 726 sit
603 691 708 726 hunc
742 692 886 726 ducem
919 690 979 726 vel
1019 689 1224 726 diabolum
1261 702 1343 726 esse
1377 699 1514 738 patro-

204 761 299 784 num
354 757 589 785 cunctorum
638 748 916 793 militandum,
976 760 1136 784 necesse
1189 757 1245 784 est
1306 757 1515 785 renuentes

206 805 408 842 Christum
443 805 734 842 Antichristum
784 805 928 853 eligere
966 814 1176 853 tamquam
1210 807 1367 852 ducem,
1421 806 1515 854 quia

153 863 453 911 ioevangelium
502 863 726 911 predictum
771 865 876 900 Luce
915 864 1000 899 XIV
1046 862 1142 899 dicit
1188 875 1368 912 expresse
1413 877 1514 912 quo-

206 922 327 957 modo
362 921 543 958 Christus
575 921 750 957 affirmat
770 921 908 966 illum,
943 920 1010 968 qui
1043 920 1149 957 venit
1182 922 1232 957 ad
1264 934 1317 967 se,
1352 930 1394 958 ut
1427 921 1514 958 reli-

205 979 364 1027 gionem
414 992 527 1015 suam
573 987 783 1027 supportet
832 987 869 1015 et
901 991 982 1014 non
1027 978 1111 1014 odit
1144 979 1327 1027 predicta
1360 988 1511 1028 septem

205 1049 285 1072 non
319 1045 449 1085 potest
493 1049 576 1073 esse
616 1049 709 1072 suus
743 1036 980 1084 discipulus3
1035 1045 1072 1072 et
1112 1048 1202 1072 cum
1235 1038 1347 1073 Jesus
1378 1046 1515 1074 noster

206 1094 256 1130 sit
289 1096 395 1131 Deus
427 1095 537 1142 pacis
572 1103 608 1130 et
641 1094 887 1137 dileccionis,
920 1103 1030 1141 patet
1054 1095 1161 1142 quod
1184 1107 1254 1142 per
1286 1095 1511 1143 predictum

152 1157 188 1188 15
206 1152 343 1188 odium
378 1151 614 1200 intelligitur
646 1152 894 1199 postposicio
926 1152 964 1188 in
1001 1164 1162 1198 amore3
1202 1161 1239 1188 et
1272 1165 1362 1189 cum
1395 1166 1514 1189 nemo

205 1218 334 1257 potest
377 1209 511 1245 venire
545 1211 594 1246 ad
632 1210 804 1257 patriam
837 1209 913 1246 nisi
951 1209 1068 1245 fuerit
1101 1209 1249 1246 Christi
1282 1210 1512 1258 discipulus,

205 1267 300 1315 quia
333 1267 448 1303 aliter
470 1280 552 1303 non
575 1268 676 1304 foret
710 1267 837 1303 fidelis
870 1267 930 1304 vel
964 1267 1218 1313 christianus,
1255 1268 1511 1305 manifestum

205 1325 362 1361 videtur
395 1327 501 1373 quod
531 1326 625 1361 dum
661 1326 783 1361 horno
817 1325 1071 1373 preposuerit
1102 1326 1163 1361 vel
1197 1338 1297 1373 eque
1321 1326 1513 1362 amaverit

205 1383 370 1431 aliquod
404 1384 545 1419 horum
580 1392 745 1431 septem,
787 1383 888 1419 sicut
921 1391 1029 1419 amat
1062 1383 1239 1431 regulam
1275 1383 1422 1420 Christi
1454 1385 1514 1420 vel

149 1440 287 1476 zoeius
333 1441 698 1487 conversacionem,
753 1453 833 1476 non
880 1449 924 1477 ut
969 1441 1024 1477 sic
1074 1441 1254 1489 sequitur
1304 1441 1512 1477 dominum

203 1500 333 1534 Jesum
362 1498 565 1535 Christum
599 1500 660 1535 vel
694 1507 750 1535 est
783 1498 822 1534 in
856 1498 918 1535 via
949 1498 1134 1535 veniendi
1158 1500 1207 1535 ad
1240 1499 1413 1547 patriam
1447 1501 1513 1536 sed

203 1556 311 1592 vadit
343 1569 414 1604 per
444 1556 547 1593 viam
584 1556 826 1593 contrarium
863 1558 913 1592 ad
946 1557 1160 1593 infernum.

263 1614 507 1662 proponitur
539 1614 643 1650 enim
677 1614 821 1650 nostris
845 1614 998 1650 clericis
1030 1614 1092 1650 via
1126 1614 1280 1660 bifaria,
1313 1615 1372 1651 vel
1405 1616 1511 1662 quod
1538 1620 1625 1659 They
1648 1622 1723 1648 have
1741 1621 1791 1648 the

204 1680 423 1719 sequantur
468 1672 616 1708 Christi
660 1671 892 1720 pauperiem
940 1681 976 1708 et
1030 1672 1112 1708 eius
1158 1672 1510 1709 conversacionem
1528 1656 1802 1727 ἕῖῗίξῗδϋξξνζὲῗζ,

148 1734 187 1765 25
204 1730 264 1765 vel
297 1731 401 1777 quod
443 1738 662 1778 sequantur
706 1743 853 1778 papam
888 1730 1083 1766 cesarium
1125 1739 1161 1766 et
1194 1730 1361 1778 gloriam
1396 1743 1511 1766 mun-
1556 1725 1614 1751 and
1634 1725 1768 1786 lxglcjrldly

205 1786 366 1823 dialem.
413 1788 513 1823 Cum
547 1800 641 1835 ergo
681 1796 903 1836 sequuntur
935 1789 1155 1824 secundum
1190 1787 1330 1824 relicto
1363 1768 1803 1835 primo‚Theygpre>i'erthe

204 1853 314 1892 patet
347 1847 454 1893 quod
484 1845 660 1893 primum
694 1846 834 1881 odiunt
865 1854 909 1881 ut
942 1846 1089 1881 malum
1125 1846 1185 1881 vel
1219 1845 1344 1882 eciam
1380 1845 1511 1882 minus
1606 1829 1714 1856 world.

205 1903 353 1939 bonum
389 1911 425 1939 et
463 1904 679 1940 secundum
721 1903 890 1951 diligunt
927 1912 1132 1951 tamquam
1176 1903 1230 1939 eis
1263 1904 1351 1951 plus
1385 1903 1512 1951 diligi-

204 1960 281 1996 bile
325 1973 370 1997 ac
416 1959 540 1997 eciam
576 1961 701 2009 magis
746 1962 909 1997 bonum.
963 1962 1040 1998 Sed
1074 1960 1162 2009 quis
1197 1960 1323 1997 fidelis
1357 1961 1513 1997 dubitat

148 2023 189 2055 30
205 2019 311 2066 quod
345 2017 421 2054 ista
453 2018 502 2055 sit
539 2018 710 2055 infidelis
742 2018 1089 2066 preponderancia
1122 2018 1163 2054 in
1196 2031 1346 2062 amore,
1380 2028 1422 2055 ut
1454 2018 1513 2054 in-

206 2075 439 2112 fidelissima
486 2076 642 2113 videtur
687 2076 895 2112 excusacio
940 2076 979 2112 in
1024 2076 1200 2124 peccatis
1239 2076 1373 2113 dicere
1405 2078 1513 2125 quod

205 2133 386 2170 Christus
439 2134 506 2182 qui
551 2134 589 2170 in
625 2135 749 2170 Paulo
794 2135 972 2182 regulam
1021 2134 1129 2170 dedit
1163 2134 1316 2170 clericis
1362 2134 1441 2170 suis
1474 2134 1514 2170 in

204 2190 364 2239 scriptis
398 2194 505 2239 quod
539 2192 732 2228 habentes
764 2191 1006 2239 temporalia
1041 2192 1081 2227 in
1115 2203 1301 2228 mensura
1336 2204 1512 2239 paupere

206 2258 488 2285 contententur
536 2259 573 2285 et
616 2250 657 2285 in
689 2262 862 2297 persona
906 2249 1068 2297 propria
1117 2262 1162 2285 ac
1206 2249 1286 2285 suis
1321 2250 1512 2298 apostolis

149 2311 188 2342 35
206 2307 340 2343 docuit
385 2306 500 2343 istam
546 2307 682 2353 vitam,
737 2317 772 2343 et
826 2320 915 2343 cum
951 2316 1183 2355 contempta
1223 2308 1296 2343 hac
1329 2308 1512 2344 doctrina

205 2373 286 2401 tam
321 2364 442 2412 digna
481 2365 706 2413 preeligunt
740 2365 1090 2401 conversacionem
1125 2365 1255 2401 carnis
1288 2366 1509 2401 secularem

208 2427 284 2470 que
317 2422 469 2458 inducit
502 2423 732 2459 hominibus
764 2423 922 2459 notorie
957 2423 1081 2458 multa
1116 2423 1235 2468 mala,
1289 2423 1355 2458 ubi
1389 2435 1512 2471 queso

206 2488 263 2515 est
297 2479 426 2516 maior
460 2489 712 2528 contemptus
747 2480 896 2516 Christi
931 2489 997 2516 aut
1030 2480 1148 2516 realis
1181 2480 1357 2516 locucio:
1391 2482 1512 2517 Nolu-

208 2550 294 2573 mus
328 2539 435 2574 hunc
469 2551 635 2586 regnare
680 2551 799 2586 super
831 2551 916 2584 nos,
955 2540 1038 2574 'sed
1085 2538 1266 2585 eligimus
1312 2540 1510 2586 prelatum

145 2595 401 2640 4ocesarium
450 2596 517 2643 qui
563 2604 619 2632 est
664 2596 931 2631 communiter
970 2595 1261 2631 Antichristus?
1314 2598 1361 2632 Et
1408 2596 1512 2632 idem

275 2813 299 2842 3.
321 2816 363 2842 A:
381 2823 560 2850 p-iuperem.
651 2815 732 2850 3—4.
757 2816 793 2842 13:
816 2824 871 2843 nec
889 2819 1001 2843 zrazenl.
1023 2816 1127 2843 Recte:
1150 2819 1183 2842 ut
1200 2816 1320 2843 vellent.
1413 2814 1448 2842 15.
1470 2817 1513 2842 A:

204 2850 393 2885 postposicio
414 2851 511 2877 twice.
603 2858 648 2883 24.
671 2852 712 2877 A:
737 2859 911 2885 vauperem.
1003 2849 1043 2878 35.
1065 2852 1108 2877 A:
1131 2859 1167 2877 [lc
1185 2850 1340 2877 doctrina.

1339 2897 1376 2929 18
