1986 3289
189 202 276 231 CAP-
299 194 380 247 LV]
562 207 619 237 DE
652 206 962 238 ANTICHRISTO
993 206 1074 237 ΗΒ.
1104 206 1125 237 l.

185 313 320 359 patule
352 312 552 357 infideles;
599 320 764 348 econtra
797 320 930 348 autern
966 311 1104 347 dicunt
1136 310 1292 359 Anglici
1326 310 1493 347 istarum

184 379 383 406 sectarum
418 379 591 417 quatuor
623 371 730 418 quod
762 369 904 405 Franci
937 378 973 405 et
1011 377 1190 405 contrate
1222 368 1296 404 sibi
1330 381 1494 405 consen-

184 436 298 463 tanee
333 437 424 463 sunt
460 436 623 475 propter
668 426 926 463 adhesionem
964 426 1160 463 Clementi
1200 425 1365 462 heretici
1408 426 1496 462 infi-

185 485 301 521 deles.
337 485 556 521 Extrinseci
580 494 713 521 autem
737 494 779 520 ut
799 484 915 521 Greci
949 493 985 520 et
1009 484 1122 520 Judei
1157 497 1246 520 cum
1281 483 1354 520 sibi
1388 483 1495 520 sirni-

152 542 287 579 §libus
320 542 457 579 dicunt
502 542 750 591 probabilius
795 544 901 590 quod
947 543 1063 578 ambe
1116 543 1187 578 hee
1239 550 1371 589 partes
1404 550 1496 577 sunt

184 600 344 636 heretici
383 600 575 650 infideles,
617 600 709 649 quia
739 600 998 648 perdiderunt
1030 600 1256 636 libertatem
1290 599 1387 647 legis
1428 601 1497 635 do-

186 657 281 693 mini
324 660 415 694 Jesu
449 658 595 695 Christi
628 667 665 694 et
696 667 788 694 sunt
820 657 1067 694 inevidenter
1100 670 1190 694 cum
1223 670 1304 694 uno
1338 657 1498 694 diabolo

185 716 428 763 desponsati.
462 718 510 752 Et
542 718 613 752 hec
636 715 851 752 infidelitas
884 715 1036 752 inducit
1069 715 1255 761 heresim,
1290 716 1498 763 perturba-

184 773 340 810 cionem
375 774 414 809 in
447 774 605 822 populis
640 783 677 810 et
710 774 787 810 alia
822 774 948 809 multa
982 774 1098 810 mala.
1133 775 1225 810 Ideo
1258 773 1289 809 si
1322 774 1499 822 placeret

130 847 168 867 10
181 833 264 867 Deo
300 844 457 868 movere
489 832 666 868 seculare
699 831 908 868 brachium
939 840 982 867 ut
1025 840 1208 879 tempore
1240 830 1357 867 huius
1391 830 1499 867 debi-

182 889 379 926 litacionis
411 889 644 926 Antichristi
692 889 843 925 nitatur
875 889 1090 926 efficaciter
1133 890 1324 925 reducere
1376 889 1500 925 eccle-

182 946 282 983 siam
317 949 365 984 ad
389 947 690 983 ordinacionem
717 947 869 983 domini
891 949 982 983 Jesu
1009 946 1168 992 Christi,
1202 947 1353 983 fructus
1383 947 1497 983 valde

183 1005 369 1042 notabilis
431 1005 657 1053 proveniret
698 1017 740 1041 ex
785 1005 978 1041 divisione
1031 1005 1147 1041 huius
1201 1004 1341 1053 capitis
1385 1004 1497 1041 Anti-

184 1063 339 1110 christi3
374 1064 445 1099 hec
479 1072 516 1099 et
549 1064 676 1099 multa
708 1065 814 1099 bona
836 1062 982 1099 similia
1006 1062 1218 1111 provenire
1251 1071 1419 1111 possunt
1452 1074 1496 1098 ex

129 1120 258 1157 15isto
291 1134 385 1157 casu
418 1130 454 1157 et
487 1121 643 1157 casibus
678 1121 813 1156 multis
846 1121 1057 1166 similibus,
1092 1120 1122 1157 si
1154 1120 1351 1157 videmus.

700 1269 837 1309 CAP.
869 1269 966 1309 LV.

242 1365 431 1412 Sequitur
471 1364 510 1400 in
549 1373 655 1400 textu
694 1364 880 1400 Matthei:
929 1365 1033 1400 Sicut
1079 1365 1175 1400 euim
1209 1365 1364 1414 fulgur
1415 1363 1495 1400 exit

182 1423 228 1458 ab
273 1423 418 1458 oriente
461 1430 496 1458 et
539 1430 702 1471 apparet
747 1435 864 1470 usque
907 1422 942 1457 in
977 1423 1223 1471 occidentem,
1269 1422 1320 1457 ita
1354 1422 1429 1458 erit
1461 1429 1495 1456 et

182 1481 369 1516 adventus
390 1480 472 1530 filii
502 1480 687 1525 hominis,·
739 1481 948 1528 ubicunque
973 1481 1105 1528 fuerit
1138 1492 1292 1528 corpus,
1326 1480 1377 1515 ibi
1407 1492 1494 1515 con-

125 1557 165 1578 20
179 1539 454 1588 gregabuntur
487 1545 520 1574 et
552 1538 688 1586 aquile.

239 1597 367 1643 Super
389 1609 468 1644 quo
490 1598 745 1643 Jeronymus:
780 1596 908 1632 Nolite
931 1596 1052 1642 exire,
1076 1595 1192 1631 nolite
1214 1596 1373 1631 credere
1396 1595 1496 1643 quod

182 1653 294 1702 filius
326 1654 488 1689 hominis
521 1654 582 1689 vel
613 1654 649 1689 in
679 1655 831 1689 deserto
863 1653 1040 1703 gencium
1073 1653 1124 1689 sit
1158 1654 1217 1688 vel
1248 1653 1283 1688 in
1312 1660 1493 1701 penetra-

181 1711 315 1747 bilibus
348 1712 619 1754 hereticorum,
665 1712 734 1747 sed
776 1712 878 1760 quod
922 1712 967 1746 ab
1001 1711 1144 1746 oriente
1183 1723 1298 1759 usque
1329 1711 1364 1746 in
1398 1710 1495 1747 occi-

183 1769 329 1805 dentem
352 1769 457 1818 fides
480 1769 560 1805 eius
592 1770 627 1804 in
658 1769 856 1805 catholicis
876 1769 1040 1819 fulgeat
1073 1769 1253 1804 ecclesiis.
1286 1769 1374 1804 Hoc
1406 1781 1495 1817 quo-

126 1836 165 1867 25
181 1838 251 1875 que
284 1827 498 1873 dicendum,
551 1827 652 1875 quod
688 1828 877 1863 secundus
934 1826 1154 1862 salvatoris
1192 1827 1379 1862 adventus
1422 1838 1495 1862 uon

182 1885 217 1919 in
258 1885 470 1920 humilitate
513 1893 553 1920 ut
590 1885 704 1933 prius
742 1897 817 1933 per
858 1885 1013 1934 singula
1063 1884 1389 1920 demonstrandus
1432 1884 1493 1920 sit.

184 1942 350 1977 Stultum
396 1950 451 1978 est
483 1942 608 1991 itaque
640 1955 722 1978 eum
767 1943 803 1978 in
830 1954 958 1991 parvo
993 1942 1076 1978 loco
1111 1942 1171 1978 vel
1201 1942 1238 1978 in
1271 1942 1495 1978 abscondito

182 2011 343 2047 querere
373 2000 437 2048 qui
466 2001 586 2036 tocius
619 2001 752 2036 mundi
781 2001 907 2036 lumen
939 2007 1005 2036 est.

244 2057 459 2106 Ubicunque
493 2058 623 2105 fuerit
671 2070 809 2107 corpus
864 2065 932 2094 etc.
985 2058 1046 2093 De
1096 2058 1274 2107 exemplo
1326 2057 1498 2093 naturali

126 2125 166 2157 30
182 2116 282 2163 quod
334 2116 470 2151 cotidie
521 2116 711 2151 cernimus
761 2116 909 2152 Christi
956 2115 1188 2152 instruimur
1235 2122 1493 2151 sacramento.

182 2173 316 2221 Aquile
367 2181 400 2209 et
447 2173 618 2209 vultures
661 2174 779 2209 eciam
820 2173 1082 2209 transmarina
1130 2173 1310 2209 dicuntur
1353 2172 1495 2209 sentire

183 2231 375 2266 cadavera
399 2238 433 2266 et
456 2231 506 2266 ad
528 2243 652 2267 escanz
677 2231 897 2267 huiusmodi
918 2231 1171 2281 congregari.
1208 2231 1250 2266 Si
1272 2243 1368 2281 ergo
1391 2231 1493 2266 irra-

183 2289 385 2323 cionabiles
419 2289 594 2324 volucres
626 2289 798 2324 naturali
833 2301 945 2325 sensu
978 2289 1093 2325 tantis
1124 2297 1323 2324 terrarum
1356 2288 1494 2337 spaciis

183 2353 217 2381 et
249 2347 369 2381 maris
402 2346 587 2396 fluctibus
625 2354 803 2395 separate
829 2359 997 2396 parvum
1031 2347 1202 2382 cadaver
1232 2346 1401 2382 senciunt
1434 2345 1496 2381 ubi

128 2403 317 2449 351‘acec1t‚
364 2412 503 2451 quanto
537 2404 664 2454 magis
696 2417 762 2440 nos
794 2411 829 2440 et
860 2405 983 2440 omnis
1015 2405 1218 2440 multitudo
1253 2404 1492 2440 eredencium

254 2601 295 2629 16.
316 2604 361 2630 A:
387 2602 460 2638 Cap.
479 2602 552 2630 LIV.
660 2610 699 2630 21.
721 2603 742 2629 Β
764 2603 793 2629 in
816 2610 911 2637 marg.
934 2603 1062 2629 without
1083 2602 1169 2629 marl(
1195 2601 1230 2628 of
1248 2601 1417 2628 reference:
1440 2601 1491 2627 ibi.

183 2637 346 2698 ffissktqlg'deae
367 2637 712 2699 135iiknjalzgiglscilicet.
785 2637 826 2664 32.
848 2639 891 2664 A:
914 2638 1008 2664 eciam
1028 2638 1078 2664 ad.
1153 2635 1194 2664 33.
1217 2636 1334 2663 Codd.:
1355 2636 1493 2663 volucres

258 2777 306 2807 17.
334 2766 451 2797 Matth.
478 2767 595 2806 XXIV,
624 2765 767 2808 27-28.
856 2776 907 2797 21.
948 2767 1084 2797 Cornm.
1112 2767 1146 2796 in
1172 2765 1386 2796 Matthaeum
1415 2765 1436 2795 l.
1463 2775 1489 2795 c.

184 2822 259 2853 page
292 2812 480 2855 196-197.

1577 1597 1713 1624 Jerome:

1543 1631 1611 1659 The
1631 1632 1745 1659 second

1523 1667 1633 1694 advent
1653 1667 1714 1693 will
1737 1667 1772 1693 be

1521 1701 1644 1729 evident
1663 1705 1694 1728 to
1715 1701 1763 1728 all.
