1986 3289
132 221 140 243 1
163 209 207 243 18
728 210 846 242 OPUS
872 209 1208 241 EVANGELICUM
1239 209 1321 240 LIB-
1349 209 1403 240 ΙΙΙ.
1483 197 1590 250 [CAR
1612 206 1732 234 XXXII-

417 319 609 364 similiter,
640 325 678 353 ut
702 325 812 366 puta,
835 316 980 353 heresis
1001 316 1131 352 Fotini
1158 328 1229 352 non
1259 316 1383 352 solum
1413 315 1562 352 Christi
1582 316 1737 351 ecclesie

417 378 655 412 adversatur
676 376 745 411 sed
774 375 949 411 omnibus
981 387 1054 410 non
1087 374 1268 410 similiter
1296 373 1542 422 sapientibus.
1574 374 1737 409 Heresis

417 434 779 471 Homousianorum
826 445 898 468 non
942 433 1066 468 solum
1107 431 1255 468 Christi
1301 431 1458 468 ecclesie
1500 432 1737 467 adversatur

416 493 484 529 sed
516 499 551 528 et
583 492 757 527 omnibus
791 490 988 527 heresibus
1027 503 1099 526 non
1139 489 1321 526 similiter
1352 489 1599 539 sapientibus.
1645 490 1736 525 Ideo

417 550 530 586 dicit:
582 549 759 600 Insurgit
802 561 899 599 gens
950 560 1068 598 super
1109 555 1262 598 gentem
1314 555 1349 584 et
1400 559 1565 598 regumn
1619 558 1769 597 superf,

417 621 596 659 regumn,
649 607 780 658 magis
824 614 948 642 autem
996 606 1119 642 omnis
1171 605 1318 642 heresis
1369 618 1486 655 super
1537 606 1735 642 ecclesiam

417 666 604 703 veritatis.
646 666 836 710 Quoniam
870 665 968 701 sicut
1001 672 1089 701 tunc
1122 676 1252 700 omnes
1284 671 1418 714 gentes
1451 663 1624 712 quamvis
1664 676 1736 699 non

417 731 542 761 essent
586 724 755 760 eiusdem
801 723 957 773 generis
1000 729 1066 759 aut
1104 722 1273 758 eiusdem
1314 721 1448 769 moris,
1493 729 1619 757 tamen
1665 734 1737 758 non

417 782 490 819 sibi
532 782 860 827 adversabantur,
906 781 975 817 sed
1018 793 1132 816 unam
1174 780 1416 816 debellabant
1457 780 1643 815 Judeam:
1685 780 1738 816 sic

420 841 571 876 diverse
615 841 770 876 hereses
822 839 997 888 quamvis
1049 851 1120 875 non
1172 838 1247 874 sint
1298 838 1465 874 eiusdem
1513 837 1797 887 pravitatis,10

420 906 546 934 tamen
592 910 663 934 non
707 897 780 934 sibi
821 898 1083 933 adversantur
1119 897 1187 932 sed
1224 908 1354 932 omnes
1394 896 1586 932 debellant
1624 908 1737 931 unam

129 956 618 993 Allheresicsareecclesiam
680 956 865 991 veritatis.
917 956 969 990 Et
1021 954 1203 1003 numquid
1247 961 1365 1003 putas
1415 954 1608 989 diabolum
1656 954 1738 989 ideo

156 1000 377 1062 {},‘<{¹C(¹}1⁵„}¹1{{'1¹¹
421 1015 564 1051 multas
608 1014 762 1050 hereses
806 1014 1021 1060 induxisse,
1067 1020 1106 1048 ut
1152 1013 1312 1049 invicem
1357 1024 1396 1048 se
1443 1012 1628 1047 mandata
1660 1011 1740 1047 eius

420 1073 681 1123 expugnent?
742 1072 862 1108 Absit.
924 1072 1000 1107 Sed
1057 1071 1321 1119 multiformes
1386 1082 1523 1106 causas
1588 1069 1740 1105 erroris

421 1131 586 1177 induxit,
627 1138 666 1166 ut
698 1130 828 1166 multis
860 1129 984 1165 modis
1022 1129 1169 1165 Christi
1206 1128 1534 1165 circumveniatur
1566 1127 1795 1174 ecclesia715

421 1196 461 1224 ut
500 1201 599 1238 pars
638 1195 776 1237 pereat
815 1200 890 1237 per
934 1188 1041 1223 illam
1086 1187 1333 1236 sapienciam,
1374 1199 1473 1235 pars
1505 1198 1581 1235 per
1612 1185 1738 1225 istam.

422 1247 527 1282 Sicut
550 1247 614 1295 qui
634 1247 775 1282 multas
806 1246 925 1282 eciam
950 1245 1173 1281 venaciones
1196 1244 1406 1294 pretendit⁷
1446 1244 1622 1294 cogitans
1654 1243 1739 1292 quia

421 1316 573 1341 necesse
616 1312 671 1340 est
715 1312 781 1340 aut
824 1304 859 1339 in
900 1304 967 1340 hec
1007 1303 1067 1339 vel
1105 1303 1140 1338 in
1179 1303 1246 1338 illa
1288 1302 1391 1338 recia
1425 1302 1540 1338 cadat
1572 1301 1738 1337 venaciO.

479 1363 532 1398 Et
575 1369 685 1398 erunt
712 1361 934 1411 pestilencie
966 1369 1000 1397 et
1033 1361 1169 1409 fames
1201 1368 1235 1397 et
1267 1367 1501 1396 terremotus
1529 1372 1604 1409 per
1644 1360 1738 1396 loca.

429 1421 573 1465 Quales
606 1420 857 1469 pestilencie?
900 1420 953 1455 Et
989 1419 1116 1468 qualis
1137 1420 1272 1468 fames
1312 1426 1347 1455 et
1386 1425 1621 1454 terremotus
1650 1429 1740 1466 pre-
1758 1438 1799 1458 20

424 1486 622 1515 cesserunt
652 1479 829 1525 Judeam,
863 1485 1065 1526 antequam
1094 1477 1310 1513 Jerusalem
1344 1484 1563 1525 caperetur,
1597 1488 1740 1526 cogno-

422 1549 531 1573 scere
572 1544 700 1585 potest
744 1536 810 1585 qui
837 1536 1046 1585 Josephum
1087 1536 1195 1585 legit.
1237 1534 1505 1584 Spiritualiter
1536 1541 1739 1583 antequam

424 1595 666 1645 spoliaretur
709 1594 881 1641 ecclesia⁷
926 1594 1007 1630 sine
1051 1593 1164 1629 dubio
1207 1599 1479 1642 precesserunt
1523 1592 1559 1627 in
1594 1591 1741 1641 populo

424 1653 636 1689 christiano
658 1653 793 1701 sames
831 1651 1047 1701 spiritualis
1086 1651 1205 1698 verbi,
1242 1650 1463 1700 pestilencie
1496 1650 1740 1685 diversorum

425 1711 640 1747 carnalium
682 1710 883 1757 viciorum,
927 1716 1162 1745 terremotus
1206 1709 1429 1758 spirituales
1474 1707 1797 1749 turbacionum25

420 1769 560 1819 populi
602 1768 825 1804 Christiani.
881 1768 960 1803 Nec
1007 1767 1104 1803 enim
1155 1775 1244 1802 nata
1278 1767 1452 1815 fuissent
1497 1773 1574 1801 tam
1620 1765 1741 1801 multa

425 1828 637 1863 schismata
679 1827 714 1862 in
743 1827 889 1876 populo
927 1825 1152 1871 christiano,
1195 1825 1266 1861 nisi
1285 1825 1433 1873 fuisset
1465 1824 1500 1859 in
1533 1824 1586 1859 eis
1606 1824 1743 1872 fames

427 1886 555 1922 verbi:
600 1885 837 1930 Pestilencie,
883 1878 924 1919 id
968 1891 1037 1931 est,
1082 1883 1209 1919 morbi
1250 1883 1465 1918 carnalium
1505 1881 1741 1930 passionum,

427 1944 500 1980 nisi
526 1943 700 1991 fuissent
743 1943 861 1978 eciam
908 1942 1185 1977 commociones
1228 1941 1508 1986 turbaciommz,
1551 1939 1606 1975 sic
1645 1939 1742 1974 enim

426 2002 557 2051 signat
580 2001 771 2037 Dominus
799 2001 835 2036 in
854 2000 1048 2049 parabola
1079 2012 1191 2048 quam
1223 2000 1268 2034 de
1295 1997 1530 2035 seminandis
1557 1997 1744 2049 {izanniis
1761 2009 1801 2041 30

428 2061 474 2095 ab
516 2059 666 2095 homine
704 2059 807 2094 malo
834 2059 1021 2107 proponit
1054 2058 1201 2093 dicens:
1238 2056 1332 2092 Cum
1368 2055 1585 2092 dormirent
1616 2062 1742 2090 autem

429 2117 612 2164 homines,
657 2117 697 2152 id
728 2124 797 2162 est,
842 2129 926 2152 cum
961 2116 1206 2166 negligerent
1239 2115 1274 2150 in
1312 2114 1495 2163 peccatis,
1541 2112 1641 2149 venit
1673 2113 1743 2148 ini-

430 2176 551 2211 micus
595 2176 708 2211 homo
757 2182 792 2210 et
833 2174 1037 2210 seminavit
1080 2173 1269 2226 {iffannid
1321 2172 1398 2216 Qui
1439 2179 1564 2207 autem
1609 2170 1746 2207 saciati

431 2241 518 2270 sunt
538 2245 638 2282 pane
661 2232 770 2268 verbi
791 2232 921 2277 divini,
950 2232 1014 2280 qui
1033 2232 1218 2267 sanisunt
1234 2229 1502 2280 apestilenciis
1518 2229 1743 2278 passionum

430 2292 660 2338 carnalium⁷
701 2291 766 2339 qui
794 2290 951 2326 stabiles
987 2296 1075 2326 sunt
1113 2290 1148 2325 in
1170 2289 1256 2338 fide
1288 2296 1322 2324 et
1354 2287 1516 2334 iusticia,
1549 2287 1652 2335 apud
1683 2298 1746 2322 eos
1762 2297 1802 2330 35

430 2350 638 2386 schismata
671 2361 743 2384 non
777 2348 1022 2384 inveniuntur
1055 2349 1295 2398 dogmatum.
1350 2346 1486 2381 Omnia
1535 2345 1632 2381 enim
1678 2344 1746 2380 hec

432 2408 541 2443 inicia
586 2414 674 2443 sunt
713 2406 1005 2455 parturi'cionis7
1052 2406 1091 2441 id
1129 2412 1197 2451 est,
1244 2403 1535 2440 Pseudochristi
1565 2401 1746 2438 venientis

432 2473 466 2501 et
498 2465 718 2501 audiciones
745 2464 979 2513 preliorum.

504 2614 524 2633 1.
551 2606 595 2632 A:
628 2604 736 2632 Fotini
759 2604 852 2630 deest.
986 2611 1068 2636 2-4.
1101 2602 1218 2629 Codd.:
1253 2599 1622 2635 Heresis—sapientibus
1650 2599 1745 2626 deest.

434 2650 468 2668 11.
501 2642 545 2667 A:
580 2648 671 2667 unam
698 2640 791 2666 deest.
919 2646 951 2671 14
994 2639 1037 2665 A:
1071 2639 1324 2672 expungnuntur.
1453 2643 1491 2669 17.
1526 2635 1564 2661 B:
1600 2634 1652 2661 Sic
1683 2633 1744 2669 qui.

434 2682 548 2707 10—20.
572 2676 615 2701 A:
633 2682 691 2709 per
712 2674 1014 2701 loca—terremotus
1034 2673 1128 2699 deest.
1220 2670 1261 2697 23.
1292 2671 1329 2697 13:
1351 2669 1541 2699 spirituales.
1633 2668 1676 2695 25.
1707 2668 1744 2694 B:

435 2708 513 2737 e'nim
546 2710 642 2736 deest.
718 2709 764 2742 34.
801 2708 836 2735 13:
871 2708 972 2734 divini
999 2707 1091 2734 deest.
1183 2704 1222 2733 35.
1257 2705 1295 2732 13:
1317 2704 1386 2739 fide
1415 2704 1546 2731 iusticie.
1620 2702 1665 2730 36.
1698 2704 1743 2729 A:

434 2748 496 2771 lanz
517 2745 608 2771 mala.
700 2742 744 2778 37.
767 2744 809 2770 A:
833 2743 997 2770 venientes.

507 2830 558 2861 31.
587 2827 704 2858 Manh.
733 2827 817 2867 ΧῙῙῘ,
847 2826 898 2858 25.
