1986 3289
202 192 283 221 200

225 306 250 331 lt
271 304 375 331 makes
394 303 444 329 the

208 341 257 366 the
277 338 386 374 people
406 338 465 364 less

267 373 359 407 ready
379 377 409 398 to

256 408 409 435 condemn

228 443 336 478 simple
358 449 437 468 men.

269 1175 294 1202 It
314 1175 398 1208 gives

224 1210 401 1237 confidence
420 1214 451 1236 to

238 1245 288 1272 the
307 1244 438 1272 faithful.

227 1986 251 2012 It
272 1986 381 2012 shakes
403 1985 451 2011 the

233 2021 389 2054 authority
410 2020 444 2046 ot·

250 2055 431 2082 Antichrist.

803 190 921 221 OPUS
948 190 1281 221 EVANGELICUM
1318 189 1401 220 LIB.
1428 190 1480 220 Ill.
1598 178 1704 231 [CAP.
1726 187 1804 214 LIV.

548 296 778 331 Secundum
825 297 974 331 bonurn
1009 297 1116 343 quod
1158 308 1200 331 ex
1233 295 1307 331 ista
1341 295 1587 331 dissensione
1621 295 1805 343 provenit

489 361 546 388 est
578 352 682 388 istud
707 354 814 400 quod
850 353 984 389 fideles
1018 354 1122 389 clare
1156 353 1400 390 confundere
1429 361 1598 401 possunt
1622 352 1805 401 argucias

488 410 735 446 Antichristi.
790 410 963 458 Capiunt
1016 411 1121 447 enim
1171 411 1469 447 multitudinem
1515 410 1674 447 testium
1721 410 1806 447 sine

488 468 650 504 racione
694 468 753 504 vel
786 469 986 516 scriptura
1031 470 1139 517 quod
1171 469 1262 505 talis
1296 477 1364 504 aut
1396 468 1486 505 talis
1519 469 1688 516 simplex
1719 480 1808 516 per-

488 538 584 562 sona
619 534 675 561 est
709 526 897 572 heretica,
947 526 1039 574 quia
1073 527 1129 562 sic
1162 540 1184 563 a
1218 526 1362 563 maiori
1396 535 1510 574 parte
1544 526 1634 563 talis
1668 525 1841 574 populi5

487 592 695 631 reputatur
728 592 764 619 et
799 587 856 628 (ut
889 584 1067 631 capiunt)
1101 597 1174 620 vox
1206 584 1346 632 populi
1380 593 1437 620 est
1469 597 1542 620 vox
1574 583 1659 620 Dei.
1703 586 1808 620 Deus

488 650 621 677 autem
669 653 738 689 per
771 641 887 678 istam
935 641 1168 679 divisionem
1221 642 1432 679 confundit
1476 651 1658 690 patenter
1690 641 1808 677 istam

487 699 710 735 versuciam
743 699 990 736 Antichristi.
1046 703 1146 736 Nam
1181 699 1310 737 maior
1342 701 1514 748 populus
1547 709 1684 736 tenens
1718 711 1807 735 cum

489 758 697 794 Clemente
743 766 900 805 reputat
933 758 1148 795 Urbanitas
1197 770 1280 795 esse
1325 758 1521 794 hereticos
1554 766 1591 794 et
1624 766 1807 803 econtra;

489 824 526 851 et
558 824 730 863 utroque
763 816 914 863 populo
948 817 1119 852 habente
1159 815 1405 852 adiutorium
1441 817 1489 852 de
1522 815 1707 852 fidelibus
1741 814 1808 863 qui
1829 828 1867 850 10

488 882 579 909 sunt
612 882 732 919 extra,
766 882 809 909 ut
832 882 940 921 patet
971 875 1018 910 de
1041 874 1177 910 Grecis
1210 884 1246 910 et
1268 873 1402 910 Judeis
1426 883 1463 910 et
1495 873 1582 910 aliis
1616 873 1669 909 eis
1701 872 1809 909 simi-

487 931 602 976 libus,
649 930 716 979 qui
761 940 949 978 reputant
995 941 1078 967 tum
1122 932 1394 968 Clementinos
1440 944 1559 980 quam
1594 930 1809 968 Urbanitas

488 988 698 1033 hereticos,
745 998 854 1036 patet
888 991 997 1037 quod
1041 989 1080 1025 in
1127 991 1237 1026 nulla
1269 1003 1348 1026 una
1387 989 1595 1037 provincia
1627 998 1719 1025 sunt
1752 997 1810 1024 tot

489 1047 628 1094 populi
682 1056 903 1083 asserentes
959 1047 1161 1095 privatum
1224 1048 1450 1096 simplicem
1514 1048 1672 1084 fidelem
1727 1058 1809 1083 esse

490 1104 723 1141 hereticum.
1830 1106 1866 1138 15

547 1164 640 1199 Ideo
672 1162 797 1199 tercio
820 1172 914 1199 sunt
946 1163 1082 1200 fideles
1106 1163 1145 1199 in
1168 1164 1252 1211 lege
1277 1162 1439 1199 Domini
1473 1162 1667 1199 consolati
1700 1163 1809 1210 quod

489 1220 618 1256 sciunt
661 1220 954 1257 Antichristurn
1001 1230 1037 1257 et
1088 1233 1349 1269 quoscunque
1395 1221 1591 1257 hereticos
1625 1221 1809 1257 laborare

490 1278 530 1314 in
562 1278 640 1314 isto
675 1288 824 1326 puncto
849 1288 988 1315 contra
1020 1279 1261 1327 scripturam
1293 1292 1449 1315 sacram
1483 1287 1649 1326 propter
1671 1290 1808 1326 super-

491 1336 597 1373 biam
632 1345 751 1385 atque
784 1337 955 1373 lucrum.
1010 1339 1057 1373 Et
1091 1350 1182 1373 cum
1217 1339 1265 1373 de
1298 1350 1338 1373 se
1371 1336 1466 1384 ipsis
1500 1338 1668 1373 credunt
1701 1336 1809 1385 quod

489 1407 570 1430 non
602 1395 789 1431 laborant
834 1404 1017 1442 patenter
1063 1405 1202 1431 contra
1236 1394 1478 1442 scripturam
1513 1407 1683 1440 sacram,
1738 1406 1810 1429 nec
1826 1405 1868 1426 20

491 1461 662 1500 querunt
696 1465 738 1488 ex
773 1452 889 1488 dictis
922 1453 1001 1489 suis
1034 1465 1175 1489 vanarn
1219 1453 1386 1500 glorian]
1423 1452 1502 1489 sive
1535 1453 1706 1497 lucrum,
1752 1460 1810 1487 est

489 1510 566 1546 illis
600 1510 761 1546 evidens
794 1512 902 1558 quod
935 1524 1015 1546 non
1061 1521 1151 1546 sunt
1186 1511 1349 1547 heretici
1383 1511 1443 1547 vel
1477 1509 1664 1558 discipuli
1696 1509 1809 1545 Anti-

491 1568 637 1604 christi.
690 1568 935 1616 Augustinus
983 1578 1115 1604 autem
1165 1582 1283 1616 super
1329 1570 1487 1605 Psalmo
1533 1570 1582 1604 IX
1634 1568 1847 1604 declarat·

490 1635 740 1674 assumptum
774 1628 963 1674 quomodo
996 1634 1074 1662 tota
1107 1628 1213 1663 scola
1237 1627 1465 1663 Antichristi
1496 1639 1568 1662 non
1591 1626 1741 1675 fundat
1771 1637 1811 1661 se

491 1684 563 1720 nisi
584 1685 699 1732 forte
730 1685 934 1733 sophistice
972 1697 1089 1733 super
1128 1685 1230 1720 malo
1262 1697 1373 1721 sensu
1405 1684 1601 1733 scripture
1632 1696 1745 1720 sacre
1776 1685 1867 1719 et25

491 1743 644 1778 laborat
671 1749 836 1791 propter
868 1755 1004 1778 vanam
1037 1743 1210 1793 gloriam
1243 1743 1323 1778 sive
1356 1744 1520 1781 lucrum,
1554 1741 1708 1778 Fideles
1741 1753 1810 1777 au—

491 1808 571 1836 tem
617 1802 844 1836 sacerdotes
889 1813 970 1836 non
1015 1809 1105 1836 sunt
1150 1800 1189 1835 in
1236 1801 1372 1849 aliquo
1418 1801 1559 1836 horum
1607 1799 1681 1836 sibi
1714 1799 1809 1847 ipsis

492 1858 659 1903 conscii;
711 1859 779 1894 sed
832 1860 951 1894 docto
996 1859 1103 1906 quod
1145 1858 1185 1894 in
1232 1859 1368 1907 aliquo
1408 1859 1550 1894 horum
1593 1857 1810 1894 erraverint

492 1916 697 1952 humiliter
728 1917 868 1952 volunt
902 1916 1061 1964 corrigi.

549 1976 597 2009 Et
630 1976 793 2022 quando
839 1974 936 2009 fides
984 1974 1181 2021 scripture
1226 1975 1446 2010 secundum
1479 1973 1671 2009 iudicium
1705 1972 1811 2020 ipso-
1828 1974 1868 2006 30

493 2045 579 2067 rum
616 2032 711 2068 dicit
760 2031 911 2079 aliquid
945 2040 981 2067 et
1026 2032 1133 2068 scola
1166 2031 1399 2068 Antichristi
1439 2031 1524 2067 sine
1560 2031 1721 2067 racione
1752 2031 1812 2067 vel

492 2090 733 2126 auctoritate
780 2089 874 2125 dicit
919 2090 1163 2137 oppositum,
1218 2089 1414 2137 scripture
1447 2101 1558 2125 sacre
1610 2088 1811 2125 sentencie

495 2149 758 2192 adherebunt,
813 2147 905 2195 quia
952 2147 1068 2183 aliter
1114 2147 1327 2183 infideliter
1377 2147 1583 2184 hominem
1628 2147 1809 2183 fallacem

492 2214 761 2253 preponerent
796 2207 878 2241 Deo
923 2218 1005 2243 suo.
1059 2205 1294 2242 Confutacio
1341 2218 1434 2253 ergo
1473 2205 1585 2241 istius
1630 2204 1810 2252 argucie:

492 2263 763 2299 communitas
798 2263 1003 2299 bominum
1047 2263 1142 2299 dicit
1176 2263 1293 2299 istum
1330 2275 1413 2299 esse
1447 2263 1679 2309 hereticum,
1719 2274 1812 2309 ergo
1830 2263 1868 2296 35

492 2334 642 2365 verum,
688 2329 745 2356 est
783 2320 1004 2368 preciosior
1044 2320 1228 2357 fidelibus
1262 2333 1304 2357 ex
1337 2321 1412 2357 ista
1457 2320 1650 2357 divisione
1698 2319 1812 2355 huius

493 2379 634 2426 capitis
681 2391 801 2426 quam
848 2379 1002 2414 lucrum
1050 2379 1213 2426 aliquod
1260 2379 1498 2426 temporale.
1550 2380 1631 2414 Nec
1683 2385 1812 2425 potest

493 2436 701 2485 patencius
747 2436 937 2472 confundi
983 2436 1058 2472 ista
1097 2436 1261 2484 argucia
1305 2449 1426 2484 quam
1481 2449 1524 2472 ex
1564 2435 1811 2472 dissensione

492 2494 565 2531 ista
599 2507 719 2542 quam
754 2496 951 2529 Dominus
984 2494 1217 2539 introduxit,
1259 2507 1347 2531 cum
1383 2503 1465 2530 tam
1501 2493 1693 2542 episcopi,
1728 2505 1812 2529 mo—

492 2553 622 2598 nachi,
676 2551 856 2588 canonici
898 2561 1018 2599 atque
1064 2552 1204 2588 fratres
1249 2553 1385 2588 dicunt
1429 2552 1468 2587 in
1502 2551 1670 2588 Francia
1704 2551 1870 2598 quod40

492 2610 645 2657 Anglici
672 2611 909 2646 adherentes
934 2612 1097 2646 Urbano
1131 2619 1166 2646 et
1197 2609 1422 2657 linquentes
1447 2610 1694 2645 Clementem
1721 2617 1810 2644 sunt

564 2818 604 2842 ιι).
626 2818 653 2843 A
675 2816 703 2842 in
728 2824 840 2849 marga
863 2824 895 2849 3.
