1986 3289
212 212 299 242 cAP.
322 203 450 258 xxm]
596 214 655 247 DE
683 212 996 247 ANTicHRisTo
1025 214 1107 247 ΜΒ.
1135 214 1157 246 1.

212 331 299 360 tunc
331 330 385 360 est
418 336 509 360 vera
532 323 814 370 misericordia,
846 323 880 359 si
911 323 965 359 sic
986 323 1101 371 facta
1125 322 1267 371 fuerit,
1301 329 1340 357 ut
1372 320 1519 357 iusticia

205 394 281 431 per
313 394 395 417 eam
429 394 500 418 non
534 388 842 430 contempnatur.
883 381 927 416 Si
956 388 1083 417 autem
1117 387 1332 429 contempta
1372 379 1520 414 iusticia

212 439 493 485 misericordia,
524 440 767 486 observatur,
796 439 878 488 ipsa
908 438 1179 475 misericordia
1198 450 1270 474 non
1294 444 1350 473 est
1372 436 1520 473 miseri-

211 497 345 533 cordia
384 497 452 533 sed
480 497 674 546 fatuitas‚·
717 509 805 532 nam
845 504 881 532 et
919 496 1190 532 misericordia
1223 508 1295 531 non
1334 501 1389 530 est
1428 506 1521 530 vera

179 554 481 591 §misericordia
525 555 598 591 nisi
634 554 811 590 habuerit
849 554 885 589 in
922 566 963 590 se
1000 554 1203 590 iusticiam.
1243 552 1399 589 lusticia
1442 552 1523 588 sine

212 613 482 648 misericordia
515 625 588 648 non
621 619 676 648 est
697 612 844 648 iusticia
876 612 944 648 sed
975 612 1200 658 crudelitas,
1232 611 1286 647 sic
1318 617 1353 646 et
1375 609 1522 645 miseri-

213 670 348 706 cordia
380 670 460 706 sine
482 670 629 706 iusticia
662 682 733 705 non
761 677 816 706 est
848 669 1116 705 misericordia
1148 669 1217 705 sed
1238 668 1421 717 fatuitas.

271 728 334 764 Sic
348 735 382 763 et
399 729 517 764 Deus.
550 728 635 777 Ipse
649 728 799 776 quidem
816 727 954 763 mortis
968 727 1197 763 sentenciam
1215 726 1383 762 dictabat
1404 737 1523 775 super

211 786 367 831 Judem,
414 786 563 822 dicens:
603 785 704 821 Ecce
737 798 809 835 ego
842 785 949 821 mitto
982 785 1034 820 ad
1067 797 1133 821 vos
1160 784 1374 834 prophetas
1407 791 1441 819 et
1473 794 1524 819 ex·

161 844 305 892 101'psis
336 844 526 890 occidetis,
559 851 599 879 ut
631 843 756 879 veniat
787 855 906 892 super
938 855 1005 879 vos
1043 842 1166 879 omnis
1197 842 1358 892 sanguis
1389 841 1521 886 iustus,

213 908 248 937 et
299 901 379 950 ipse
430 914 493 937 eos
546 901 758 937 miserabili
800 900 1076 936 lamentacione
1114 900 1330 950 plangebat
1373 899 1524 935 dicens:

212 959 443 1005 Jerusalem,
471 959 701 995 Jerusalem.
734 959 836 994 Nam
860 959 968 994 Deus
1000 958 1139 994 invitus
1167 957 1411 1007 compellitur
1439 969 1522 992 cum

215 1029 359 1067 magno
393 1018 530 1053 dolore
547 1024 776 1065 peccatores
809 1017 1044 1066 dampnare.-
1075 1017 1162 1051 Non
1185 1015 1286 1052 enim
1319 1015 1374 1051 sic
1407 1015 1522 1057 dolet,

215 1075 301 1123 quia
325 1074 405 1123 ipse
426 1075 472 1110 ab
505 1075 558 1110 eis
581 1075 801 1123 offenditur,
824 1075 893 1110 sed
914 1074 1002 1123 quia
1025 1074 1135 1122 quasi
1162 1073 1348 1109 violenter
1369 1072 1526 1122 cogitur

162 1133 381 1181 15perdere
411 1132 575 1181 aliquem
609 1133 673 1180 qui
703 1132 807 1181 cupit
839 1144 969 1169 omnes
1005 1132 1172 1167 salvare.
1207 1131 1309 1166 Nam
1341 1130 1526 1179 quemad-

216 1191 372 1225 modum
417 1190 453 1226 in
486 1190 592 1226 nobis
635 1197 770 1226 contra
814 1197 995 1225 naturam
1028 1197 1084 1225 est
1126 1189 1161 1225 ei
1191 1188 1440 1236 malefacere,
1472 1187 1527 1224 sic

215 1248 423 1283 secundum
467 1255 646 1283 naturam
680 1255 736 1284 est
773 1248 808 1283 ei
842 1248 1079 1296 benefacere.
1126 1247 1204 1282 Sed
1241 1246 1332 1282 dicit
1368 1246 1528 1295 aliquis.-

222 1305 317 1341 Cum
350 1305 386 1341 in
413 1312 607 1354 potestate
644 1306 782 1341 habeat
813 1306 921 1342 Deus
953 1305 1126 1354 perdere
1165 1312 1200 1340 et
1236 1304 1406 1347 salvare,
1445 1303 1528 1353 quis

215 1375 299 1399 eum
339 1363 498 1399 invitum
538 1363 736 1413 compellit
766 1363 994 1412 dampnare,
1025 1363 1058 1399 si
1090 1374 1162 1398 non
1203 1362 1313 1398 vult?
1363 1362 1431 1408 Tu,
1465 1361 1529 1410 qui

159 1432 200 1453 20
215 1434 288 1457 non
336 1421 535 1457 desideras
572 1421 881 1457 misericordiam
914 1421 1002 1459 Dei.
1051 1421 1152 1456 Nam
1197 1420 1295 1456 sicut
1331 1420 1396 1468 qui
1433 1419 1527 1455 desi-

216 1479 370 1515 deranti
400 1479 708 1515 misericordiam
753 1479 831 1515 Dei
861 1479 1041 1529 denegat,
1073 1478 1243 1514 crudelis
1280 1485 1348 1522 est,
1380 1477 1434 1513 sic
1464 1477 1530 1526 qui

216 1549 288 1573 non
320 1534 561 1574 desideranti
596 1536 906 1573 misericordiam
952 1536 1029 1572 Dei
1053 1543 1219 1585 prestat,
1259 1535 1421 1572 iniustus
1458 1542 1525 1571 est.

216 1594 293 1630 Sed
326 1595 440 1630 dicis.-
476 1594 572 1637 Quis
594 1602 649 1631 est
678 1595 791 1631 homo
814 1595 877 1643 qui
898 1606 970 1630 non
994 1594 1189 1630 desiderat
1218 1593 1526 1629 misericordiam

216 1652 320 1688 Dei?
369 1653 436 1696 Tu,
479 1652 545 1701 qui
580 1664 789 1701 permanes
826 1652 862 1688 in
897 1652 1078 1701 peccatis.
1118 1651 1359 1688 Desiderare
1401 1658 1527 1687 autem

160 1710 199 1742 25
217 1710 525 1746 misericordiam
541 1717 596 1746 est
618 1710 791 1746 converti
810 1711 863 1746 ad
876 1710 1099 1746 Dominum.
1124 1710 1196 1746 Ille
1210 1709 1307 1745 enim
1332 1709 1529 1745 desiderat

217 1768 525 1804 misericordiam
560 1768 635 1803 Dei
670 1768 734 1816 qui
768 1768 875 1804 timet
912 1768 1013 1804 iram
1052 1768 1152 1813 eius;
1188 1768 1253 1816 qui
1286 1774 1412 1803 autem
1454 1778 1527 1802 non

217 1825 321 1861 timet
355 1826 454 1861 iram
493 1826 583 1873 eius,
631 1839 703 1862 non
749 1826 945 1862 desiderat
989 1825 1297 1861 misericordiam
1339 1825 1417 1860 eius
1461 1825 1529 1860 sed

218 1884 460 1932 contempnit.

271 1941 500 1987 Jerusalem,
523 1941 752 1987 Jerusalem,
784 1953 854 1990 que
886 1954 1002 1991 usque
1034 1954 1131 1978 nunc
1154 1942 1297 1978 luctata
1329 1953 1368 1976 es
1392 1947 1528 1976 contra

162 2000 203 2033 30
218 1999 525 2035 misericordiam
559 2011 683 2035 meam
713 1999 787 2035 tuis
816 2000 996 2048 peccatis,
1030 2012 1127 2035 nunc
1160 2007 1285 2035 autem
1312 1998 1529 2034 misericor-

220 2057 321 2092 diam
354 2057 559 2106 superasti.
601 2058 692 2093 VoIo
725 2057 822 2093 enim
846 2058 882 2093 in
915 2065 950 2103 te
972 2057 1162 2104 misereri,
1194 2058 1263 2093 sed
1295 2057 1397 2092 vires
1420 2056 1529 2092 mise·

220 2115 389 2150 ricordie
409 2115 595 2163 faciende
626 2127 698 2151 non
731 2115 863 2162 habeo,
897 2127 964 2151 nec
990 2127 1150 2164 possum
1184 2114 1351 2163 amplius
1388 2114 1462 2149 iam
1496 2121 1531 2149 te

218 2173 370 2221 suffere,
415 2172 701 2208 incessabilibus
733 2173 829 2209 enim
868 2173 1127 2221 iniquitatibus
1158 2173 1233 2208 tuis
1261 2171 1529 2208 misericordia

219 2242 302 2265 mea
325 2230 435 2278 quasi
464 2230 539 2265 iam
573 2231 717 2266 lassata
750 2243 772 2266 a
800 2231 1004 2279 proposito
1036 2243 1105 2267 suo
1139 2231 1290 2279 defecit.

164 2287 203 2318 35
283 2288 367 2330 Que
389 2288 530 2324 occidis
548 2288 765 2337 prophetas
787 2296 822 2324 et
845 2288 998 2337 lapidas
1022 2288 1163 2336 eosqui
1182 2289 1234 2324 ad
1256 2296 1291 2324 te
1313 2288 1528 2323 mittuntur.

220 2345 314 2380 Misi
344 2346 395 2381 ad
426 2353 461 2381 te
484 2345 623 2381 Isaiam
657 2353 691 2381 et
722 2346 890 2382 serrasti
919 2359 1016 2385 eum.
1051 2346 1146 2381 Misi
1174 2347 1225 2381 ad
1256 2354 1291 2382 te
1320 2345 1529 2382 Jeremiam

220 2410 255 2438 et
288 2404 472 2451 lapidasti
492 2416 589 2445 eum,
623 2403 711 2439 misi
731 2403 972 2456 Ezechielem
1006 2411 1041 2439 et
1068 2410 1235 2439 tractum
1254 2416 1330 2453 per
1362 2403 1529 2452 lapidem

221 2461 483 2497 excerebrasti
527 2474 622 2497 eum.
676 2462 879 2505 Quomodo
911 2461 1067 2497 sanaris
1104 2473 1173 2509 que
1216 2462 1361 2497 nullum
1401 2461 1453 2496 ad
1496 2468 1532 2496 te

291 2673 311 2692 i.
332 2666 374 2692 A:
395 2665 440 2692 sic
458 2665 551 2692 deest.
660 2663 684 2692 3.
712 2665 734 2692 B
760 2665 790 2692 in
812 2673 926 2699 marga
960 2664 1192 2692 Misericordia.
1291 2672 1374 2699 4-7,
1396 2666 1439 2691 A:
1461 2672 1530 2691 nam

225 2702 254 2727 et
265 2700 439 2735 —s‘atuz'tas
459 2701 558 2735 deest;
589 2700 611 2727 Β
632 2700 662 2727 in
685 2708 780 2735 marg.
808 2700 903 2727 addit.
1010 2699 1037 2727 8.
1058 2701 1102 2726 A:
1128 2703 1157 2726 et
1176 2700 1246 2727 illis,
1340 2698 1378 2727 13.
1398 2701 1443 2726 A:
1460 2707 1531 2734 pec-

223 2737 345 2762 catores
363 2742 542 2769 aspernere.
625 2735 666 2762 16.
686 2736 732 2762 A:
754 2736 785 2761 in
805 2735 893 2762 nohis
913 2734 1014 2767 deest3
1035 2734 1057 2760 B
1079 2734 1109 2761 in
1131 2742 1227 2769 marg.
1249 2734 1345 2761 addit.
1431 2742 1470 2768 17.
1502 2734 1531 2760 A

223 2770 254 2796 in
275 2777 388 2803 marga
424 2769 558 2803 Questio.
658 2777 699 2800 ιο.
719 2771 748 2796 Α
773 2769 802 2796 in
824 2777 937 2804 marg:
965 2768 1045 2796 Nota
1071 2768 1154 2795 bene.
1245 2767 1288 2796 23.
1316 2769 1344 2796 A
1364 2768 1395 2795 in
1416 2776 1529 2803 marg.:

227 2803 361 2839 Queslz‘o.
461 2803 506 2830 28.
530 2805 550 2830 Β
571 2804 600 2831 in
622 2800 735 2837 mam:
757 2803 825 2831 Non
853 2804 1014 2831 desiderat
1036 2803 1280 2830 misericordiam
1306 2803 1361 2830 sed
1379 2806 1532 2837 contemp-

224 2838 278 2871 nit,
300 2839 353 2873 qui
371 2846 430 2865 non
452 2839 643 2865 convertitur
661 2840 705 2865 ad
724 2838 886 2865 Dominum
907 2838 1054 2875 quifecit
1073 2846 1148 2865 eum.
1249 2836 1291 2865 32.
1313 2839 1357 2865 A:
1383 2840 1413 2865 te
1437 2837 1531 2864 deest.

1556 742 1624 769 God
1647 742 1795 776 punishes

1537 777 1740 813 unwillingly,
1762 777 1815 804 but

1602 812 1647 839 He
1667 816 1750 838 must

1548 846 1661 881 punish
1682 846 1730 873 for
1750 846 1801 873 the

1546 882 1617 909 sake
1637 881 1671 908 of
1687 881 1806 916 justice.
