1986 3289
216 195 304 223 CAP.
332 184 440 241 LVII]
585 198 643 228 DE
671 197 985 228 ANT1CHRISTO
1015 197 1099 228 ΜΒ.
1126 197 1148 228 1.
1731 200 1804 226 211

217 305 375 340 hiemem
404 303 657 352 fructificare
689 315 760 339 non
795 303 952 347 desinit;
995 315 1082 338 nam
1116 304 1191 338 iam
1236 304 1305 339 alii
1335 304 1524 354 colligunt

215 369 369 398 matura
403 368 437 397 et
468 361 536 396 alii
566 361 626 397 lzic
653 361 884 409 procedunt.
931 361 994 396 Sic
1026 362 1183 397 ecclesia
1229 373 1279 397 ex
1322 373 1393 409 quo
1426 362 1524 410 cepit

215 420 332 456 eciam
365 426 518 455 sanctos
539 419 682 466 afferre
714 430 830 466 usque
863 419 914 454 ad
935 418 1056 468 finem
1092 419 1213 455 seculi
1242 432 1314 455 non
1349 420 1520 455 cessabit.

214 478 275 513 De
326 477 397 512 lzac
447 484 572 512 autem
607 476 690 524 ficu
734 477 801 511 sub
858 476 934 511 alia
979 477 1103 525 specie
1161 477 1519 526 interpretacionem

181 534 386 583 5fecimus
432 534 536 582 apud
587 534 769 569 [Warcum
816 534 1034 569 estimantes
1078 534 1212 583 ubique
1254 535 1356 583 quod
1388 547 1520 570 verum

213 600 280 637 est,
314 604 386 628 non
419 591 666 641 affirmantes
699 599 738 626 ut
768 593 976 627 secundum
1011 592 1081 627 lzoc
1113 593 1214 640 quod
1247 593 1368 628 visum
1392 592 1521 640 fuerit

213 649 409 697 unicuique
441 650 512 685 lzoc
538 649 689 697 probet.

269 707 388 743 Amen
423 707 506 743 dico
530 707 635 742 vobis
669 713 738 742 etc.
771 707 848 742 Res
881 707 993 741 dubia
1016 719 1169 755 semper
1191 707 1296 755 facit
1328 707 1518 743 hominem
1553 724 1658 751 Doubt
1680 724 1784 752 makes

212 765 485 815 negligentem.
540 765 640 800 Nam
673 765 775 812 quod
824 764 904 800 sine
952 764 1064 799 dubio
1109 765 1215 801 nobis
1253 765 1522 816 cognoscimus
1554 759 1784 786 menoareless.

159 836 195 856 10
213 830 413 858 venturum
430 834 522 869 esse,
539 823 590 857 ad
612 834 693 857 eam
718 835 798 858 rem
819 829 964 858 nosmet
985 822 1088 871 ipsos
1111 823 1413 872 magnanimiter
1435 836 1521 859 con-

213 880 430 927 fortamus.
483 880 542 915 Ne
573 892 669 930 ergo
702 880 899 915 audientes
931 880 1098 928 apostoli
1127 888 1274 916 certum
1302 881 1519 930 periculum

203 950 278 986 pro
310 938 454 973 incerto
481 938 688 986 suscipiant
710 945 745 973 et
774 937 987 973 dubitantes
1020 939 1066 973 de
1087 938 1166 974 eius
1187 939 1354 974 adventu
1385 946 1520 975 semet-

208 995 309 1043 ipsos
353 995 387 1030 in
427 995 669 1046 negligencia
696 1002 855 1044 ponant⁷
903 995 986 1031 ideo
1017 1008 1234 1032 sermonem
1268 1009 1377 1032 suum
1411 997 1517 1032 iura-

208 1061 332 1088 mento
365 1053 599 1102 confirmans
641 1053 713 1088 ait:
756 1052 877 1089 Amen
918 1053 1002 1088 dico
1042 1053 1166 1098 vobis;
1217 1067 1289 1090 non
1340 1054 1519 1090 transibit

155 1115 191 1146 15
206 1111 413 1160 generacio
446 1111 526 1153 hec,
560 1112 677 1147 a'onec
710 1111 836 1146 onmia
857 1110 972 1160 fiant.
1025 1111 1123 1154 Quia
1157 1119 1291 1147 contra
1331 1125 1515 1162 magnum

201 1169 417 1217 periculum
452 1181 596 1219 magna
625 1169 861 1217 preparacio
901 1175 956 1204 est
988 1169 1219 1216 necessaria,
1272 1183 1416 1220 magna
1450 1183 1515 1206 au-

207 1233 279 1261 tem
308 1226 546 1275 preparacio
586 1226 780 1262 assiduam
815 1226 1131 1262 ammonicionem
1166 1227 1328 1275 requirit
1360 1235 1395 1263 et
1426 1240 1515 1264 cau-

209 1291 298 1319 tam.
334 1284 388 1319 Et
417 1284 611 1320 sciendum
645 1292 701 1320 est
730 1285 832 1333 quod
864 1296 936 1319 non
970 1284 1067 1319 illua'
1101 1285 1181 1320 uult
1218 1284 1397 1322 Christus
1428 1298 1515 1335 apo-

208 1342 317 1378 stolis
348 1342 428 1377 suis
460 1342 674 1386 ostendere,
728 1342 813 1389 quia
860 1341 934 1377 iam
969 1341 1004 1377 in
1049 1343 1256 1378 continenti
1282 1343 1428 1391 futura
1461 1351 1516 1379 est

150 1411 190 1432 20
208 1400 369 1435 tentacio
402 1400 481 1443 illa,
514 1400 583 1435 sed
612 1400 699 1448 quia
733 1399 886 1435 omnino
906 1400 1051 1448 futura
1085 1407 1152 1445 est,
1193 1412 1290 1450 ergo
1324 1414 1395 1437 non
1429 1402 1516 1437 illos

207 1457 377 1493 homines
401 1457 504 1504 dicit,
537 1457 601 1505 qui
622 1458 656 1493 in
681 1457 745 1493 illo
768 1464 943 1506 tempore
962 1458 1131 1506 fuerant
1164 1458 1244 1493 nati
1263 1459 1332 1494 sed
1352 1460 1514 1508 familia

205 1515 333 1564 gentis
365 1515 484 1564 ipsius
517 1522 583 1551 est.

268 1573 481 1608 Generacio
514 1573 604 1609 ista:
639 1573 677 1608 id
708 1581 774 1619 est7
808 1580 873 1608 aut
893 1573 1130 1621 saciencium
1165 1573 1262 1610 lianc
1295 1574 1514 1623 temptacio—

205 1642 287 1666 nem
321 1638 386 1665 aut
412 1631 649 1679 paciencium
685 1638 750 1666 aut
776 1639 1025 1680 peccatorum
1059 1631 1254 1667 hominum
1288 1639 1353 1667 aut
1386 1632 1514 1668 a'enzo-

151 1690 293 1723 25nunz
327 1689 391 1736 qui
412 1695 622 1737 operantur
653 1689 689 1724 in
722 1689 795 1724 eis:
827 1689 929 1724 Nam
964 1689 1115 1737 utrique
1138 1702 1210 1725 non
1244 1690 1445 1726 cessabunt
1476 1691 1511 1725 in

202 1746 343 1793 seculo,
378 1747 496 1782 donec
518 1746 761 1782 consumacio
782 1746 872 1796 fiat,
918 1754 958 1781 ut
990 1747 1144 1782 dicatur
1175 1747 1271 1783 illis:
1314 1747 1513 1784 Discedite

204 1817 224 1838 a
258 1816 317 1839 me
369 1804 564 1840 maledicti
594 1804 629 1839 in
674 1805 802 1854 ignem
836 1811 1021 1850 eternum,
1074 1805 1140 1853 qui
1177 1812 1415 1854 preparatus
1458 1814 1512 1841 est

204 1861 355 1897 diaholo
400 1869 435 1897 et
477 1862 626 1912 angelis
678 1862 768 1897 eius.
823 1862 988 1897 Necesse
1034 1870 1088 1898 est
1128 1863 1224 1898 enim
1260 1870 1298 1898 ut
1328 1864 1512 1912 quamdiu

204 1919 309 1968 fides
340 1926 559 1968 temptetur,
605 1920 808 1968 temptacio
841 1927 1074 1957 reservetur.
1114 1920 1190 1955 Aut
1221 1928 1326 1956 certe
1357 1921 1510 1957 christi-

147 1979 189 2010 30
202 1989 364 2012 anorum
396 1977 692 2027 generacionem
726 1977 827 2023 dicit,
861 1977 901 2012 ia’
933 1985 1006 2013 est:
1055 1978 1268 2014 Generacio
1301 1979 1372 2015 ista
1406 1991 1509 2015 mor—

203 2034 291 2070 talis
322 2047 394 2070 non
428 2035 606 2071 transibit
643 2035 695 2070 ad
725 2035 1070 2082 immortalitatem,
1116 2036 1234 2072 donec
1265 2037 1333 2072 hec
1355 2037 1512 2084 fuerint

203 2100 441 2139 consumata,
475 2099 676 2141 inpostea
709 2093 942 2129 immortalis
975 2100 1010 2128 et
1041 2093 1290 2142 impassibilis
1312 2094 1401 2144 fiat.

265 2150 397 2185 Celum
430 2157 464 2185 et
487 2157 595 2186 terra
629 2157 696 2188 etc.
736 2151 836 2193 Quia
860 2151 981 2186 celum
1015 2158 1051 2186 et
1082 2158 1189 2187 terra
1214 2152 1265 2187 ad
1296 2152 1508 2188 misterium

204 2215 371 2243 vestrum
405 2215 537 2244 creata
560 2215 659 2253 sunt,
694 2209 810 2244 verba
842 2216 967 2244 autem
1000 2221 1068 2244 sua
1101 2210 1152 2244 ad
1182 2210 1508 2259 gubernacionem

147 2269 370 2302 351⁷estram
406 2266 586 2314 disposita
630 2273 730 2311 sunt,
782 2266 902 2301 celum
936 2273 971 2301 et
1002 2273 1111 2302 terra
1150 2267 1311 2302 vanitati
1340 2267 1507 2303 subiecta

201 2330 299 2368 sunt,
340 2323 485 2358 dicente
516 2323 719 2372 Apostolo:
778 2324 944 2359 Vanitati
985 2324 1081 2359 enim
1120 2332 1302 2360 creatura
1341 2325 1507 2361 subiecta

201 2387 266 2415 est.
307 2380 553 2416 Naturaliter
584 2388 710 2416 autem
756 2381 899 2417 veritas
942 2382 1058 2418 nescit
1102 2382 1257 2418 mentiri
1288 2395 1353 2418 nec
1381 2390 1508 2431 potest

200 2438 327 2486 aliquo
360 2439 473 2474 modo
498 2439 642 2487 perire.
677 2440 760 2475 Hec
794 2438 1079 2476 Crisostornus.

267 2664 292 2693 3.
316 2665 460 2693 Cessabil.
496 2666 528 2693 111
555 2670 636 2694 textu
658 2667 851 2703 Crysostomi
874 2672 1019 2694 secuntus
1041 2668 1112 2694 llaec
1135 2668 1240 2695 verba:
1276 2668 1351 2695 Nam
1368 2676 1425 2703 per
1443 2669 1504 2696 sin—

198 2700 273 2737 gula
294 2704 433 2736 tempora
452 2701 512 2728 alii
529 2701 697 2735 dormiunt,
718 2702 777 2729 alii
788 2705 887 2729 autem
908 2705 1084 2729 nascuntur.
1175 2701 1221 2737 37.
1238 2702 1335 2730 Cod.:
1357 2711 1412 2730 nec
1432 2711 1503 2730 non.

269 2806 320 2838 26.
347 2806 465 2838 Matth.
491 2808 594 2847 XXV,
620 2818 675 2847 41.
774 2808 825 2841 36.
852 2809 953 2839 Rom.
981 2808 1065 2848 VIII,
1095 2818 1145 2839 zo.

1304 2875 1370 2906 14⁷³
