1986 3289
177 191 252 235 184

185 599 283 627 Seven
305 597 420 632 objects

186 633 220 660 of
238 634 304 660 love
324 633 424 660 which

235 672 318 694 must
339 668 374 694 be

192 702 365 764 posffhomtd
387 706 416 729 to

299 745 340 764 r1s
356 757 363 763 .

209 1231 397 1266 Sophistical

219 1267 390 1301 objcction:

178 1578 308 1605 Adam's
328 1579 426 1606 father

195 1615 253 1640 and
276 1613 406 1640 mother.

200 2393 224 2413 2.
247 2385 323 2413 How
345 2395 400 2413 our

183 2421 249 2447 love
271 2426 300 2447 to
321 2421 424 2448 Christ

209 2455 318 2482 should
341 2461 397 2482 act.

780 196 897 228 opus
923 195 1258 227 EVANGELICUM
1287 196 1372 228 ΗΒ,
1399 196 1452 227 111.
1607 184 1714 238 [CAP.
1735 194 1768 221 L.

460 302 706 347 intraverint,
753 301 855 337 sicut
889 300 1035 337 dicitur
1067 300 1336 337 communiter
1369 302 1475 349 quod
1510 302 1632 337 homo
1664 301 1770 338 venit

460 362 509 396 ad
543 368 689 396 metam
736 360 796 395 vel
829 358 1003 395 hostiurn
1039 358 1244 404 exclusive,
1297 358 1389 394 licet
1428 358 1557 406 ipsum
1598 372 1680 395 non
1711 359 1770 395 in-

459 417 623 454 traverit
655 417 858 462 inclusive,
900 425 936 453 et
968 416 1024 452 sic
1057 429 1197 452 omnes
1231 416 1321 452 ficte
1361 416 1556 452 intrantes
1590 416 1770 453 christia-

458 475 632 511 nismum
667 483 703 511 et
744 487 824 511 non
857 483 1066 522 sequentes
1112 474 1151 510 in
1184 473 1363 510 moribus
1396 474 1602 510 dominum
1636 476 1768 511 Jesum

459 532 663 570 Christum
697 534 745 568 ad
780 540 930 568 sectam
966 532 1113 567 Christi
1147 531 1310 568 veniunt
1343 531 1550 568 exclusive.
1786 536 1802 568 5

517 592 683 627 Constat
727 599 860 626 autem
906 591 1015 637 quod
1049 590 1120 626 hec
1166 598 1318 637 septem
1365 601 1440 637 que
1473 589 1615 626 recitat
1654 602 1770 626 evan-

457 648 605 696 gelium
653 647 922 684 communitas
967 647 1174 683 hominum
1211 646 1424 683 carnaliter
1470 646 1595 695 magis
1628 647 1768 694 diligit,

457 715 499 742 ut
528 702 534 760 Ι
561 714 658 754 puta
704 715 856 753 patrem
892 713 928 741 et
962 714 1146 750 matrem,
1193 717 1356 741 uxorem
1397 713 1433 740 et
1467 704 1583 751 filios,
1629 705 1769 741 fratres
1813 696 1896 737 ‘423¹'

458 773 495 800 et
530 776 687 800 sorores
721 772 757 800 et
790 763 1025 799 omnimode
1057 762 1178 799 vitam
1214 775 1342 802 suam.
1396 764 1477 799 Nec
1510 771 1567 798 est
1601 762 1771 799 fideliter

458 821 680 858 estimabile
700 823 806 869 quod
831 820 1011 857 Christus
1043 820 1212 869 precipit
1244 820 1381 857 odium
1415 819 1584 856 istorum
1617 829 1769 868 septem
1791 835 1828 855 10

458 879 671 927 culpabile,
705 880 773 915 sed
796 878 1137 927 postposicionem
1172 891 1310 914 eorum
1345 878 1385 914 in
1419 890 1558 914 amore
1590 878 1630 914 in
1664 891 1770 914 com-

457 937 675 985 paracione
715 938 764 973 ad
798 935 1002 973 Christum
1038 945 1074 972 et
1104 937 1231 984 legem
1272 948 1397 973 suam.
1445 938 1493 972 Et
1525 935 1631 971 istud
1663 935 1772 984 prin-

459 995 607 1043 cipium
633 994 724 1030 fidei
758 994 969 1031 inclinaret
993 994 1230 1030 christianos
1263 995 1312 1030 ad
1347 993 1583 1041 martyrium
1617 1002 1654 1030 et
1687 1006 1771 1029 mo-

457 1062 564 1090 veret
613 1053 662 1089 ad
695 1053 771 1089 hoc
805 1053 913 1100 quod
959 1051 1074 1088 aliter
1118 1064 1199 1088 non
1246 1060 1377 1099 potest
1411 1051 1652 1088 christianus
1686 1064 1771 1088 esse

458 1109 604 1146 Christi
638 1109 871 1158 discipulus,
917 1118 959 1146 ut
1004 1122 1184 1157 expresse
1217 1109 1314 1146 dicit
1348 1108 1597 1157 evangelium
1632 1118 1668 1145 et
1700 1113 1827 1157 per15

457 1180 707 1216 consequens
739 1181 821 1204 non
853 1167 1010 1206 salvari.

514 1228 595 1262 Nec
627 1226 732 1263 valet
776 1225 973 1262 instancia
1019 1224 1289 1273 sophistarum
1336 1237 1414 1273 qua
1459 1233 1632 1272 arguunt
1665 1225 1772 1273 quod

456 1285 583 1320 Adam
610 1292 645 1320 et
668 1286 748 1320 Eva
768 1297 848 1320 non
872 1291 1040 1331 possunt
1063 1282 1175 1319 odire
1207 1291 1363 1330 patrem
1387 1295 1501 1319 suum
1527 1291 1564 1318 et
1589 1291 1771 1321 matrem.

457 1341 571 1377 Multi
607 1341 733 1378 eciam
777 1350 959 1389 tempore
1004 1340 1100 1389 legis
1134 1340 1266 1388 gracie
1314 1353 1394 1377 non
1428 1341 1575 1377 habent
1608 1352 1769 1376 uxorem

458 1408 494 1435 et
528 1399 643 1445 filios,
679 1399 781 1435 sicut
816 1399 928 1435 multi
963 1411 1043 1435 non
1076 1399 1224 1434 habent
1256 1398 1399 1435 fratres
1432 1407 1469 1435 et
1501 1410 1673 1435 sorores.
1707 1398 1772 1434 Vi-
1788 1413 1829 1434 20

457 1458 573 1493 detur
613 1457 835 1507 (inquiunt)
873 1458 980 1505 quod
1014 1456 1111 1492 nulli
1143 1457 1241 1492 tales
1288 1466 1455 1504 possunt
1500 1468 1584 1492 esse
1625 1456 1771 1492 Christi

460 1514 647 1563 discipuli
682 1523 718 1551 et
751 1527 823 1563 per
856 1526 1104 1562 consequens
1137 1526 1218 1550 non
1251 1514 1408 1550 salvari.

515 1574 591 1608 Sed
648 1581 844 1620 quantum
897 1574 947 1609 ad
991 1572 1167 1620 primum
1220 1571 1421 1608 obiectum
1468 1571 1614 1608 dicitur
1666 1572 1772 1619 quod

457 1630 638 1666 Christus
663 1630 842 1679 loquitur
863 1643 935 1678 pro
967 1639 1147 1678 tempore
1170 1629 1267 1677 legis
1291 1629 1435 1678 gracie,
1468 1642 1605 1677 ymmo
1637 1638 1773 1676 proto-

458 1687 575 1736 plasti
609 1687 799 1724 odierunt
832 1697 979 1724 terram
1005 1689 1053 1724 ad
1077 1699 1236 1724 sensum
1261 1687 1482 1735 expositum
1517 1696 1554 1723 et
1587 1687 1771 1723 virtutem
1789 1692 1828 1724 25

458 1745 692 1794 gignitivam
718 1745 758 1781 in
792 1745 899 1793 ipsis,
935 1754 972 1782 et
1004 1745 1091 1793 ipsa
1125 1754 1291 1793 possunt
1324 1745 1400 1781 dici
1425 1753 1538 1793 pater
1570 1753 1607 1781 et
1632 1753 1771 1781 mater.

514 1806 561 1839 Et
610 1812 805 1852 quantum
846 1804 895 1840 ad
941 1804 1161 1839 secundum
1203 1803 1420 1848 obiectum,
1467 1802 1613 1839 dicitur
1666 1803 1771 1850 quod

458 1873 576 1897 nemo
625 1870 682 1897 est
716 1861 783 1909 qui
818 1874 900 1897 non
933 1873 1023 1897 cum
1059 1873 1177 1897 carne
1211 1860 1376 1909 propria
1410 1870 1446 1896 et
1478 1860 1558 1896 suis
1592 1860 1773 1908 partibus

456 1919 717 1966 coniugatur3
772 1928 808 1955 et
851 1920 900 1955 ad
934 1918 1053 1954 istum
1099 1931 1257 1955 sensum
1294 1918 1460 1967 quilibet
1500 1919 1621 1954 homo
1656 1919 1774 1954 habet

456 1989 617 2013 uxorem
654 1986 691 2013 et
725 1976 841 2012 filios.
1791 1982 1832 2013 30

514 2037 561 2070 Et
597 2044 793 2082 quantum
829 2035 880 2070 ad
904 2033 1074 2070 tercium
1109 2034 1325 2080 obiectum,
1360 2042 1469 2082 patet
1502 2034 1608 2082 quod
1644 2042 1774 2069 exten-

457 2093 586 2128 dendo
611 2101 769 2140 tempus
803 2101 845 2127 ut
879 2091 1032 2128 faciunt
1056 2091 1206 2136 fideles,
1242 2092 1509 2127 concedentes
1532 2093 1638 2139 quod
1669 2091 1774 2138 apud

456 2152 583 2185 Deum
609 2149 747 2186 omnia
781 2158 874 2186 sunt
907 2149 1127 2197 presencia,
1166 2149 1301 2185 omnis
1335 2150 1456 2185 homo
1483 2150 1602 2185 habet
1634 2149 1775 2185 fratres

455 2216 491 2243 et
526 2220 704 2253 sorores3
759 2217 796 2244 et
842 2220 931 2243 cum
973 2208 1021 2244 de
1067 2207 1146 2244 vita
1195 2207 1345 2243 carnali
1392 2219 1472 2243 non
1512 2206 1560 2242 sit
1594 2206 1775 2251 dubium,

457 2274 567 2313 patet
602 2265 709 2301 fideli
755 2266 959 2313 quomodo
993 2264 1161 2313 quilibet
1209 2264 1451 2301 christianus
1491 2265 1607 2301 debet
1640 2263 1776 2300 omnia
1794 2269 1832 2302 35

455 2323 533 2359 ista
567 2332 718 2371 septem
755 2322 915 2359 Christo
948 2331 1193 2371 postponere
1227 2322 1267 2358 in
1300 2334 1449 2361 amore.

514 2382 703 2417 Secunda
737 2380 969 2428 proposicio
1018 2380 1135 2417 huius
1184 2380 1377 2428 evangelii
1411 2379 1591 2428 sequitur
1633 2379 1672 2415 in
1705 2380 1776 2415 hec

454 2440 594 2475 verba:
629 2439 681 2474 Et
713 2439 875 2487 quinon
907 2438 1051 2474 baiulat
1073 2451 1225 2474 crucem
1258 2451 1366 2474 suam
1401 2445 1435 2474 et
1458 2438 1557 2474 venit
1583 2445 1672 2487 post
1705 2449 1776 2481 me,

455 2508 528 2531 non
564 2503 691 2545 potest
741 2508 847 2532 meus
891 2508 972 2532 esse
1012 2496 1233 2545 discipulus,
1280 2495 1347 2537 ubi
1392 2496 1570 2532 secundo
1610 2496 1776 2531 docetur

524 2660 551 2686 ξ).
574 2654 618 2678 A:
640 2655 667 2679 et
689 2660 814 2679 uxores.
914 2661 946 2679 ir.
970 2653 1012 2679 A:
1040 2653 1069 2679 in
1091 2653 1164 2679 aller
1185 2661 1291 2680 eorum
1312 2653 1405 2680 deest.
1494 2661 1532 2683 ιτ.
1557 2653 1582 2679 Λ
1604 2652 1632 2679 iu
1657 2660 1769 2686 marg..-

455 2687 609 2714 Obieccio.
688 2688 725 2714 18.
743 2689 785 2714 A:
809 2690 935 2714 malrem
955 2695 1054 2713 sumn.
1129 2687 1171 2714 23.
1193 2689 1220 2714 A
1237 2689 1264 2714 in
1283 2696 1368 2722 marg
1391 2698 1395 2714 :
1418 2687 1596 2722 Respons-m.
1665 2687 1711 2713 26.
1727 2689 1771 2713 A:

453 2722 535 2747 dscil.
630 2720 672 2756 37.
696 2723 722 2748 A
744 2723 771 2748 in
796 2730 909 2756 marga
932 2721 1078 2749 Secunda
1095 2723 1286 2756 proposlcio.

524 2803 575 2835 38.
605 2804 717 2834 Lucae
744 2805 831 2843 XlV,
859 2814 912 2845 27.
