1986 3289
706 191 824 222 OPUS
851 191 1186 222 EVANGELICUM
1217 190 1299 221 Llss.
1327 190 1380 221 ΙΙΙ.
1475 178 1581 232 [CAP.
1602 187 1695 216 XXII.

385 305 682 335 coronarentur.
736 297 838 332 Ecce
888 297 922 333 si
972 303 1028 332 est
1078 296 1190 332 homo
1242 297 1385 333 liabens
1436 297 1701 345 benefaciendi

382 356 644 406 propositum,
698 362 801 391 certe
853 355 992 390 iustum
1046 362 1102 390 est
1155 362 1193 390 ut
1245 355 1352 390 Deus
1380 350 1384 407 Ι
1408 355 1617 404 provideat
1668 355 1702 391 ei
1736 350 1820 392 4¹2d

384 414 600 451 occasiones
618 425 694 462 per
711 425 804 461 quas
815 412 946 461 faciat
960 413 1069 448 bona.
1099 412 1146 447 Ut
1167 412 1259 462 quid
1275 413 1435 462 pinguis
1456 420 1564 449 terra
1579 413 1701 449 iaceat

383 474 464 508 sine
484 471 659 519 fructu?
692 471 755 506 Sic
787 471 926 506 iustum
960 477 1016 506 est
1048 477 1088 505 ut
1121 470 1267 506 homini
1297 471 1439 506 malam
1464 471 1699 507 voluntatem

384 529 538 565 habenti
578 528 788 577 provideat
832 540 969 564 causas
1004 540 1078 576 per
1121 540 1215 576 quas
1249 528 1355 576 facit
1393 529 1511 575 mala,
1556 529 1734 565 dicente5

385 588 612 623 Salomone:
643 586 704 622 Ad
730 599 880 635 pravos
907 598 1057 634 pravas
1080 586 1161 622 vias
1189 587 1332 622 emittet
1354 585 1556 623 Dominus.
1596 587 1703 623 Unde

386 645 519 681 David
551 651 671 694 rogat
704 644 852 680 dicens.-
892 644 998 679 Viam
1032 643 1240 692 iniquitatis
1272 656 1408 680 amove
1438 657 1460 679 a
1493 656 1565 680 me.
1599 645 1701 680 Nam

387 711 421 739 et
443 703 489 738 de
521 702 711 738 benevolis
738 702 832 737 alibi
857 702 1051 751 propheta
1083 701 1138 737 sic
1171 702 1281 738 dicit:
1320 703 1418 746 Quia
1442 715 1514 738 non
1548 702 1703 738 dimittit

387 761 541 811 virgam
589 767 842 809 peccatorum
899 772 1019 808 super
1073 767 1217 795 sortem
1272 760 1475 806 iustorum,
1532 768 1572 796 ut
1629 773 1702 797 non

387 819 598 855 extendant
641 818 731 854 iusti
773 818 825 853 ad
868 817 1101 866 iniquitatem
1148 830 1284 853 manus
1315 831 1418 865 suas,
1457 819 1497 854 id
1528 826 1596 865 est,
1630 831 1702 855 non
1722 823 1766 852 10'

388 877 454 912 dat
482 883 713 926 potestatem
749 875 973 912 demonibus
1003 887 1123 924 super
1152 876 1285 922 iustos,
1318 888 1362 912 ne
1384 877 1536 925 quando
1568 884 1704 913 contra

389 935 623 970 voluntatem
668 946 778 970 suam
823 934 967 969 malum
1002 934 1145 982 facere
1195 934 1479 984 compellantur
1521 934 1568 970 ab
1612 934 1702 970 illis.

388 993 449 1028 De
480 992 593 1028 malis
624 999 750 1027 autem
783 992 837 1027 sic
876 991 986 1028 dicit:
1030 991 1169 1027 Statim
1218 992 1452 1028 declinantes
1494 1000 1621 1029 autem
1654 993 1706 1028 ad

387 1050 683 1099 suffocacionem
699 1050 865 1085 adducet
878 1049 1071 1086 Dominus
1086 1061 1169 1085 cum
1187 1050 1434 1099 operantibus
1456 1050 1705 1099 iniquitatem,

389 1109 428 1144 id
460 1115 527 1152 est,
561 1108 625 1157 qui
656 1108 869 1144 declinatus
901 1114 955 1144 est
987 1108 1039 1143 ad
1082 1108 1406 1156 malefaciendum
1444 1109 1565 1144 sociat
1596 1108 1704 1144 illum
1726 1109 1763 1141 15

389 1179 473 1203 cum
508 1166 755 1215 operantibus
786 1166 905 1213 mala,
950 1173 989 1201 ut
1028 1173 1137 1215 puta,
1184 1166 1327 1202 volenti
1363 1166 1431 1202 tibi
1461 1167 1707 1218 elemosynas

380 1225 525 1273 facere
538 1224 709 1260 occurrit
723 1231 811 1260 ante
816 1224 966 1272 faciem
982 1231 1086 1259 tuam
1116 1224 1291 1273 captivus
1311 1231 1378 1260 aut
1402 1225 1573 1260 desolata
1591 1224 1706 1261 vidua

390 1290 456 1318 aut
499 1282 732 1318 miserabilis
779 1282 992 1331 orphanus,
1036 1294 1109 1318 non
1155 1290 1302 1318 tantum
1347 1289 1383 1318 te
1422 1282 1523 1318 misit
1554 1283 1606 1318 ad
1637 1282 1707 1319 uti-

392 1341 537 1376 litatem
562 1340 666 1376 illius
689 1347 871 1388 quantum
895 1340 1003 1376 illum
1026 1340 1242 1376 transmisit
1273 1341 1325 1375 ad
1354 1340 1554 1376 utilitatem
1588 1347 1706 1387 tuam⁷

392 1399 431 1434 id
474 1406 541 1445 est,
587 1411 659 1434 non
711 1405 859 1434 tantum
908 1399 1080 1447 prestitit
1117 1398 1177 1433 illi
1202 1410 1278 1447 per
1321 1406 1367 1444 te,
1414 1406 1593 1447 quantum
1632 1410 1708 1447 per
1724 1409 1766 1430 20

392 1457 500 1492 illum
534 1456 610 1492 tibi.
657 1456 758 1491 Nam
797 1457 899 1504 quod
925 1469 1001 1505 per
1031 1464 1067 1492 te
1105 1456 1163 1491 illi
1188 1456 1373 1505 prestitit,
1407 1457 1622 1506 temporale
1654 1464 1709 1492 est

391 1522 426 1550 et
449 1522 667 1558 terrenum;
689 1515 791 1562 quod
813 1522 939 1550 autem
963 1514 1031 1550 tibi
1045 1514 1216 1563 prestitit
1233 1526 1307 1563 per
1329 1514 1451 1561 illum,
1476 1522 1707 1563 perpetuum

394 1580 450 1608 est
481 1579 515 1607 et
538 1572 685 1608 celeste.
721 1572 802 1608 Nec
819 1580 933 1621 putes
955 1575 1040 1620 quia
1059 1580 1226 1621 propter
1258 1572 1459 1608 utilitatem
1489 1584 1707 1622 pauperum

392 1631 500 1666 Deus
524 1630 680 1665 divitem
694 1630 809 1678 fecit,
831 1642 927 1679 quos
949 1638 983 1666 et
1005 1631 1086 1666 sine
1108 1630 1288 1666 divitibus
1305 1637 1464 1679 poterat
1478 1637 1708 1677 sustentare,

392 1690 460 1725 sed
522 1695 691 1737 propter
756 1688 959 1724 utilitatem
1023 1688 1182 1724 divitum
1240 1700 1436 1737 pauperes
1485 1688 1587 1737 fecit
1645 1688 1764 1738 qui25

396 1746 634 1794 infructuosi
676 1753 711 1782 et
754 1746 908 1782 steriles
953 1754 1064 1782 erant
1097 1746 1246 1794 futuri,
1287 1746 1361 1782 nisi
1384 1758 1581 1795 pauperes
1601 1746 1711 1795 facti

120 1808 189 1836 God
212 1809 237 1835 is
257 1808 318 1843 just
337 1807 367 1834 in
352 1804 572 1868 hfuissent.
618 1804 662 1839 Sz
701 1816 799 1854 ergo
844 1805 1071 1853 benefacere
1103 1804 1316 1840 volentibus
1347 1805 1499 1852 quando
1528 1804 1710 1853 providet

121 1843 225 1878 giving
244 1848 275 1870 to
296 1842 369 1869 each

126 1887 208 1911 man,
228 1877 309 1912 good
331 1884 366 1904 or

170 1900 239 1947 bid,
261 1913 307 1939 his

138 1935 352 1983 opportunity.

393 1874 532 1899 causas
568 1861 846 1909 benefaciendi
881 1863 1001 1898 iustus
1043 1869 1098 1898 est
1120 1861 1240 1908 Deus,
1275 1862 1356 1898 sine
1399 1862 1511 1898 dubio
1557 1863 1709 1911 quando

394 1928 430 1956 et
462 1920 700 1968 malefacere
740 1921 897 1968 paratis
930 1920 1205 1968 malefaciendi
1235 1921 1420 1969 providet
1452 1933 1603 1966 causas,
1638 1932 1710 1955 non

395 1985 451 2015 est
473 1978 634 2014 iniustus
656 1978 774 2014 Deus.
800 1978 906 2014 Sicut
930 1979 1026 2014 enim
1051 1979 1170 2014 bonus
1199 1986 1318 2028 rogat
1346 1990 1391 2014 ne
1414 1978 1449 2013 in
1473 1978 1709 2014 occasionem
1728 1978 1770 2010 30

390 2036 581 2086 peccandi
610 2037 798 2082 incurrat,
847 2036 995 2072 dicens:
1034 2037 1141 2072 Viam
1172 2036 1382 2085 iniquitatis
1411 2048 1548 2072 amove
1585 2049 1607 2072 a
1640 2048 1712 2083 me,

395 2095 449 2130 sic
481 2102 517 2129 et
548 2095 674 2130 malus
706 2101 815 2143 optat
858 2102 897 2129 ut
941 2094 1108 2130 inveniat
1146 2095 1384 2130 occasionem
1418 2094 1598 2139 nocendi;
1628 2094 1712 2130 ideo

397 2152 487 2188 dicit
508 2152 722 2188 Dominus:
752 2152 855 2188 Ecce
886 2164 958 2202 ego
992 2152 1100 2188 mitto
1133 2153 1184 2187 ad
1216 2164 1283 2188 vos
1309 2152 1525 2216 prophetas
1556 2159 1640 2199 etc.,
1673 2159 1713 2187 ut

397 2210 523 2246 veniat
544 2222 662 2258 super
685 2222 752 2246 vos
775 2210 897 2246 omnis
928 2223 996 2246 san
1000 2222 1089 2260 crzns
1111 2210 1231 2245 iustus
1263 2210 1327 2258 qui
1348 2211 1489 2258 fftsus
1521 2217 1576 2246 est
1597 2222 1714 2258 super

397 2275 559 2303 terram.
606 2268 722 2318 Ergo
756 2269 863 2304 Deus
908 2268 1145 2304 occasionem
1186 2268 1371 2317 providet
1397 2268 1616 2317 peccandi?
1646 2268 1715 2303 sed
1730 2265 1769 2298 33

397 2338 470 2362 non
504 2333 544 2361 ut
571 2338 737 2375 peccare
758 2326 889 2375 saciat
920 2327 989 2362 sed
1036 2333 1075 2361 ut
1102 2333 1347 2375 peccatorem
1382 2327 1568 2362 ostendat.
1612 2325 1714 2361 Ecce

398 2384 495 2419 enim
528 2384 562 2420 si
592 2391 631 2419 tu
664 2384 846 2420 viciosum
885 2396 1040 2420 servum
1075 2396 1280 2433 compares
1319 2392 1354 2420 et
1385 2384 1555 2420 volueris
1586 2395 1714 2420 mores

398 2454 487 2477 suos
517 2442 630 2489 scire,
663 2454 785 2478 nonne
811 2454 933 2491 pones
966 2450 1053 2478 ante
1085 2442 1192 2477 illum
1225 2442 1421 2478 sacculum
1462 2454 1546 2477 cum
1578 2441 1713 2477 solidis

471 2633 507 2660 13.
529 2636 571 2661 A:
595 2637 697 2660 autem
717 2634 812 2661 deest.
922 2643 964 2667 14.
986 2636 1029 2661 A:
1053 2635 1203 2662 Dominus
1223 2634 1317 2660 deest.
1422 2641 1460 2660 21.
1482 2634 1527 2660 A:
1549 2633 1598 2660 illi
1615 2633 1711 2660 deest.

401 2667 445 2695 28.
465 2669 510 2695 A:
531 2671 559 2695 et
580 2676 702 2695 causas.
793 2677 838 2703 29.
862 2670 905 2696 A:
928 2672 957 2696 et
978 2669 1071 2696 deest.
1163 2668 1206 2695 ’58-
1229 2669 1271 2695 A:
1293 2675 1423 2695 saccum.

406 2813 420 2841 3
472 2766 658 2843 γέΧΡῧεῙιΙΙῗη.
687 2765 834 2806 CXVIII,
863 2776 915 2809 29.
1020 2765 1051 2797 8.
1080 2766 1206 2797 Psalm.
1234 2765 1381 2805 CXXIV,
1410 2766 1439 2798 3.
1532 2764 1581 2796 13.
1609 2763 1654 2795 ib.
1683 2763 1713 2796 5.

406 2840 414 2843 μ
433 2822 457 2842 1.
630 2840 637 2851 ‚
666 2822 717 2854 20.
