1986 3289
213 243 303 270 CAP.
324 233 422 286 xm]
588 246 646 276 DE
676 244 988 276 AN‘sifflffisTo
1018 245 1102 275 riu.
1130 246 1151 275 1.

272 352 319 386 Et
363 350 468 386 idem
514 350 671 386 videtur
716 351 763 386 de
809 350 1004 398 episcopis
1051 350 1211 387 cesariis
1244 351 1525 397 senciendum;

213 421 306 444 nam
361 417 557 456 quantum
611 410 661 444 ad
713 417 1007 444 sacramentum
1064 408 1389 445 confirmacionis
1435 422 1523 445 cum

212 474 464 502 sacramento
517 465 668 502 ordinis
721 475 757 502 et
790 466 1115 502 benediccionem
1171 466 1381 512 crismatis,
1436 480 1524 503 cum

212 523 389 560 ecclesiis
423 523 656 560 dedicandis
690 532 726 560 et
756 524 870 560 factis
893 524 1089 560 similibus
1114 537 1189 572 que
1213 524 1528 572 appropriantur

178 574 423 629 5episcopis,
455 581 612 618 videtur
656 583 763 630 quod
798 581 979 618 Christus
1012 582 1400 630 perpendiculariter
1432 582 1527 618 resi-

212 640 307 675 dens
341 639 381 675 in
415 639 507 676 celis
541 651 658 687 super
691 639 816 676 iustos
850 642 1105 687 presbyteros
1139 641 1252 676 daret
1284 640 1360 676 illis
1394 649 1525 688 potes-

211 706 334 733 tatem
378 697 549 733 faciendi
581 698 689 743 talia,
736 698 957 734 dummodo
996 698 1073 734 sint
1105 698 1330 734 necessaria
1363 698 1526 734 ecclesie

212 754 412 794 militanti.
461 754 642 791 Christus
688 754 791 791 enim
838 756 1040 803 exemplar
1086 756 1214 792 tocius
1249 755 1413 792 ecclesie
1446 769 1525 792 non

212 812 285 848 fuit
315 825 485 860 persona
508 825 578 849 sua
608 812 742 849 taliter
773 813 1034 850 confirmatus
1066 826 1138 849 nec
1167 813 1207 849 in
1231 813 1431 861 baptismo
1455 827 1525 850 suo

157 886 195 906 10
212 869 357 906 crisma
391 870 620 907 huiusmodi
666 872 733 907 sed
767 883 912 919 aquam
949 871 1172 919 simplicem
1213 871 1422 919 exquisivit
1453 884 1525 908 nec

211 927 266 964 sic
319 928 515 965 dedicavit
556 929 757 974 ecelesias,
811 930 878 965 sed
933 928 1110 977 episcopi
1164 930 1239 966 hoc
1278 928 1442 977 capiunt
1481 942 1525 966 ex

210 985 401 1033 singulari
446 998 566 1034 opere
613 986 855 1033 Salomonis,
902 995 939 1023 et
971 986 1026 1023 sic
1061 987 1322 1024 difficultatur
1356 987 1523 1023 ecclesia

210 1042 427 1080 infideliter
459 1052 624 1093 propter
656 1044 1065 1092 solempnizacionem
1099 1045 1189 1081 talis
1222 1044 1522 1081 consuetudinis

208 1100 449 1138 introducte.

156 1210 191 1243 15
706 1215 844 1256 CAP.
879 1215 1012 1255 XIV.

1764 251 1815 284 40

266 1309 461 1354 Quintum
494 1311 549 1346 Ve
581 1310 762 1358 sequitur
794 1310 833 1346 in
868 1312 941 1346 hac
974 1311 1123 1348 forma:
1176 1312 1226 1346 Ve
1259 1311 1363 1346 vobis
1394 1311 1520 1347 scribe
1569 1317 1652 1344 Fisth
1675 1316 1764 1345 Woe.

207 1374 242 1402 et
268 1367 444 1416 pharisei
467 1368 654 1420 ypocrite
685 1369 749 1417 qui
780 1368 977 1404 decimatis
1011 1376 1176 1405 mentam
1212 1376 1246 1404 et
1277 1370 1455 1404 anethum
1489 1377 1524 1405 et

207 1425 385 1461 ciminum
419 1433 454 1461 et
486 1426 700 1475 relinquitis
732 1438 802 1474 que
832 1427 1024 1476 graviora
1064 1434 1150 1462 sunt
1183 1427 1294 1476 legis,
1328 1427 1520 1471 iudicium,

208 1483 515 1519 n-n'sericordiam
549 1492 583 1519 et
603 1484 740 1533 fidem.
788 1484 872 1519 Hec
904 1485 1075 1533 oportuit
1096 1485 1240 1533 facere
1284 1491 1319 1520 et
1351 1485 1419 1520 illa
1449 1497 1520 1520 non

86 1548 169 1588 409ὓ
208 1540 396 1578 omittere.
446 1541 751 1589 Exposicionem
798 1550 929 1577 autem
960 1539 964 1591 Ι
994 1543 1110 1578 huius
1154 1550 1281 1578 textus
1322 1542 1519 1578 Crisosto-

1559 1534 1781 1571 Clirysostom:

1552 1569 1600 1597 To
1621 1571 1695 1597 lithe
1716 1579 1787 1607 may

209 1611 294 1634 mus
328 1598 468 1635 diffuse
512 1599 778 1648 prosequitur.
830 1599 1035 1646 Quoniam,
1097 1599 1238 1648 inquit,
1301 1600 1519 1636 scribarum
1536 1604 1570 1631 be
1591 1604 1730 1644 eitherto
1752 1614 1810 1642 pay

207 1663 242 1691 et
298 1657 573 1705 phariseorum
630 1658 681 1693 ad
739 1669 831 1705 quos
892 1658 1119 1706 loquebatur
1182 1658 1336 1706 quidam
1411 1666 1522 1694 erant

205 1715 439 1758 sacerdotes,
501 1715 655 1763 quidam
707 1722 832 1750 autem
888 1716 1112 1764 populares,
1170 1728 1241 1751 non
1286 1723 1341 1751 est
1391 1716 1517 1752 incon-

205 1783 350 1821 gruum
375 1780 414 1808 ut
438 1773 608 1822 duplices
639 1773 750 1808 liuius
774 1773 849 1809 loci
867 1773 1069 1821 faciamus
1092 1773 1338 1816 tradiciones,
1373 1781 1412 1808 ut
1445 1786 1518 1808 una

151 1838 190 1870 25
207 1830 356 1876 quidem
385 1830 579 1879 pertineat
622 1832 674 1866 ad
700 1831 915 1879 populares
946 1831 1012 1880 qui
1043 1831 1211 1866 decimas
1244 1832 1348 1876 dant,
1394 1832 1518 1867 altera

206 1894 329 1923 autem
364 1889 415 1923 ad
445 1889 666 1924 sacerdotes
709 1889 773 1936 qui
805 1889 971 1924 decimas
1003 1889 1204 1937 accipizmt.
1254 1889 1407 1924 Etenim
1440 1889 1519 1937 ipse

205 1955 332 1981 sermo
379 1946 514 1981 dubius
560 1953 615 1981 est
656 1947 721 1995 qui
762 1946 923 1982 dicitur:
976 1947 1024 1982 Ve
1069 1946 1173 1982 vobis
1211 1947 1275 1994 qui
1306 1947 1516 1982 decimatis.

206 2002 307 2038 Nam
352 2010 386 2038 et
433 2004 497 2052 qui
540 2004 678 2052 accipit
723 2004 889 2040 decimas
937 2011 1040 2040 recte
1073 2004 1266 2039 decimare
1299 2004 1452 2040 videtur
1482 2012 1517 2040 et

1577 1647 1613 1666 01·
1634 1648 1759 1668 receive.

205 2061 269 2107 qui
300 2061 377 2096 dat.
412 2061 545 2097 Scribe
576 2073 673 2111 ergo
706 2069 741 2097 et
759 2062 935 2111 pharisei
961 2062 1196 2097 minutorum
1234 2062 1381 2097 olerum
1416 2062 1515 2097 deci-
1542 2066 1789 2134 {aiiiiliiiliieissedss

149 2117 288 2154 30mas
331 2119 485 2165 dabant,
530 2127 569 2154 ut
607 2132 682 2168 per
726 2119 796 2154 hoc
841 2120 1009 2155 videntes
1054 2132 1117 2155 eos
1161 2120 1330 2155 dicerent
1363 2132 1672 2174 omnes-U-jflestto
1693 2144 1807 2172 appear

204 2176 323 2211 Putas
355 2177 544 2224 quomodo
568 2177 732 2213 omnium
764 2189 894 2212 rerum
919 2189 1077 2212 suarum
1103 2177 1271 2213 decimas
1302 2179 1420 2226 offere
1441 2190 1514 2213 non
1632 2175 1702 2204 Just.

198 2234 502 2281 pretermittunt,
547 2241 587 2269 ut
631 2235 748 2270 eciam
784 2235 1120 2283 contemptibilium
1154 2235 1301 2270 olerum
1348 2236 1515 2271 decimas

206 2291 301 2326 dare
345 2304 416 2327 non
462 2292 679 2342 negligant.
727 2293 846 2328 Putas
898 2293 1086 2340 quomodo
1139 2293 1346 2328 secundum
1387 2293 1513 2328 omnia

199 2356 385 2397 precepta
431 2350 507 2385 vita
540 2362 671 2386 eorum
718 2358 771 2385 est
803 2357 1078 2392 consummata,
1118 2358 1157 2385 ut
1189 2362 1255 2386 nec
1287 2351 1322 2385 in
1356 2351 1516 2386 modicis

149 2404 188 2437 35
205 2407 262 2442 his
295 2407 498 2456 negligere
529 2408 808 2455 adquiescant?
859 2408 971 2451 Quod
1003 2420 1075 2443 non
1108 2415 1194 2443 erat
1233 2420 1388 2452 verunz;
1427 2421 1513 2443 nam

274 2623 293 2642 1.
314 2616 343 2642 A
362 2615 392 2642 in
414 2623 527 2651 marg:
549 2624 573 2643 c.
665 2625 689 2651 7.
712 2618 754 2643 A:
777 2624 842 2643 cum
862 2616 932 2643 sint.
1021 2623 1062 2650 ις).
1083 2618 1126 2643 Α;
1149 2619 1281 2651 oportet.
1372 2624 1410 2643 21.
1432 2617 1460 2643 A
1481 2617 1511 2643 in

204 2657 318 2682 marg:
343 2650 559 2677 Crisostomus.
657 2650 700 2678 28.
730 2651 766 2677 B:
789 2651 946 2678 decimare
964 2650 1089 2678 dicitur.
1188 2659 1234 2685 29.
1257 2651 1294 2677 ss:
1317 2651 1512 2677 inimicorum

204 2684 346 2711 omnium.
425 2684 470 2711 28.
491 2686 520 2711 A
539 2685 569 2712 in
592 2693 707 2720 marg:
731 2686 906 2712 Decimacio
927 2685 1049 2720 duplex.
1146 2683 1192 2712 30.
1214 2686 1250 2712 13:
1274 2685 1379 2712 dicere
1399 2693 1510 2712 omnes.

204 2718 245 2746 32.
267 2720 311 2746 A:
333 2727 393 2746 non
410 2720 612 2754 perinitlzmt;
633 2721 674 2747 A:
697 2723 741 2747 est
762 2723 807 2753 et‚·
827 2720 867 2747 ib.
890 2720 921 2746 Β.
944 2720 1193 2755 contemptibilia.

280 2800 328 2833 16.
355 2802 473 2833 Matth.
500 2803 648 2843 XXXIII,
677 2804 730 2835 23.
847 2813 899 2834 ει.
928 2803 995 2844 Op.
1022 2803 1107 2844 Imp,
1134 2803 1155 2833 1.
1182 2813 1210 2834 c.
1237 2814 1269 2844 p.
1298 2803 1510 2834 CLXXXVII

207 2848 274 2886 (ed.
303 2848 359 2878 alt.
385 2859 417 2889 p.
444 2849 536 2890 929).

1352 2916 1374 2945 4
