1986 3289
160 190 233 224 170
763 186 881 217 OPUS
907 186 1242 218 EVANGELICUM
1273 187 1356 217 LIB.
1383 187 1436 217 Ill.
1520 175 1627 228 [(ΣΑΡ-
1649 183 1758 212 XLVI·

502 292 617 328 Unde
657 303 803 339 magua
848 300 904 327 est
938 291 1094 328 cautela
1139 291 1286 328 diaboli
1335 293 1443 340 quod
1476 301 1634 329 excecat
1667 292 1760 328 sim-

446 348 569 396 plices
602 349 642 384 in
676 349 754 386 fide
786 357 868 385 tam
892 357 1127 397 sumptuose
1160 350 1372 385 defendere
1406 358 1443 386 et
1476 362 1608 386 emere
1641 349 1758 386 istam

168 403 411 474 lilgeissuffleairise
445 406 615 442 heresim
661 419 918 446 venenosam.
972 408 1087 443 Unde
1138 419 1222 443 non
1267 407 1415 443 mirum
1460 407 1491 443 si
1534 410 1638 444 Deus
1678 420 1761 444 non

220 475 301 502 from
322 473 352 500 it.
446 464 634 501 exaudiat
667 466 715 501 ad
749 465 916 501 salutem
943 464 1111 501 istorum
1146 464 1370 501 infidelium
1404 477 1543 513 preces
1576 478 1667 502 suas
1699 466 1761 502 vel

445 534 582 569 preces
627 524 882 559 sacerdotum
929 531 996 559 aut
1028 523 1290 570 prelatorum,
1336 522 1404 570 qui
1448 522 1488 559 in
1521 522 1596 559 ista
1630 522 1759 559 heresi

444 588 535 616 sunt
585 580 723 619 cecati.
782 581 896 617 Unde
957 580 1234 628 prenosticant
1290 580 1455 629 quidam
1498 580 1761 628 probabiliter

444 639 553 685 quod
599 651 723 685 regna
765 651 847 675 non
882 647 996 674 erunt
1048 637 1088 673 in
1131 651 1230 686 pace
1273 639 1335 675 vel
1374 638 1540 675 caritate
1583 639 1644 675 vel
1675 638 1759 675 sine

442 695 678 733 turbacione
697 696 879 745 notabili,
896 697 987 732 dum
1007 696 1080 732 ista
1094 696 1242 732 heresis
1258 696 1391 732 taliter
1404 695 1523 732 fuerit
1538 696 1759 734 dominata.

163 751 360 814 accuhsleiiilgiis
381 786 415 813 of
502 755 790 790 Descendendo
823 766 919 802 ergo
951 755 1001 790 ad
1036 754 1247 791 materiam
1282 753 1428 800 fratris,
1461 753 1618 790 videtur
1650 756 1760 803 quod

232 821 341 856 heresy
443 820 608 848 vocatus
652 811 971 848 christianismus
1011 812 1207 849 Clementi
1247 811 1506 848 consenciens
1551 821 1758 861 tamquam

187 856 403 918 delieenvggigof
444 881 547 917 pape
591 878 673 906 tam
720 871 768 906 de
820 870 1010 906 fratribus
1063 882 1184 918 quam
1223 870 1340 907 sectis
1385 869 1472 906 aliis
1518 870 1760 907 consentiret

152 925 202 953 the
223 926 296 952 rival
320 934 428 961 1001285·
445 928 553 975 quod
597 928 726 964 dictus
758 929 944 964 Urbanus
977 927 1026 964 sit
1066 927 1300 964 manifestus
1347 927 1560 975 hereticus,
1595 937 1632 965 et
1665 940 1759 964 con-

443 994 546 1021 trate
579 998 658 1033 que
690 987 855 1022 Urbano
889 985 1151 1022 consenciunt
1190 987 1238 1022 de
1272 985 1380 1022 dicto
1415 986 1623 1022 Clemente
1656 999 1760 1022 asse-

442 1052 535 1079 runt
567 1045 677 1091 quod
720 1043 804 1091 ipse
837 1043 886 1080 sit
919 1043 1118 1080 hereticus
1152 1043 1402 1091 manifestus3
1450 1052 1486 1080 et
1518 1056 1588 1091 per
1622 1056 1760 1080 conse-

442 1113 566 1149 quens
610 1100 733 1137 nichil
776 1101 871 1138 facit
915 1101 1016 1138 alter
1061 1114 1199 1138 eorum
1254 1114 1297 1138 ex
1349 1101 1424 1138 ista
1470 1101 1599 1138 heresi
1652 1103 1759 1150 apud

441 1158 758 1206 triumphantem
813 1159 1022 1196 ecclesiam
1082 1161 1200 1196 laude
1249 1159 1437 1207 dignum3
1499 1172 1572 1196 nos
1624 1168 1758 1196 autem

440 1225 673 1264 reputamus
698 1225 913 1266 utrumque
946 1218 1114 1254 istorum
1150 1229 1235 1253 esse
1267 1217 1503 1266 hereticum,
1538 1219 1632 1253 dum
1665 1217 1760 1254 vivit

442 1274 640 1311 contrarie
674 1275 833 1312 Christo
884 1277 988 1322 Jesu,
1043 1284 1079 1312 et
1125 1288 1215 1312 cum
1261 1276 1337 1312 hoc
1381 1275 1567 1312 vendicat
1612 1287 1655 1311 ex
1687 1288 1759 1312 suo

441 1332 575 1369 officio
609 1334 717 1380 quod
750 1333 800 1369 sit
833 1333 873 1369 in
905 1333 1021 1370 terris
1060 1345 1242 1369 summus
1277 1333 1425 1370 Christi
1463 1332 1635 1370 vicarius
1668 1346 1760 1381 pro-

439 1390 543 1427 xime
577 1403 747 1439 sequens
782 1404 885 1430 eum.

168 1445 398 1507 Negiglgffidpggss
498 1450 559 1484 Ad
593 1451 915 1497 cognoscendum
951 1458 1085 1486 autem
1112 1449 1142 1485 si
1175 1449 1254 1485 sint
1278 1448 1413 1485 fideles
1447 1449 1548 1485 foret
1581 1447 1758 1484 medium

152 1515 294 1550 accepted
318 1515 358 1542 till
381 1516 417 1555 he
443 1506 679 1554 empiricum
723 1516 908 1543 neutrum
947 1518 1093 1544 eorum
1126 1506 1328 1554 suscipere
1363 1516 1573 1555 tamquam
1612 1519 1758 1554 papam

152 1550 431 1613 lssffiigfflsssffodtffls
446 1573 660 1613 antequam
687 1565 805 1601 fidem
831 1578 943 1602 suam
969 1564 1211 1601 sufficienter
1234 1565 1525 1601 declaraverint
1558 1566 1605 1600 de
1628 1577 1760 1601 sacra-

180 1620 395 1681 endcilvsissi'ents
446 1631 581 1659 mento
614 1622 763 1668 altaris,
810 1625 858 1660 de
900 1623 979 1660 vita
1012 1635 1190 1671 paupere
1230 1631 1266 1659 et
1299 1622 1614 1670 exproprietaria
1647 1621 1760 1659 cleri-

195 1689 254 1715 and
275 1689 393 1718 orders.
445 1692 597 1727 corum,
645 1682 692 1717 de
738 1681 970 1717 extollencia
1003 1689 1108 1717 secte
1142 1680 1289 1716 Christi
1335 1693 1454 1728 super
1499 1689 1627 1717 sectas
1660 1680 1758 1716 alias

443 1737 704 1775 introductas,
741 1741 821 1775 Nec
851 1739 966 1775 video
991 1740 1097 1787 quod
1122 1747 1302 1775 contrate
1336 1751 1378 1774 ex
1411 1737 1490 1775 suis
1533 1738 1759 1786 sumptibus

443 1797 588 1832 debent
617 1805 782 1844 propter
815 1798 890 1833 hoc
924 1798 973 1834 ad
1006 1809 1108 1845 pape
1142 1796 1294 1832 curiam
1331 1797 1516 1833 laborare
1549 1798 1616 1833 sed
1651 1797 1757 1844 quod

441 1855 572 1890 nullus
597 1854 765 1891 clericus
798 1864 1008 1903 promotus
1041 1854 1082 1891 in
1115 1867 1238 1902 regno
1272 1854 1408 1903 aliquo
1443 1867 1486 1891 ex
1518 1853 1759 1890 auctoritate

442 1912 605 1948 alterius
638 1925 742 1961 pape
786 1913 835 1948 sit
868 1922 1056 1961 acceptus
1101 1912 1141 1948 in
1182 1913 1322 1948 eodem
1357 1925 1494 1960 regno,
1540 1921 1756 1960 antequam

441 1970 643 2006 sufficiens
682 1970 959 2007 testimonium
1005 1972 1054 2007 ab
1099 1970 1169 2006 illo
1201 1983 1307 2018 papa
1340 1969 1548 2006 adduxerit
1588 1982 1660 2018 pro
1694 1971 1759 2006 de-

441 2028 667 2065 claracione
712 2028 804 2065 fidei
837 2028 1079 2076 supradicte.
1126 2027 1165 2064 Si
1199 2036 1333 2065 autem
1379 2040 1483 2076 papa
1515 2027 1555 2063 in
1589 2026 1758 2064 materia

441 2085 515 2122 ista
548 2085 760 2123 nesciverit
791 2087 852 2123 vel
884 2085 1132 2123 obmutuerit
1165 2095 1222 2122 est
1255 2099 1297 2123 ex
1321 2098 1516 2122 consensu
1548 2094 1758 2134 tamquam

442 2144 640 2181 hereticus
691 2143 914 2192 fugiendus.
961 2147 1042 2180 Nec
1087 2143 1264 2180 dissonat
1297 2143 1447 2180 racioni
1491 2145 1597 2192 quod
1637 2155 1758 2191 regna

444 2201 603 2239 mittant
637 2202 801 2239 clericos
834 2215 925 2239 suos
958 2210 1166 2249 promotos
1199 2204 1249 2238 ad
1282 2201 1445 2249 pinguia
1478 2200 1674 2238 beneficia
1715 2213 1759 2237 ex

442 2260 666 2308 sumptibus
697 2262 914 2296 eorundem
950 2261 1000 2296 ad
1033 2260 1320 2296 declarandum
1355 2259 1563 2296 veritatem
1598 2272 1620 2295 a
1653 2271 1758 2306 papa

442 2330 561 2365 quem
592 2327 802 2367 acceptant
824 2318 955 2354 taliter
978 2326 1184 2366 tamquam
1211 2319 1365 2354 ducem.
1393 2319 1593 2365 Pauperes
1622 2325 1756 2353 autem

443 2376 662 2423 presbyteri
715 2389 795 2412 non
847 2384 1017 2424 possunt
1065 2375 1181 2412 aliter
1225 2376 1354 2412 facere
1399 2375 1439 2411 in
1478 2375 1554 2411 ista
1588 2374 1757 2411 materia

442 2433 517 2469 nisi
552 2434 662 2482 loqui
708 2434 825 2470 fidem
863 2433 934 2470 Dei
968 2443 1004 2470 et
1037 2442 1201 2481 tangere
1247 2433 1381 2469 media
1414 2445 1484 2481 per
1517 2444 1593 2481 que
1628 2431 1756 2480 regni-

444 2492 529 2527 cole
574 2501 762 2539 poterunt
806 2504 889 2528 esse
941 2491 1052 2537 salvi,
1104 2491 1198 2539 quia
1230 2491 1456 2539 principum
1504 2499 1680 2538 potestas
1721 2498 1759 2525 et

1777 525 1793 557 5

1781 826 1818 846 10

1780 1104 1816 1136 15

1777 1403 1818 1424 20

1776 1682 1815 1714 25

1775 2260 1813 2294 35

445 2562 583 2585 eorum
618 2549 685 2597 qui
718 2558 882 2597 portant
914 2549 1089 2597 gladium
1132 2550 1247 2585 debet
1285 2562 1325 2585 se
1359 2549 1568 2585 extendere
1600 2549 1650 2584 ad
1683 2547 1758 2584 ista
1772 2560 1816 2591 40

446 2607 576 2643 media
609 2620 677 2655 pra
686 2607 879 2645 ctizanda.

516 2777 542 2803 6.
567 2778 609 2804 A:
630 2778 735 2804 secali.
850 2786 888 2804 ιο.
911 2777 1027 2805 (jod-:lm
1049 2777 1333 2803 chr1·v11·a›11'ssi1nuv.
1463 2774 1497 2802 ι5.
1519 2775 1636 2802 Codd.:
1658 2774 1753 2801 m'chil

444 2812 531 2838 aliud
541 2811 625 2847 facit
643 2813 722 2838 aller
740 2820 845 2838 eorum
865 2820 903 2838 ex
921 2813 978 2839 ista
999 2812 1101 2838 heresi
1119 2815 1161 2838 est
1183 2832 1189 2838 .
1213 2832 1218 2837 .
1243 2833 1247 2837 .
