1986 3289
189 197 276 225 CAP.
300 188 381 242 xx]
560 200 618 230 DE
647 198 958 229 ANTICHmsTo
987 197 1070 228 ΜΒ.
1098 198 1120 227 1.

190 307 531 355 condempnabunt‚
565 314 599 341 et
628 317 781 353 semper
798 311 934 353 patres
958 303 1340 352 reprehendebantur
1361 303 1495 353 afiliis

188 364 277 400 suis.
324 364 417 399 Item
450 363 532 413 filii
576 363 960 411 reprehendebantur
990 374 1011 397 a
1039 361 1226 410 patribus>
1261 361 1360 397 suis:
1411 361 1494 396 ideo

190 433 287 472 ergo
320 433 449 458 omnes
472 433 534 457 eos
567 421 699 469 wipere
730 420 941 465 simulavit,
975 419 1151 467 quoniam
1185 418 1273 454 talis
1305 426 1360 454 est
1392 418 1493 467 vipe-

191 492 326 515 rarum
360 486 513 525 natura‚
547 479 697 527 quando
736 484 989 526 conceperunt
1020 477 1055 512 in
1089 483 1197 512 utero
1230 476 1381 522 matris,
1417 476 1497 512 nati

158 540 326 573 §eorum
361 543 544 585 rumpunt
576 543 726 572 uterum
761 535 900 571 matris
932 542 967 571 et
997 535 1051 570 sic
1078 534 1307 583 procedunt.

246 595 355 641 Item,
387 594 461 643 ipsi
490 594 569 629 nati
590 594 739 642 quando
763 593 1017 642 conceperint,
1049 592 1103 628 sic
1130 592 1340 640 paciuntur
1371 604 1393 627 a
1424 603 1493 627 sua

193 652 345 701 fetura.
400 652 505 687 Sicut
537 664 633 701 ergo
667 651 796 700 wipere
832 662 985 699 semper
1011 657 1195 699 parentes
1227 650 1429 685 comedunt
1460 656 1495 685 et

190 710 444 746 comeduntur
486 722 507 744 a
546 708 679 758 pullis,
731 709 786 744 sic
829 716 864 744 et
894 708 1008 743 Judei
1047 719 1201 756 semper
1233 714 1370 756 patres
1407 719 1495 743 con-

192 768 397 815 dempnant
428 774 464 803 et
495 767 825 815 condempnantur
856 779 877 801 a
899 765 998 815 filiis
1030 765 1122 802 suis.

139 842 175 862 10
255 825 457 869 Quomodo
471 824 644 874 fugietis
665 837 686 859 a
710 824 849 859 iudicio
876 824 1061 873 gehenne.
1096 822 1294 871 Numquid
1315 823 1494 871 sepulcra

189 890 410 919 sanctorum
456 882 678 932 edificantes
721 894 770 917 an
798 881 934 930 pocius
965 894 986 916 a
1020 880 1171 916 malicia
1212 881 1330 916 corda
1365 887 1493 916 vestra

190 940 450 976 mundantes?
492 939 692 988 Numquid
722 939 776 975 sic
808 939 950 975 iudicat
986 939 1094 974 Deus
1130 938 1318 987 quomodo
1353 938 1496 973 iudicat

191 998 334 1034 homo?
375 999 504 1034 Homo
549 997 737 1033 hominem
782 997 925 1032 iudicat
965 996 1000 1031 in
1039 1008 1166 1044 opere,
1219 996 1326 1032 Deus
1369 1003 1494 1032 autem

191 1056 226 1091 in
259 1056 388 1093 corde.
448 1056 531 1099 Que
575 1063 630 1091 est
660 1062 785 1094 autem
834 1055 905 1091 ista
938 1054 1086 1090 iusticia
1118 1061 1272 1090 sanctos
1303 1054 1430 1090 colere
1462 1061 1497 1089 et

139 1120 174 1152 15
191 1114 477 1163 condempnare
518 1113 790 1149 sanctitatem?
850 1112 1007 1148 Primus
1049 1112 1204 1162 gradus
1242 1112 1399 1160 pietatis
1442 1119 1497 1147 est

190 1171 431 1207 sanctitatem
456 1171 634 1221 diligere,
669 1170 804 1206 deinde
834 1177 1000 1217 sanctos,
1034 1169 1120 1218 quia
1153 1181 1226 1205 non
1258 1169 1381 1205 sancti
1411 1176 1498 1205 ante

190 1229 431 1265 sanctitatem
455 1229 624 1277 fuerunt
655 1229 724 1264 sed
743 1228 928 1264 sanctitas
960 1235 1047 1263 ante
1068 1234 1234 1263 sanctos.
1270 1227 1359 1263 Sine
1381 1239 1495 1263 causa

191 1299 288 1337 ergo
321 1287 441 1322 iustus
473 1287 639 1322 honorat
669 1286 735 1338 qui
765 1286 952 1322 iusticiam
985 1285 1145 1335 spernit.

255 1344 459 1394 Quomodo
498 1344 698 1394 fugietis?
748 1343 948 1392 Numquid
1004 1343 1221 1379 liberabunt
1266 1355 1332 1378 vos
1375 1343 1500 1378 sancti

136 1419 177 1440 20
191 1414 353 1451 quorum
406 1409 649 1438 monumenta
683 1401 863 1437 ornatis?
914 1401 1114 1450 Numquid
1160 1407 1324 1449 possunt
1374 1400 1500 1436 sancti

191 1460 308 1496 amici
343 1471 422 1496 esse
454 1460 610 1496 illorum
644 1460 777 1508 quibus
815 1467 869 1495 est
908 1459 1015 1495 Deus
1053 1458 1257 1494 inimicus?
1300 1457 1499 1507 Numquid

189 1524 315 1567 potest
341 1518 499 1566 placata
521 1517 681 1565 familia
715 1529 796 1554 esse
829 1517 981 1553 domino
1014 1516 1279 1552 adversante?

256 1576 458 1619 Quomodo
493 1575 685 1625 fugietis:
734 1575 792 1610 An
826 1575 1002 1623 forsitan
1048 1586 1182 1610 nomen
1228 1586 1389 1610 vacuum
1432 1586 1499 1610 vos

193 1633 381 1677 liberabit,
414 1633 499 1682 quia
524 1633 706 1669 videmini
735 1645 816 1668 esse
837 1633 942 1669 Dei?
980 1633 1083 1676 Quid
1108 1632 1273 1681 prodest
1305 1631 1501 1667 meretrici

137 1691 227 1727 2552·
255 1703 389 1727 nomen
422 1691 559 1727 haheat
603 1698 643 1726 ut
674 1698 802 1735 casta;
844 1691 898 1726 sic
946 1690 1063 1726 nichil
1095 1690 1259 1739 prodest
1286 1689 1498 1738 peccatori,

192 1749 226 1784 si
268 1761 406 1785 servus
437 1749 514 1785 Dei
554 1748 760 1786 iudicatur.
813 1749 872 1784 Ne
913 1748 1089 1797 portetis,
1134 1748 1219 1796 quia
1264 1747 1402 1783 melior
1445 1754 1500 1783 est

193 1806 425 1842 christianus
457 1806 570 1855 impie
601 1818 722 1856 agens
754 1818 865 1854 quam
889 1806 1039 1855 impius.
1074 1806 1247 1854 Denique
1278 1805 1360 1853 quis
1388 1805 1500 1853 peior

193 1864 337 1900 esttibi
367 1871 432 1900 aut
464 1864 638 1900 inimicus
665 1871 838 1913 apertus,
870 1871 936 1899 aut
958 1863 1022 1912 qui
1041 1863 1166 1914 fingit
1195 1875 1235 1899 se
1267 1863 1431 1898 amicum
1465 1870 1499 1898 et

193 1928 247 1958 est
279 1921 474 1958 inimicus:
506 1922 603 1957 Puto
626 1922 711 1970 quia
745 1921 884 1958 melior
915 1929 969 1957 est
1001 1921 1174 1957 inimicus
1195 1928 1355 1970 apertus
1386 1932 1497 1968 quam

138 1982 178 2013 30
192 1979 338 2015 amicus
372 1980 508 2028 falsus
562 1980 625 2015 Sic
657 1987 692 2016 et
724 1980 829 2028 apud
860 1980 985 2015 Deum
1026 1979 1207 2016 odibilior
1239 1986 1294 2015 est
1326 1978 1390 2026 qui
1418 1990 1498 2014 ser-

194 2049 281 2073 vum
313 2049 354 2073 se
384 2037 460 2073 Dei
491 2037 581 2073 dicit
614 2045 648 2073 et
680 2038 861 2073 mandata
895 2037 1040 2073 diaboli
1060 2037 1175 2085 facit.

251 2095 455 2143 Serpentes
504 2095 700 2145 genimina
740 2095 977 2144 viperarum,
1028 2095 1219 2144 quomodo
1254 2093 1424 2143 fugietis
1477 2106 1498 2128 a

193 2152 331 2188 iudicio
361 2153 565 2202 gehenne?
608 2153 812 2201 Serpentes
855 2153 953 2188 enim
985 2160 1072 2188 sunt
1114 2159 1149 2188 et
1180 2164 1311 2188 omnes
1342 2151 1502 2187 heretici

194 2217 229 2245 et
255 2211 467 2258 prudentes
488 2210 524 2245 in
558 2210 671 2246 malis
693 2218 728 2246 et
749 2210 859 2246 stulti
890 2210 925 2245 in
958 2210 1077 2246 bonis.
1111 2210 1165 2245 Et
1185 2210 1282 2245 sicut
1303 2215 1500 2258 serpentes

138 2271 177 2303 35
196 2267 296 2302 varii
325 2275 412 2303 sunt
444 2268 480 2303 in
513 2280 679 2316 corpore
700 2280 782 2311 suo,
814 2268 867 2303 sic
900 2268 1060 2304 heretici
1078 2275 1165 2303 sunt
1197 2267 1299 2303 varii
1328 2267 1363 2302 in
1388 2279 1497 2302 erro-

195 2325 300 2361 ribus
332 2325 410 2361 suis
441 2332 476 2361 et
508 2325 739 2373 multiplices
771 2325 807 2360 in
841 2325 1084 2375 malignitate
1114 2338 1196 2361 sua.
1239 2325 1316 2368 Qui
1338 2324 1498 2373 deposu-

193 2390 304 2418 erunt
327 2383 563 2433 ymaginem
608 2383 684 2419 Dei
732 2395 802 2431 que
844 2391 900 2419 est
942 2383 977 2418 in
1022 2383 1168 2419 iusticia
1212 2382 1428 2418 sanctitatis
1466 2389 1500 2417 et

196 2440 370 2476 veritatis
413 2448 448 2476 et
491 2440 737 2489 suscipientes
788 2440 995 2490 imaginem
1043 2440 1232 2489 serpentis
1263 2452 1332 2488 que
1363 2447 1418 2475 est
1464 2441 1499 2475 in

194 2498 345 2534 malicia
390 2505 424 2534 et
465 2498 657 2534 schemate
708 2498 864 2534 veritati
893 2498 1001 2547 facti
1041 2505 1128 2534 sunt
1165 2505 1381 2547 serpentes:
1430 2497 1503 2543 filii

263 2719 344 2751 2.-9·
365 2713 408 2751 A:
429 2711 502 2739 Item
516 2712 642 2747 —filius
659 2712 723 2739 suis
743 2712 836 2739 deest.
897 2720 922 2739 2.
945 2712 983 2739 B:
1003 2712 1076 2739 Item
1090 2727 1122 2732 —
1135 2711 1199 2739 suis
1219 2711 1312 2739 deest.
1362 2712 1391 2745 6,
1415 2720 1441 2747 7.
1460 2712 1499 2739 B:

195 2755 213 2773 a
233 2754 295 2773 suis
305 2746 435 2786 fetibus.
527 2755 561 2786 ¹¹:
582 2748 629 2774 A:
650 2750 706 2774 aut
721 2747 846 2786 pocius..
922 2745 958 2785 1¹3.
979 2747 1023 2774 A:
1046 2746 1137 2774 homo
1157 2754 1242 2773 once.
1309 2745 1360 2785 ¹28.
1382 2747 1426 2773 A:
1448 2747 1505 2773 tibi

192 2781 424 2854 ssssgztgqlffigA:
446 2790 485 2809 an
506 2790 567 2817 qul.
659 2789 705 2816 29.
726 2783 770 2809 A:
792 2789 864 2817 quta
884 2786 982 2812 twoee,
1071 2780 1119 2814 34.
1139 2782 1184 2808 A:
1205 2783 1236 2809 et
1253 2781 1377 2808 om1tted
1399 2781 1501 2813 before

1730 189 1776 235 73

1508 298 1634 325 Natural
1656 299 1774 335 history

1561 333 1596 360 of
1613 333 1725 368 vipers.

1517 830 1542 857 It
1561 829 1586 856 is
1608 829 1720 856 absurd
1743 834 1773 856 lo

1540 864 1677 898 worship
1700 864 1749 890 the

1556 899 1652 926 saints
1672 899 1731 925 and

1570 934 1722 961 condemn

1574 968 1720 996 holiness.
