1986 3289
107 173 157 209 80

126 1011 347 1047 chrysostom:

702 180 821 213 OPUS
846 180 1183 213 EVANGELICUM
1212 180 1295 212 LIB.
1322 180 1375 212 ΠΙ.
1482 168 1588 222 [CAP-
1608 177 1702 205 XXII·

394 287 621 324 cuiusmodi
675 295 789 323 erant
841 295 1014 334 quatuor
1066 286 1319 335 evangeliste,
1365 287 1510 322 Paulus
1556 295 1593 322 et
1637 286 1703 322 alii

393 345 460 394 qui
493 345 740 393 scripserunt
773 344 938 381 ecclesie
971 344 1162 393 epistolas
1196 344 1410 381 canonicas
1450 352 1487 380 et
1519 347 1576 389 (ut
1609 343 1705 380 dicit

393 403 679 449 Crisostomus)
704 402 885 440 Christus
913 415 1120 451 nunquam
1144 402 1249 438 istud
1273 401 1450 438 officium
1486 401 1703 448 ordinaret,

392 461 466 497 nisi
489 462 605 497 vellet
628 461 848 509 scripturas
871 460 1039 497 istorum
1064 460 1287 496 scribarum
1317 460 1506 508 prodesse
1540 459 1705 496 ecclesie

392 528 474 555 tarn
529 521 577 555 de
629 518 823 567 preterito
877 531 998 566 quarn
1051 519 1099 554 de
1147 518 1295 556 futuro.
1348 519 1396 553 Et
1442 526 1552 565 patet
1596 518 1736 566 quodi>

393 577 605 624 generacio
650 577 725 613 ista
770 578 942 624 reproba
988 575 1261 612 communicat
1299 574 1339 611 in
1384 575 1491 611 malo
1535 575 1703 623 peccati,

393 635 497 671 sicut
531 634 744 683 generacio
767 634 871 671 iusta
905 633 1178 670 communicat
1211 633 1250 669 in
1283 634 1389 669 bono
1422 632 1579 681 premii,
1615 645 1704 669 curn

393 693 575 729 Christus
621 693 689 741 qui
735 691 897 729 mentiri
945 704 1026 728 non
1073 691 1221 739 poterit
1260 703 1351 727 vere
1385 690 1498 727 dicit:
1553 691 1707 727 Venient

393 751 461 787 hec
493 751 620 787 omnia
652 763 770 801 super
800 750 1101 801 generacionem
1135 750 1258 785 istam.

880 909 1020 950 CAP.
1054 909 1217 950 XXII.
1727 925 1765 945 10

452 1006 724 1043 Crisostomus
777 1014 909 1043 autem
962 1017 1081 1053 super
1132 1004 1208 1041 isto
1253 1012 1360 1040 textu
1403 1002 1459 1039 sic
1509 1002 1706 1051 loquitur:

396 1066 614 1115 Prophetas
646 1072 681 1101 et
709 1065 899 1114 sapientes
922 1071 957 1100 et
979 1063 1128 1100 scribas
1150 1062 1346 1112 apostolos
1379 1061 1482 1097 dicit.
1516 1061 1709 1110 Prophete

395 1124 492 1160 enim
527 1131 639 1160 erant
672 1123 736 1171 qui
752 1122 982 1172 prophetico
1016 1121 1155 1171 spiritu
1185 1128 1295 1157 erant
1328 1119 1486 1169 repleti;
1516 1119 1709 1168 sapientes

395 1189 520 1218 autem
552 1182 670 1217 corde
693 1188 815 1227 erant,
840 1180 938 1216 sicut
955 1179 1150 1229 propheta
1175 1179 1266 1215 dicit
1289 1179 1335 1214 de
1358 1178 1430 1214 eis:
1461 1177 1513 1212 Et
1535 1177 1710 1213 eruditos

395 1241 513 1275 corde
545 1240 580 1275 in
603 1239 810 1288 sapiencia.
845 1238 978 1274 Scribe
1000 1245 1126 1273 autem
1161 1244 1284 1283 erant,
1319 1236 1405 1285 quia
1439 1236 1486 1271 de
1516 1234 1709 1271 thesauris
1729 1238 1764 1270 15

394 1298 473 1334 suis
518 1307 615 1334 nova
649 1305 683 1333 et
717 1304 846 1333 vetera
875 1295 1147 1345 proferebant.
1194 1295 1272 1330 Sea'
1304 1294 1477 1343 primum
1511 1293 1709 1329 videamus

394 1369 468 1405 qua
491 1368 606 1392 causa
631 1355 742 1391 dicit:
764 1355 866 1398 Ideo,
890 1365 974 1390 ecce
997 1365 1070 1403 ego
1093 1353 1200 1388 mitto
1220 1365 1298 1389 vos.
1324 1351 1511 1401 Superius
1534 1351 1711 1386 dixerat:

404 1414 453 1449 Ve
513 1414 618 1450 vobis
673 1413 797 1449 scribe
849 1419 884 1447 et
936 1411 1115 1461 pharisei
1156 1410 1357 1461 ypocrite,
1409 1410 1474 1458 qui
1523 1409 1710 1458 edificatis

394 1472 601 1521 sepulchra
644 1471 930 1521 prophetarum
976 1477 1011 1506 et
1042 1469 1191 1505 ornatis
1238 1475 1480 1504 monumenta
1519 1467 1708 1503 iustorum

396 1537 431 1565 et
464 1530 610 1566 a'icitis:
648 1529 691 1564 Si
721 1530 756 1564 in
790 1528 920 1565 diebus
947 1534 1107 1577 patrum
1131 1534 1354 1562 nostrorum
1372 1525 1603 1574 fuissemus,
1636 1536 1709 1560 non
1725 1538 1768 1559 20

396 1600 564 1624 essemus
608 1587 703 1624 socii
747 1599 879 1623 eorum
925 1586 961 1621 in
1005 1585 1194 1635 sanguine
1227 1584 1527 1634 prophetarum,
1566 1583 1605 1618 id
1643 1590 1710 1629 est,

398 1646 576 1695 quoniam
629 1645 816 1695 edificatis
865 1644 1049 1694 sepulcra
1100 1643 1383 1692 prophetarum
1437 1649 1471 1678 et
1517 1653 1591 1690 per
1641 1640 1712 1676 hoc

396 1716 469 1740 non
501 1704 625 1740 solum
659 1703 786 1739 verbis
815 1703 884 1738 sed
921 1701 1014 1751 ipsis
1045 1700 1352 1750 edificacionibus
1403 1699 1548 1736 dicitis.-
1592 1698 1634 1734 Si
1674 1698 1710 1733 in

399 1762 529 1798 diebus
557 1769 717 1811 patrum
762 1768 987 1796 nostrorum
1022 1759 1251 1808 fuissemus,
1297 1770 1369 1794 non
1414 1768 1583 1794 essemus
1618 1756 1714 1792 socii

398 1833 530 1856 eorum
577 1821 612 1855 in
656 1818 846 1869 sanguine
873 1818 1172 1867 prophetarum.
1231 1816 1406 1852 Volentes
1458 1827 1525 1852 vos
1575 1826 1709 1850 coram
1728 1817 1767 1849 25

401 1878 615 1914 hominibus
666 1877 877 1927 iustificare
928 1875 991 1924 qui
1045 1875 1254 1911 secundum
1314 1874 1496 1910 visionem
1549 1884 1709 1921 operum

399 1936 568 1972 iudicant
611 1943 645 1971 et
689 1948 761 1971 non
805 1947 938 1971 coram
972 1933 1055 1969 Deo
1103 1933 1168 1982 qui
1203 1933 1323 1968 corda
1368 1930 1578 1982 cognoscit,
1611 1930 1713 1979 quod

399 2001 454 2030 est
468 1993 763 2045 ypocritarum.
799 1993 888 2029 Ideo
912 2004 996 2028 ecce
1018 2004 1091 2042 ego
1115 1991 1221 2027 mitto
1245 1990 1298 2026 ad
1321 2002 1387 2026 vos
1404 1989 1620 2038 prophetas
1642 1995 1710 2024 etc.

400 2060 439 2087 ut
470 2064 692 2088 mensuram
722 2058 883 2100 patrum
929 2056 1147 2086 vestrorum
1194 2048 1477 2084 homicidarum
1517 2059 1589 2082 non
1623 2046 1714 2081 bene

397 2110 550 2158 plenam
585 2108 787 2158 impleatis,
816 2108 953 2157 peiora
975 2107 1134 2156 facturi
1149 2106 1329 2156 patribus
1352 2105 1502 2151 vestris,
1536 2103 1711 2153 quoniam
1730 2108 1772 2140 30

401 2168 459 2203 illi
508 2168 657 2216 qzu'dem
706 2167 922 2216 prophetas
984 2165 1220 2211 occiderunt,
1281 2176 1347 2200 vos
1403 2170 1529 2199 autem
1590 2162 1711 2211 ipsum

403 2226 597 2261 dominum
633 2225 931 2275 prophetarum.
983 2223 1048 2258 Illi
1089 2223 1186 2258 enim
1221 2234 1285 2258 eos
1328 2221 1391 2270 qui
1434 2220 1715 2256 annunciabant

401 2291 603 2319 venturum
616 2283 747 2333 filium
773 2282 860 2328 Dei,
893 2294 959 2317 vos
982 2289 1108 2316 autem
1133 2292 1196 2316 eos
1218 2280 1282 2328 qui
1309 2292 1393 2315 eum
1418 2279 1492 2314 iam
1516 2278 1715 2314 advenisse

401 2349 603 2387 testantur,
638 2348 676 2376 ut
704 2340 758 2376 sic
781 2353 856 2389 per
890 2340 971 2388 ipsa
1005 2350 1124 2388 opera
1158 2346 1286 2374 vestra
1320 2336 1579 2373 homicidialia
1611 2335 1714 2371 testi-

401 2400 567 2435 monium
593 2398 697 2435 vobis
719 2398 905 2444 reddatis,
928 2397 1013 2445 quia
1024 2396 1105 2446 filii
1123 2396 1212 2432 estis
1228 2403 1387 2445 patrum
1418 2394 1713 2438 homicidarum,
1732 2395 1771 2430 35

473 2614 505 2632 11.
533 2606 561 2632 A
591 2605 619 2631 in
649 2611 763 2638 marg:
798 2602 1012 2630 Crisostomus.
1106 2608 1143 2628 12.
1176 2601 1221 2627 A:
1251 2602 1280 2627 et
1309 2599 1411 2626 before
1438 2599 1592 2634 sapientes
1623 2598 1714 2625 deest.

404 2649 441 2673 17.
463 2642 505 2667 A:
527 2640 599 2666 Ialeo
621 2639 713 2665 deest.
804 2645 911 2665 21—22.
941 2638 985 2664 A:
1007 2635 1039 2662 id
1056 2639 1101 2663 est
1118 2651 1151 2655 —
1168 2635 1393 2670 prophetarum
1413 2633 1508 2660 deest.
1606 2632 1649 2661 32.
1669 2633 1715 2660 A:

404 2675 454 2701 llll
471 2677 581 2701 autem.
674 2672 715 2700 33.
737 2672 855 2700 Codd.:
877 2672 1043 2700 adolm'sse.
1135 2669 1180 2704 34.
1202 2671 1247 2697 A:
1269 2670 1333 2704 ipsa
1355 2669 1449 2696 deest.

473 2759 503 2788 8.
532 2756 653 2788 Matth.
679 2756 794 2795 XXIII,
824 2754 876 2788 36.
978 2764 1026 2784 12.
1059 2754 1126 2795 Op.
1154 2753 1238 2794 Imp.
1265 2763 1298 2793 p.
1325 2751 1536 2783 CLXXXXII
1564 2751 1632 2792 (ed.
1660 2750 1716 2781 alt.

407 2815 437 2845 p.
465 2804 559 2846 933).
661 2813 710 2842 14.
744 2801 871 2832 Psalm.
899 2801 1076 2840 LXXXIX,
1109 2809 1158 2830 12.
1257 2808 1309 2830 20.
1336 2797 1456 2829 Matth.
1480 2797 1566 2837 XIII,
1595 2796 1647 2828 52.
