1986 3289
220 217 306 244 CAP-
330 207 424 260 LVI]
607 219 663 249 DE
692 218 1005 249 ANTICHRISTO
1035 217 1116 248 Llss.
1145 217 1166 248 1.

219 326 366 374 decepti
408 325 719 361 irracionabilem
764 325 970 360 stulticiam
1007 331 1243 373 putaverunt
1291 336 1370 359 esse
1402 324 1526 358 Deum

218 384 344 419 colere
376 383 605 432 crucifixum
629 390 664 418 et
687 383 905 418 detulerunt
928 390 1107 418 creature
1128 381 1300 432 gloriam
1325 381 1527 417 creatoris.

219 441 423 491 Lugebunt
466 447 501 476 et
545 440 748 476 christiani
784 449 1010 489 peccatores
1042 441 1105 489 qui
1148 440 1277 489 magis
1309 439 1530 475 dilexerunt

218 499 400 534 mundum
435 510 547 546 quam
592 498 802 540 Christum)
847 510 930 533 cum
964 498 1157 533 audierint
1196 510 1279 533 eum
1314 499 1381 533 lzec
1414 497 1530 532 verba

186 556 401 598 §dicentem
426 557 477 591 ad
498 569 557 592 se:
589 557 676 605 Ego
695 563 862 604 propter
886 568 951 591 uos
974 557 1236 604 lioniosactus
1257 556 1338 604 sui,
1364 561 1532 604 propter

219 626 285 649 vos
318 614 503 664 alligatus
534 621 569 649 et
603 614 757 649 delusus
789 620 823 648 et
867 625 977 649 cesus
1023 621 1057 649 et
1090 614 1316 664 crucifixus.
1375 612 1446 648 Ubi
1477 619 1532 647 est

218 679 415 707 tantarum
468 671 697 707 iniuriarum
755 683 927 707 mearum
969 672 1163 719 fructus?
1218 672 1318 707 Ecce
1355 669 1530 720 precium

218 730 419 779 sanguinis
441 730 516 765 mei
531 742 637 778 quem
663 729 833 777 dedipro
851 730 1117 778 redempcione
1142 729 1359 765 animarum
1385 735 1532 764 vestra-

220 799 331 823 rum:
371 787 443 823 Ubi
472 795 528 823 est
559 787 725 823 servitus
750 794 878 823 vestra
911 799 1023 835 quam
1058 787 1151 823 mihi
1176 799 1252 836 pro
1280 787 1413 836 precio
1445 798 1531 822 san-

168 865 204 885 10
220 845 350 894 guinis
382 845 457 880 mei
488 845 658 881 debetis?
689 846 780 897 Ego
813 857 931 893 super
962 845 1133 895 gloriam
1160 857 1281 880 meanz
1317 857 1383 880 vos
1405 843 1531 888 habui,

219 914 301 938 cum
336 915 453 939 essem
488 904 595 939 Deus
627 915 818 952 apparens
850 904 962 939 lzomo
996 910 1030 938 et
1063 903 1237 938 viliorem
1270 914 1330 938 me
1361 902 1533 938 omnibus

220 961 334 996 rebus
367 961 505 997 vestris
524 961 693 1009 fecistis.
740 963 841 998 Nam
876 973 1022 997 omnem
1057 973 1137 996 rem
1162 961 1395 997 vilissimam
1430 968 1535 995 terre

219 1019 386 1068 amplius
408 1019 598 1055 dilexistis
627 1032 740 1068 quam
765 1019 952 1055 iusticiam
978 1031 1100 1054 meam
1125 1026 1159 1054 et
1171 1019 1308 1068 fidem.
1343 1018 1536 1067 Plangent

219 1089 259 1113 se
291 1077 451 1113 heretici
472 1077 536 1125 qui
561 1090 705 1126 purum
740 1077 928 1114 hominem
953 1077 1183 1126 crucifixum
1218 1077 1414 1121 dixerunt,
1449 1088 1533 1111 cum

168 1144 203 1175 ις’)
221 1134 386 1170 viderint
416 1135 539 1184 ipsum
573 1147 653 1171 esse
675 1136 836 1172 iudicem
870 1135 905 1170 in
939 1147 1045 1183 quem
1071 1141 1381 1183 compunxerunt
1410 1133 1532 1169 Judei.

226 1193 428 1236 Quomodo
474 1193 570 1228 enim
614 1202 762 1243 argunt
800 1193 945 1231 judeos
989 1193 1098 1241 quasi
1146 1193 1416 1241 interfectores
1456 1191 1538 1242 filii

220 1251 307 1296 Dei,
351 1251 386 1286 si
427 1263 498 1286 non
532 1251 645 1300 filius
677 1253 754 1287 Dei
794 1252 862 1288 sed
898 1263 1023 1300 purus
1055 1251 1168 1287 homo
1201 1258 1256 1286 est
1288 1249 1536 1299 crucifixus?

219 1308 272 1343 Et
314 1315 402 1344 tunc
441 1309 633 1359 plangent
675 1322 714 1345 se
747 1322 877 1345 omnes
908 1309 1030 1344 tribus
1062 1316 1178 1351 terre,
1223 1308 1310 1357 quia
1343 1320 1409 1343 nec
1442 1307 1535 1342 resi-

218 1367 346 1402 stendi
387 1367 509 1402 virtus
555 1375 611 1403 est
644 1375 779 1403 contra
813 1380 895 1403 eum
941 1374 976 1402 et
997 1366 1186 1416 fugiendi
1230 1366 1334 1401 nulla
1358 1365 1536 1414 facultas

165 1445 206 1465 20
219 1431 306 1459 ante
328 1424 476 1472 faciem
502 1425 581 1460 eius
603 1437 669 1460 nec
686 1425 899 1474 penitencie
922 1425 1047 1460 locus:
1079 1436 1137 1479 ex=
1157 1424 1341 1474 augustia
1367 1423 1535 1459 omnium

221 1494 352 1517 rerum
397 1482 493 1517 nihil
536 1483 587 1518 eis
635 1491 807 1519 remanet
851 1483 923 1518 nisi
966 1483 1101 1518 luctus.
1155 1482 1298 1518 Merito
1346 1482 1538 1531 plangent

220 1552 270 1584 se,
311 1540 398 1588 quia
431 1548 519 1576 tunc
557 1552 674 1589 neque
701 1541 862 1590 pecunie
898 1540 1076 1576 divitibus
1117 1547 1284 1589 prosunt
1316 1540 1367 1574 ad
1400 1539 1538 1575 elemo-

220 1597 343 1633 sinam
366 1598 595 1646 faciendum
643 1611 760 1647 neque
799 1606 984 1648 parentes
1028 1598 1118 1634 iusti
1155 1610 1231 1647 pro
1272 1597 1373 1647 filiis
1419 1597 1536 1632 inter-

221 1656 358 1691 cedunt
390 1668 508 1704 neque
550 1657 624 1704 ipsi
664 1657 797 1707 angeli
834 1669 910 1706 pro
943 1656 1170 1702 hominibus,
1223 1656 1321 1691 sicut
1351 1655 1536 1696 solebant,

165 1713 363 1761 25facient
396 1714 575 1750 verbum:
617 1715 702 1762 quia
749 1727 820 1750 non
866 1714 1002 1763 recipit
1035 1721 1174 1749 natura
1221 1713 1352 1749 iudicii
1388 1713 1538 1748 miseri-

221 1771 396 1807 cordiam
430 1771 528 1807 sicut
570 1784 636 1808 nec
674 1780 823 1821 tempus
856 1772 1121 1808 misericordie
1167 1771 1360 1820 iudicium7
1395 1771 1539 1806 dicente

218 1830 431 1877 propheta:
463 1830 488 1864 A
511 1830 777 1866 iserz'cordiam
812 1838 846 1865 et
878 1830 1058 1866 iudicium
1083 1830 1244 1865 cantabo
1268 1829 1335 1865 tibi
1355 1824 1535 1880 Domine}

103 1885 184 1925 425⁰
223 1886 532 1923 misericordiam
567 1889 601 1923 in
638 1889 769 1937 primo
814 1889 978 1924 adventu
1012 1895 1047 1923 et
1079 1887 1258 1923 iudicium
1291 1887 1327 1922 in
1360 1886 1538 1923 secundo.

223 1945 264 1979 In
304 1946 435 1993 priori
475 1946 640 1981 adventu
686 1946 897 1982 volentibus
947 1945 1132 1994 apostolis
1176 1945 1303 1994 ignem
1351 1945 1540 1993 deponere

168 2013 208 2044 30
225 2003 344 2038 dixit:
397 2003 561 2039 Nescitis
594 2004 698 2040 cuius
730 2005 890 2052 spiritus
923 2004 1023 2040 estis,
1075 2003 1199 2038 Filius
1245 2003 1344 2038 enim
1378 2002 1540 2038 hominis

225 2073 296 2096 non
330 2061 430 2096 venit
453 2062 626 2097 iudicare
647 2063 830 2097 mundum
854 2063 922 2098 sed
952 2062 1117 2097 salvare.
1152 2062 1193 2096 In
1225 2061 1391 2096 secundo
1413 2067 1539 2096 autem

226 2119 334 2154 dicit:
385 2120 486 2154 Nam
509 2119 621 2169 filius
653 2120 816 2156 hominis
859 2119 980 2155 ueniet
1023 2119 1058 2154 in
1091 2119 1288 2154 maiestate
1323 2118 1452 2167 patris
1483 2118 1544 2154 sui

225 2184 260 2212 et
290 2184 378 2212 tunc
401 2177 537 2213 reddet
559 2177 757 2227 unicuique
783 2178 991 2214 secundum
1015 2188 1131 2225 opera
1164 2177 1255 2212 eius.
1288 2176 1342 2212 Et
1364 2176 1542 2211 videbunt

227 2234 357 2285 filium
404 2235 567 2271 hominis
612 2236 820 2271 venientem
854 2243 923 2271 etc.
977 2235 1020 2270 Si
1049 2235 1201 2283 quando
1247 2246 1321 2269 rex
1364 2241 1547 2269 terrenus-

171 2300 479 2341 ·55processurus
501 2301 637 2329 contra
669 2293 847 2341 aliquem,
881 2294 917 2328 in
936 2293 1180 2341 expedicione
1203 2293 1361 2327 mandat
1378 2292 1540 2341 populo,

227 2362 357 2386 omnes
401 2351 608 2401 dignitates
651 2359 866 2397 moventur,
911 2350 1129 2386 excercitus
1169 2350 1364 2386 excitatur
1395 2357 1430 2385 et
1462 2357 1539 2385 tota

227 2408 362 2444 civitas
373 2409 520 2457 servet,
545 2416 684 2457 quanto
701 2409 828 2459 magis
847 2421 942 2459 rege
957 2408 1087 2444 celesti
1108 2415 1347 2458 exsurgente
1369 2406 1541 2444 iudicare

298 2630 322 2659 3,
344 2632 372 2659 A
392 2632 422 2658 in
445 2639 559 2666 marg.:
580 2640 612 2666 3.
722 2640 750 2664 4.
772 2633 816 2658 A:
839 2631 1015 2658 audierunt.
1123 2631 1147 2658 5.
1168 2632 1215 2658 A:
1237 2631 1276 2658 de
1294 2639 1335 2658 se.
1439 2631 1468 2658 ὁ.
1492 2631 1535 2658 A:

229 2665 393 2701 crucifixus
411 2674 485 2693 suin.
595 2666 631 2693 15.
653 2667 698 2693 A:
731 2667 761 2693 in
791 2674 877 2702 quem
910 2669 1132 2701 complexerunt
1157 2665 1257 2692 Judei.
1366 2665 1403 2693 31.
1436 2667 1480 2692 A:
1509 2666 1539 2692 in

229 2701 323 2728 deest.
415 2700 459 2733 34.
480 2702 526 2728 A:
546 2701 574 2727 si
593 2702 714 2736 quando
736 2702 828 2728 deest.
926 2700 972 2728 36.
994 2703 1038 2727 A:
1060 2704 1091 2728 ut
1112 2701 1296 2736 dignitates:
1325 2701 1364 2727 ib.
1386 2701 1428 2727 A:
1452 2708 1540 2727 exer-

228 2737 305 2763 citus
334 2739 530 2769 moveantur3
564 2736 604 2762 ib.
637 2738 681 2762 A:
715 2736 868 2763 exercilus
898 2736 1053 2763 excitatur
1084 2736 1178 2762 deest.
1276 2734 1321 2770 37.
1360 2736 1403 2762 A:
1442 2735 1538 2770 regis.

301 2832 353 2862 28.
374 2831 498 2862 l’salm.
519 2832 556 2870 (j,
583 2842 605 2860 1.
688 2833 739 2863 30.
769 2832 882 2862 Lucae
898 2832 951 2871 lx,
975 2832 1027 2871 55,
1051 2830 1100 2862 36.
1182 2832 1233 2864 32.
1250 2830 1368 2861 Matth.
1384 2831 1470 2869 XVI,
1488 2841 1540 2872 27.

1735 214 1812 252 207

1578 1249 1634 1277 His
1655 1249 1789 1276 enemies

1601 1285 1664 1311 will
1684 1292 1768 1319 weep

1577 1320 1704 1346 because
1723 1319 1793 1353 they

1563 1355 1622 1381 wi1l
1644 1355 1680 1381 be
1702 1354 1811 1380 unable

1586 1393 1616 1416 to
1638 1388 1727 1415 resist
1749 1396 1783 1415 01·

1558 1424 1611 1450 ssee
1632 1424 1712 1451 from
1733 1422 1816 1450 Him.

1604 1949 1770 1982 Judgment

1603 1985 1707 2011 marks
1727 1984 1776 2010 the

1567 2020 1680 2046 second
1702 2019 1813 2046 advent

1581 2062 1615 2080 as
1636 2062 1739 2089 mercy
1758 2054 1807 2080 the

1655 2088 1729 2115 first.
