1986 3289
146 212 191 246 18

157 908 341 947 Afl‘ectation
363 908 399 936 of

204 947 346 979 sanctlty.

737 214 855 245 OPUs
882 212 1218 244 EVANGEmcUM
1247 212 1331 243 ΜΒ.
1358 212 1410 242 111.
1568 198 1675 255 [CAP.
1705 208 1742 236 v.

430 321 556 358 videri
597 320 688 356 iusti
728 320 883 368 quidam
930 318 1160 369 plzylateria
1212 319 1380 369 alligant
1432 318 1535 353 circa
1589 318 1744 365 collum,

429 377 584 429 quidam
633 389 724 414 vero
764 384 920 426 partem
965 376 1134 425 aliquam
1179 376 1374 426 evangelii
1416 376 1615 424 scriptam.
1669 374 1746 412 Dic

428 437 612 474 sacerdos
644 435 845 484 insipiens:
878 435 1013 470 Nonne
1044 433 1210 482 quotidie
1241 433 1485 484 evangelium
1520 434 1555 469 in
1589 433 1746 469 ecclesia

430 494 576 545 legitur
619 501 654 529 et
697 493 857 528 auditur
894 492 940 527 ab
980 491 1224 527 hominibus?
1284 491 1356 527 Cui
1386 503 1482 541 ergo
1516 491 1551 526 in
1590 491 1749 527 auribus

425 552 553 602 posita
598 550 820 601 evangelica
860 550 955 585 nihil
989 557 1169 598 prosunt,
1222 550 1412 598 quomodo
1456 561 1540 585 eum
1586 551 1780 598 possunt5

430 611 535 647 circa
580 609 721 645 collum
769 620 953 656 suspensa
1000 607 1188 643 salvare?
1232 608 1383 644 Deinde
1425 607 1490 642 ubi
1531 614 1586 642 est
1625 606 1749 642 virtus

431 667 637 718 evangelii,
670 667 706 702 in
728 666 880 716 figuris
913 665 1133 701 litterarum
1166 677 1214 700 an
1247 665 1283 701 in
1315 665 1508 701 intellectu
1541 665 1750 700 sensuum?

432 727 474 762 Si
505 726 540 761 in
559 724 726 775 figuris,
760 725 852 760 bene
883 723 988 759 circa
1022 723 1163 759 collum
1186 723 1401 772 suspendis,
1432 722 1467 758 si
1487 722 1522 757 in
1545 722 1749 769 intellectu,

432 795 529 834 ergo
572 783 709 819 melius
753 782 788 817 in
822 782 941 817 corde
968 781 1096 831 posita
1124 788 1292 830 prosunt
1323 794 1437 831 quam
1471 780 1576 816 circa
1609 780 1750 816 collum

432 853 629 891 suspensa.
1772 854 1810 874 10

490 899 570 935 Alii
599 906 725 934 autem
770 897 834 945 qui
863 896 1083 933 sancciores
1114 908 1154 932 se
1186 896 1389 932 ostendere
1422 897 1567 943 volunt,
1595 902 1751 944 partem

429 957 594 1008 fimbrie
624 963 690 992 aut
722 956 954 1005 capillorum
986 966 1145 990 suorum
1178 954 1346 1003 alligant
1376 961 1411 989 et
1432 954 1681 1003 suspendunt.
1722 953 1755 989 O

433 1017 609 1066 impietas
642 1014 828 1051 maiorem
861 1012 1105 1049 sanctitatem
1139 1012 1175 1047 in
1198 1012 1276 1048 suis
1300 1011 1531 1047 vestimentis
1554 1012 1755 1047 ostendere

434 1074 603 1110 volentes
634 1085 748 1122 quam
783 1072 819 1107 in
843 1082 1009 1120 corpore
1046 1069 1204 1115 Christi,
1237 1077 1278 1105 ut
1299 1070 1363 1118 qui
1384 1081 1526 1119 corpus
1548 1069 1626 1105 eius
1648 1082 1755 1105 man-

435 1133 582 1169 ducans
612 1138 772 1167 sanatus
794 1141 866 1165 non
891 1128 1035 1177 suerit,
1056 1128 1219 1177 fimbrie
1251 1128 1330 1163 eius
1359 1128 1562 1164 sanctitate
1582 1127 1756 1163 salvetur
1774 1131 1810 1163 15

441 1197 481 1226 ut
514 1190 724 1238 desperans
758 1188 804 1223 de
836 1186 1105 1223 misericordia
1157 1185 1233 1221 Dei
1263 1185 1432 1235 confidat
1464 1186 1500 1221 in
1534 1185 1755 1221 vestimento

441 1247 619 1284 hominis.
653 1247 705 1282 Et
737 1245 827 1295 quid
859 1244 1034 1280 Paulus?
1066 1244 1152 1279 Non
1187 1241 1303 1279 dabat
1335 1244 1498 1279 sudaria
1530 1255 1599 1279 sua
1632 1250 1666 1279 et
1697 1255 1754 1279 se-

439 1305 626 1348 micincia,
654 1302 660 1357 Ι
690 1311 729 1340 ut
770 1304 1021 1340 salvarentur
1052 1301 1225 1351 infirmi?
1268 1301 1403 1337 Eciam
1437 1308 1639 1349 antequam
1681 1301 1759 1337 Dei
1793 1305 1876 1347 406h

440 1363 578 1401 noticia
613 1363 648 1398 in
682 1361 897 1398 hominibus
930 1367 1038 1407 esset,
1084 1359 1191 1396 racio
1224 1367 1309 1395 erat
1341 1366 1381 1395 ut
1407 1371 1484 1408 per
1514 1359 1754 1395 sanctitatem

439 1422 635 1458 hominum
668 1420 745 1456 Dei
770 1419 949 1469 potencia
982 1425 1307 1468 cognosceretum·
1338 1429 1436 1453 nunc
1459 1424 1585 1453 autem
1608 1417 1756 1453 insania
1773 1433 1814 1454 20

439 1488 504 1517 est.
541 1480 643 1515 Nam
671 1485 876 1528 postquam
901 1476 978 1513 Dei
1001 1476 1218 1524 potenciam
1252 1475 1563 1525 cognoverimus,
1596 1476 1647 1510 ad
1669 1475 1759 1524 quid

439 1537 698 1575 necessarium
722 1543 779 1572 est
800 1543 840 1571 ut
862 1535 1057 1571 hominum
1076 1533 1294 1583 potenciam
1322 1534 1633 1583 cognoscamus?
1655 1533 1757 1569 Nam

440 1597 503 1646 qui
546 1594 803 1632 necessarium
850 1606 921 1630 non
955 1592 1067 1628 habet
1106 1599 1145 1627 ut
1176 1592 1302 1627 Deum
1336 1592 1514 1627 ostendat
1539 1603 1614 1640 per
1644 1604 1754 1627 suam

438 1654 679 1691 sanctitatem
719 1660 754 1688 et
785 1652 857 1688 hoc
877 1651 996 1700 facit,
1027 1650 1108 1686 sine
1140 1649 1252 1686 dubio
1274 1649 1443 1698 festinat
1472 1661 1513 1685 se
1545 1649 1757 1693 ostendere,

442 1725 514 1749 non
548 1710 691 1749 Deum.
1774 1712 1814 1744 25

502 1770 611 1806 Alius
653 1776 781 1804 autem
825 1767 879 1803 sic
923 1766 1207 1815 interpretatur
1239 1765 1338 1801 hunc
1370 1765 1518 1801 locum:
1556 1765 1656 1809 Quia
1684 1777 1759 1814 per

442 1827 746 1873 observaciones,
789 1825 920 1874 inquit,
968 1823 1116 1860 dierum
1152 1823 1315 1859 dilatant
1354 1823 1470 1858 verba
1503 1834 1586 1869 sua,
1619 1823 1658 1858 id
1689 1830 1757 1870 est,

442 1885 673 1937 phylateria
707 1884 919 1920 extendunt
946 1882 1092 1931 populo
1126 1893 1168 1916 ea
1186 1881 1436 1930 predicantes
1467 1881 1621 1917 assidue
1652 1881 1762 1929 quasi

444 1943 734 1980 conservatoria
785 1941 923 1978 salutis
976 1952 1122 1987 eorum,
1183 1939 1315 1988 quales
1366 1946 1478 1974 erant
1529 1939 1575 1974 de
1626 1938 1759 1987 quibus

450 2002 628 2038 Christus
672 1999 793 2036 dixit:
837 1999 926 2034 Sine
958 2010 1073 2035 causa
1120 2005 1246 2033 autem
1292 1997 1421 2033 colunt
1464 2008 1535 2042 me,
1582 1997 1760 2033 docentes
1775 2003 1817 2036 30

446 2060 643 2097 doctrinas
685 2066 720 2095 et
746 2057 948 2093 *mandata
994 2055 1203 2093 hominum.
1249 2054 1447 2090 Fimbrias
1490 2061 1616 2090 autem
1651 2054 1759 2090 vesti-

445 2126 661 2154 mentorum
709 2115 982 2166 magnificatas
1026 2114 1117 2150 dicit
1154 2112 1507 2163 supereminencias
1550 2113 1759 2148 eorundem

444 2176 717 2212 mandatorum
741 2173 1024 2224 magnificatas.
1065 2172 1229 2216 Quando
1251 2171 1349 2206 enim
1377 2183 1453 2220 per
1474 2170 1651 2207 minimas
1672 2170 1762 2206 illas

446 2242 480 2270 et
530 2233 749 2283 superfluas
792 2231 1085 2267 observaciones
1126 2229 1363 2265 insitam-um
1398 2241 1557 2264 suarum
1602 2228 1762 2264 laudant

446 2292 556 2340 quasi
588 2291 752 2327 eximias
790 2297 825 2325 et
858 2289 972 2325 valde
1002 2289 1086 2324 Deo
1115 2288 1323 2336 placentes,
1345 2286 1531 2336 fimbrias
1563 2286 1760 2322 vestimen-
1778 2292 1816 2325 35

448 2357 575 2386 torum
608 2361 767 2385 suorum
802 2347 1067 2397 magnificant.
1104 2347 1187 2381 Hec
1221 2344 1504 2381 Crisostomus.

506 2409 560 2443 Ex
592 2407 667 2443 ista
700 2405 903 2442 sentencia
937 2404 1053 2440 huius
1086 2403 1213 2439 sancti
1244 2403 1362 2451 plane
1395 2410 1505 2450 patet
1543 2402 1650 2450 quod
1695 2413 1760 2437 cu—

448 2465 543 2513 pido
578 2474 614 2501 et
646 2477 747 2501 vana
771 2463 898 2512 gloria
921 2463 1176 2499 sacerdotum
1201 2469 1257 2496 est
1291 2473 1411 2497 causa
1444 2459 1572 2496 tocius
1605 2458 1760 2507 peccati

519 2663 546 2690 8.
568 2662 819 2698 Codd.:s1'guris
840 2661 929 2689 unde.
1023 2661 1063 2688 10.
1085 2659 1202 2687 Codd.:
1224 2659 1401 2686 vestimento
1423 2658 1517 2684 deest.
1603 2657 1642 2684 18.
1663 2657 1707 2684 A:
1732 2659 1762 2683 ut

451 2697 552 2731 twice;
574 2698 613 2724 ib.
635 2698 677 2724 A:
701 2700 728 2724 et
749 2700 923 2732 antequam.
998 2703 1037 2722 21.
1060 2695 1097 2722 B:
1119 2694 1325 2729 cognovimus.
1418 2700 1460 2720 22.
1483 2692 1520 2719 B:
1541 2699 1759 2727 agnoscamus.

452 2740 497 2766 29.
520 2732 637 2760 codd:
658 2732 774 2767 qualia.
847 2730 892 2766 37.
913 2732 941 2758 A
962 2730 991 2757 in
1018 2737 1130 2764 marga
1153 2729 1319 2757 Julzannes.

530 2838 576 2869 ¹7-
607 2829 678 2858 Act.
705 2827 791 2867 XIX7
824 2836 871 2857 12.
947 2827 999 2858 31.
1027 2823 1144 2856 Matth.
1172 2824 1244 2863 XV,
1270 2834 1300 2866 (j.
