1986 3289
140 1031 328 1059 Pei-sistence
349 1031 383 1058 of

139 1067 189 1093 the
209 1066 327 1105 wicked
348 1067 379 1093 in

157 1106 361 1137 persecution.

173 2073 253 2101 Now
274 2074 344 2107 they

150 2113 307 2144 persecute
326 2104 366 2143 by

158 2144 274 2179 neglect
294 2143 354 2170 and

152 2178 362 2213 misinterpre-

183 2213 280 2240 ration
301 2213 335 2240 of

151 2249 285 2282 apostles
306 2246 364 2274 and

181 2284 338 2318 prophets.

724 222 841 256 opus
866 222 1202 256 EVANGEmcUM
1231 222 1315 256 ΜΒ.
1341 222 1394 255 111.
1504 209 1609 266 [CAP.
1630 220 1726 250 xxv.

412 331 613 380 corporali
661 332 821 368 ecclesia
864 344 976 380 quam
1018 332 1163 382 perfidi
1204 339 1486 381 occupaverant
1530 332 1727 379 violencia,

412 389 591 424 exierunt
622 390 668 425 ab
692 390 783 436 illis,
815 390 943 440 magis
972 397 1098 426 autem
1132 391 1312 426 exierunt
1344 390 1444 426 illia
1477 391 1597 438 nobis,
1629 391 1727 426 sicut

411 446 603 483 Johannes
635 448 805 496 exponit.
830 448 900 483 Ille
923 448 1020 484 enim
1055 448 1101 483 de
1123 448 1281 484 ecclesia
1311 448 1420 484 exire
1453 448 1620 495 videtur,
1654 461 1727 485 non

410 504 476 553 qui
506 506 767 554 corporaliter
795 506 889 552 exit,
920 506 989 542 sed
1017 506 1083 554 qui
1112 506 1371 555 spiritualiter
1402 506 1576 542 veritatis
1609 507 1727 543 eccle-

411 562 565 599 siastice
586 564 850 611 fundamenta
891 564 1080 612 relinquit.
1125 564 1208 600 Nos
1240 564 1337 600 enim
1375 564 1421 599 ab
1461 564 1539 600 illis
1576 564 1759 601 eximus5

412 632 600 669 corpore;
642 621 702 656 illi
743 629 869 657 autem
908 634 930 656 a
975 621 1081 657 nobis
1123 622 1273 667 animo;
1310 634 1378 657 nos
1421 622 1518 657 enim
1564 622 1610 657 ab
1651 622 1728 658 illis

412 678 563 714 eximus
596 679 693 726 loco,
726 679 785 714 illi
805 686 930 714 autem
964 691 985 714 a
1019 679 1244 729 nobisfide‚·
1275 692 1343 716 nos
1366 680 1471 728 apud
1501 680 1589 715 illos
1611 680 1726 716 relin-

411 736 560 783 quimus
593 737 856 784 fundamenta
895 737 1104 785 parietum,
1150 737 1208 772 illi
1245 738 1349 787 apud
1390 749 1458 773 nos
1509 737 1729 786 relinquunt

403 794 669 841 fundamenta
715 795 1018 844 scripturarum.
1066 795 1148 830 Nos
1194 795 1241 830 ab
1286 795 1363 831 illis
1406 795 1558 845 egressi
1597 808 1728 832 sumus

411 852 619 887 secundum
644 860 841 901 aspectum
875 853 1087 899 hominum,
1111 852 1168 887 illi
1197 860 1323 889 autem
1346 866 1368 888 a
1392 853 1498 889 nobis
1518 854 1726 889 secundum
1747 866 1784 887 10

411 909 591 945 iudicium
625 911 711 948 Dei.
745 911 835 946 Ideo
868 918 903 946 et
925 911 983 946 illi
1012 911 1240 959 corporales
1263 911 1466 946 christiani
1489 923 1727 960 persequun-

413 974 479 1002 tur
510 975 664 1004 nostros
695 968 919 1017 spirituales
949 968 1075 1017 specie
1118 968 1294 1004 colorata
1328 968 1516 1004 varietate
1537 969 1726 1017 fundata.

413 1025 629 1074 Propterea
662 1038 733 1075 que
758 1027 810 1061 ad
842 1026 950 1061 illam
982 1026 1198 1062 Jerusalem
1232 1027 1478 1075 corporalem
1513 1027 1615 1062 dicta
1648 1039 1729 1063 esse

413 1083 613 1119 videntur:
642 1084 859 1120 Jerusalem
888 1084 1105 1120 Jerusalem
1145 1096 1214 1132 que
1246 1084 1387 1120 occidis
1414 1086 1629 1134 prophetas
1660 1092 1727 1121 etc.

411 1153 484 1177 non
524 1141 626 1177 dixit
672 1154 741 1190 que
779 1141 953 1178 occidisti
988 1149 1022 1178 et
1054 1142 1248 1191 lapidasti,
1286 1142 1355 1178 sed
1392 1154 1461 1190 que
1498 1142 1654 1189 occidis,
1693 1144 1783 1179 et15

413 1199 578 1248 lapidas,
624 1199 664 1234 id
702 1206 769 1246 est,
809 1211 878 1248 que
922 1200 993 1235 hoc
1031 1199 1239 1249 proprium
1284 1208 1319 1236 et
1356 1200 1467 1248 quasi
1508 1201 1726 1236 naturalem

410 1258 719 1293 consuetudinem
760 1258 876 1293 habes
908 1265 949 1292 ut
981 1258 1134 1293 occidas
1177 1265 1212 1293 et
1259 1258 1408 1307 lapides
1438 1265 1604 1294 sanctos.
1640 1259 1727 1294 Non

411 1314 508 1350 enim
561 1315 699 1352 occidit
749 1323 816 1351 aut
868 1315 1058 1364 lapidavit
1113 1323 1267 1352 sanctos
1309 1322 1397 1351 ante
1433 1316 1631 1352 Christum
1691 1323 1727 1352 et

411 1373 574 1409 cessavit
624 1374 767 1422 facere
823 1380 915 1422 post
972 1373 1170 1409 Christum
1232 1385 1302 1422 que
1359 1373 1462 1421 fecit
1518 1374 1725 1423 aliquando

406 1431 631 1480 proplzetis;
672 1432 741 1467 sed
785 1431 917 1467 eadem
957 1431 1040 1480 ipsa
1081 1432 1176 1478 fecit
1209 1431 1394 1480 apostolis
1431 1444 1503 1480 que
1524 1431 1626 1480 fecit
1657 1431 1726 1467 ali-
1743 1443 1784 1465 20

411 1489 562 1537 quando
591 1489 807 1538 prophetis.
842 1489 905 1524 Sic
937 1497 971 1525 et
1009 1489 1268 1525 hereticorum
1301 1489 1461 1525 ecclesia
1495 1502 1569 1526 non
1600 1490 1725 1526 solum

406 1554 611 1595 persecuta
645 1555 700 1583 est
726 1554 864 1596 patres
897 1554 1049 1583 nostros
1082 1554 1117 1583 et
1143 1547 1328 1596 persequi
1357 1547 1432 1583 iam
1466 1548 1629 1583 cessavit
1658 1547 1727 1583 sed

412 1604 633 1654 eademfilii
647 1617 778 1640 eorum
791 1605 950 1653 faciunt
963 1605 1070 1641 nohis
1091 1617 1161 1653 que
1181 1605 1362 1654 patribus
1384 1605 1526 1641 nostris
1541 1606 1728 1653 fecerunt

407 1669 544 1710 patres
569 1675 716 1699 eorum.
750 1663 962 1699 Mittuntur
983 1663 1080 1699 enim
1104 1663 1156 1698 ad
1177 1664 1265 1699 illos
1297 1663 1537 1712 virifideles,
1559 1663 1727 1712 quocies-

412 1732 558 1768 cunque
595 1721 694 1756 inter
733 1721 821 1757 illos
860 1728 895 1756 et
913 1721 1058 1770 fideles
1103 1729 1297 1757 certamen
1325 1720 1427 1770 fidei
1463 1728 1727 1757 commovetur
1742 1721 1781 1753 25

412 1790 484 1813 uon
517 1790 568 1814 ex
598 1779 781 1815 ebrietate
803 1779 891 1825 vini,
924 1779 1021 1815 sicut
1041 1779 1138 1828 fieri
1163 1780 1261 1815 solet
1295 1779 1541 1827 frequenter,
1573 1779 1642 1815 sed
1674 1790 1724 1814 ex

412 1836 539 1884 aliqua
564 1849 678 1872 causa
696 1837 920 1887 religionis,·
941 1837 1147 1873 mittuntur
1164 1838 1215 1873 ad
1237 1837 1336 1883 illos,
1359 1837 1457 1873 sicut
1479 1836 1726 1872 mittebantur

405 1894 599 1943 prophete
630 1902 665 1930 et
695 1895 864 1944 apostoli
898 1895 950 1930 ad
979 1895 1134 1941 Judeos,
1168 1907 1240 1931 non
1280 1895 1330 1930 ad
1366 1896 1528 1930 salutem
1569 1906 1726 1939 eorum,-

411 1952 642 1988 insanabiles
663 1960 750 1988 sunt
788 1953 900 1997 enim,
933 1954 1002 1988 sed
1033 1954 1085 1988 ad
1107 1953 1367 2001 preiudiciunz
1393 1965 1541 1996 eorum,
1574 1959 1613 1987 ut
1645 1951 1725 1987 sine

411 2010 666 2047 excusacione
697 2011 923 2061 ignorancie
955 2011 1183 2048 iudicentur.
1740 2011 1781 2044 30

468 2069 561 2104 Item
594 2069 721 2115 aliter,
755 2068 915 2105 heretici
939 2069 1155 2118 prophetas
1188 2075 1222 2104 et
1246 2068 1442 2117 apostolos
1463 2075 1498 2103 et
1524 2075 1725 2119 martyres

412 2126 602 2174 quomodo
624 2134 711 2162 sunt
733 2127 838 2176 apud
861 2139 929 2162 nos
952 2127 1066 2162 modo
1090 2126 1170 2162 sine
1202 2126 1316 2162 dubio
1340 2126 1516 2162 occidunt
1539 2125 1575 2161 in
1599 2125 1724 2161 verbis

410 2185 489 2219 suis
521 2191 556 2219 et
586 2185 743 2220 actibus.
790 2184 980 2228 Quociens
1002 2184 1099 2220 enim
1134 2184 1318 2234 leguntur
1349 2185 1384 2219 in
1417 2183 1584 2219 ecclesiis
1617 2182 1724 2219 nobis

413 2242 528 2277 verba
567 2249 603 2278 et
634 2250 720 2278 acta
748 2243 1033 2291 prophetarum
1072 2249 1107 2277 et
1145 2242 1425 2290 apostolorum,
1458 2240 1650 2291 prophete
1689 2247 1724 2276 et

410 2300 576 2348 apostoli
606 2300 713 2336 missi
740 2300 878 2335 nichilo
901 2300 1025 2335 minus
1049 2300 1256 2347 loquuntur
1286 2300 1338 2334 ad
1360 2311 1447 2344 nos‚·
1478 2311 1572 2347 quos
1594 2310 1724 2334 omnes
1740 2300 1779 2333 35

411 2358 547 2393 missos
569 2358 621 2393 ad
640 2370 681 2394 se
703 2358 863 2394 heretici
884 2358 972 2393 dum
992 2358 1196 2408 negligunt
1217 2365 1252 2393 et
1271 2357 1373 2393 male
1403 2357 1722 2406 interpretantur,

480 2524 504 2543 2.
520 2517 565 2543 A:
588 2516 635 2543 illi
654 2515 746 2542 deest.
802 2525 831 2547 4.
853 2516 896 2542 A:
916 2515 1028 2550 siqui}
1046 2515 1087 2542 ib.
1103 2515 1146 2542 A:
1162 2515 1279 2542 veritas
1292 2514 1441 2541 veritatis.
1498 2514 1579 2548 6—7.
1595 2513 1639 2540 A:
1655 2520 1723 2539 cor-

406 2559 532 2586 pore—
547 2551 596 2577 illi
613 2551 707 2577 deest.
728 2550 874 2584 Sequitur
894 2550 961 2577 loco
979 2549 1162 2584 posteriori.
1253 2549 1280 2576 8.
1307 2550 1335 2576 A
1352 2558 1357 2575 :
1382 2548 1468 2583 apud
1493 2555 1625 2582 corpore
1653 2547 1721 2586 (sic)

411 2586 611 2619 reliquerunt.
680 2585 718 2611 13.
739 2586 782 2611 A:
810 2585 892 2611 dicta
913 2587 965 2616 est,
985 2584 1066 2611 dicta
1087 2592 1152 2611 esse
1171 2584 1322 2610 videntur.
1342 2583 1482 2610 Rectius:
1503 2590 1562 2617 que
1580 2589 1724 2621 superius

412 2621 562 2647 Dominus
593 2622 886 2647 commemoraverat
928 2627 988 2646 non
1020 2619 1063 2646 ad
1097 2619 1181 2645 illam
1212 2617 1382 2645 Jerusalem
1414 2617 1608 2652 corporalem
1639 2616 1722 2642 dicta

411 2663 476 2681 esse
496 2655 645 2681 videntur.
720 2653 760 2680 16⁴
783 2655 827 2681 A:
849 2661 907 2688 que
926 2654 983 2680 hoc
997 2653 1097 2687 dees13
1120 2653 1157 2680 B:
1178 2661 1236 2688 que
1255 2653 1285 2679 in
1302 2660 1397 2686 marg.
1472 2660 1510 2686 ¹7-
1531 2652 1575 2678 A:
1597 2650 1722 2677 habens.

412 2698 454 2722 ιο,
470 2697 516 2716 20.
538 2689 654 2716 Codd:
674 2689 843 2722 aliquando
859 2688 1020 2723 prophetis
1033 2688 1126 2714 deest.
1182 2695 1220 2714 21.
1241 2688 1284 2714 A:
1300 2687 1338 2714 de
1351 2686 1565 2713 hereticorum.
1601 2719 1605 2724 ⁵
1620 2684 1662 2712 25.
1677 2685 1722 2711 A:

407 2721 619 2758 promovetur.
709 2722 748 2750 31.
771 2722 887 2750 codd:
913 2723 1066 2758 prophete
1091 2725 1120 2749 et
1138 2722 1280 2757 aposloli.
1391 2719 1433 2748 35.
1453 2721 1497 2748 A:
1518 2721 1603 2747 missz
1622 2720 1722 2753 deest;

414 2759 435 2785 15
457 2759 485 2785 in
509 2766 604 2792 marg.
627 2758 720 2784 addit.
812 2757 858 2784 36.
880 2756 983 2784 Recte:
1005 2757 1074 2784 dum
1095 2757 1212 2792 legunt.

485 2843 514 2874 3.
542 2842 563 2872 Ι.
589 2840 667 2872 Joh.
696 2841 734 2880 11,
766 2850 815 2883 ¹9·
