<?xml version="1.0" encoding="UTF-8"?>
<!DOCTYPE html PUBLIC "-//W3C//DTD XHTML 1.0 Transitional//EN"
    "http://www.w3.org/TR/xhtml1/DTD/xhtml1-transitional.dtd">
<html xmlns="http://www.w3.org/1999/xhtml" xml:lang="en" lang="en">
 <head>
  <title>
</title>
<meta http-equiv="Content-Type" content="text/html;charset=utf-8" />
  <meta name='ocr-system' content='tesseract 3.04.00' />
  <meta name='ocr-capabilities' content='ocr_page ocr_carea ocr_par ocr_line ocrx_word'/>
</head>
<body>
  <div class='ocr_page' id='page_1' title='image "./opusevangelicum34wycl/opusevangelicum34wycl_0284.png"; bbox 0 0 1986 3289; ppageno 0'>
   <div class='ocr_carea' id='block_1_1' title="bbox 181 182 1775 235">
    <p class='ocr_par' dir='ltr' id='par_1_1' title="bbox 181 182 1775 235">
     <span class='ocr_line' id='line_1_1' title="bbox 181 182 1775 235; baseline -0.001 -10"><span class='ocrx_word' id='word_1_1' title='bbox 181 184 260 231; x_wconf 77' lang='lat'>246</span> <span class='ocrx_word' id='word_1_2' title='bbox 772 194 889 224; x_wconf 78' lang='lat' dir='ltr'>opus</span> <span class='ocrx_word' id='word_1_3' title='bbox 915 194 1249 225; x_wconf 79' lang='lat' dir='ltr'>EVANGELICUM</span> <span class='ocrx_word' id='word_1_4' title='bbox 1278 194 1361 224; x_wconf 56' lang='grc' dir='ltr'>[ΑΒ.</span> <span class='ocrx_word' id='word_1_5' title='bbox 1388 194 1441 225; x_wconf 87' lang='lat'><em>111.</em></span> <span class='ocrx_word' id='word_1_6' title='bbox 1539 182 1646 235; x_wconf 72' lang='lat' dir='ltr'>[CAP.</span> <span class='ocrx_word' id='word_1_7' title='bbox 1667 191 1775 219; x_wconf 82' lang='lat' dir='ltr'><strong>LXVI.</strong></span> 
     </span>
    </p>
   </div>
   <div class='ocr_carea' id='block_1_2' title="bbox 193 298 1840 1447">
    <p class='ocr_par' dir='ltr' id='par_1_2' title="bbox 193 298 1840 1447">
     <span class='ocr_line' id='line_1_2' title="bbox 470 298 1776 349; baseline 0.002 -16"><span class='ocrx_word' id='word_1_8' title='bbox 470 310 542 334; x_wconf 89' lang='lat' dir='ltr'>non</span> <span class='ocrx_word' id='word_1_9' title='bbox 568 299 759 347; x_wconf 80' lang='lat' dir='ltr'>permittit</span> <span class='ocrx_word' id='word_1_10' title='bbox 783 298 892 349; x_wconf 77' lang='lat' dir='ltr'>longi</span> <span class='ocrx_word' id='word_1_11' title='bbox 921 300 1106 348; x_wconf 81' lang='lat' dir='ltr'>temporis</span> <span class='ocrx_word' id='word_1_12' title='bbox 1137 312 1229 349; x_wconf 79' lang='lat' dir='ltr'>opus</span> <span class='ocrx_word' id='word_1_13' title='bbox 1259 300 1442 349; x_wconf 74' lang='lat' dir='ltr'>iniplere;</span> <span class='ocrx_word' id='word_1_14' title='bbox 1472 300 1525 336; x_wconf 92' lang='lat' dir='ltr'>sic</span> <span class='ocrx_word' id='word_1_15' title='bbox 1557 307 1592 336; x_wconf 87' lang='lat' dir='ltr'>et</span> <span class='ocrx_word' id='word_1_16' title='bbox 1624 301 1776 336; x_wconf 85' lang='lat' dir='ltr'>domino</span> 
     </span>
     <span class='ocr_line' id='line_1_3' title="bbox 470 356 1779 407; baseline 0.002 -16"><span class='ocrx_word' id='word_1_17' title='bbox 470 356 623 392; x_wconf 83' lang='lat' dir='ltr'>absente</span> <span class='ocrx_word' id='word_1_18' title='bbox 655 357 781 392; x_wconf 86' lang='lat' dir='ltr'>malus</span> <span class='ocrx_word' id='word_1_19' title='bbox 811 369 947 392; x_wconf 72' lang='lat' dir='ltr'>servus</span> <span class='ocrx_word' id='word_1_20' title='bbox 980 369 1051 393; x_wconf 87' lang='lat' dir='ltr'>non</span> <span class='ocrx_word' id='word_1_21' title='bbox 1084 358 1218 407; x_wconf 78' lang='lat' dir='ltr'><em>aspicit</em></span> <span class='ocrx_word' id='word_1_22' title='bbox 1249 370 1380 406; x_wconf 80' lang='lat' dir='ltr'>opera,</span> <span class='ocrx_word' id='word_1_23' title='bbox 1424 358 1517 407; x_wconf 77' lang='lat' dir='ltr'>quid</span> <span class='ocrx_word' id='word_1_24' title='bbox 1537 358 1655 406; x_wconf 86' lang='lat' dir='ltr'>facit,</span> <span class='ocrx_word' id='word_1_25' title='bbox 1689 358 1779 406; x_wconf 84' lang='lat' dir='ltr'>quid</span> 
     </span>
     <span class='ocr_line' id='line_1_4' title="bbox 470 414 1779 466; baseline 0.002 -18"><span class='ocrx_word' id='word_1_26' title='bbox 470 425 542 449; x_wconf 88' lang='lat' dir='ltr'>non</span> <span class='ocrx_word' id='word_1_27' title='bbox 564 414 672 462; x_wconf 83' lang='lat' dir='ltr'>facit</span> <span class='ocrx_word' id='word_1_28' title='bbox 704 422 769 450; x_wconf 82' lang='lat' dir='ltr'>aut</span> <span class='ocrx_word' id='word_1_29' title='bbox 800 415 990 462; x_wconf 83' lang='lat' dir='ltr'>quomodo</span> <span class='ocrx_word' id='word_1_30' title='bbox 1022 415 1157 461; x_wconf 82' lang='lat' dir='ltr'>credit,</span> <span class='ocrx_word' id='word_1_31' title='bbox 1197 427 1263 451; x_wconf 92' lang='lat' dir='ltr'>nec</span> <span class='ocrx_word' id='word_1_32' title='bbox 1296 416 1442 466; x_wconf 74' lang='lat' dir='ltr'>cogitat</span> <span class='ocrx_word' id='word_1_33' title='bbox 1476 416 1563 464; x_wconf 84' lang='lat' dir='ltr'>quia</span> <span class='ocrx_word' id='word_1_34' title='bbox 1596 422 1779 451; x_wconf 81' lang='lat' dir='ltr'>venturus</span> 
     </span>
     <span class='ocr_line' id='line_1_5' title="bbox 471 472 1778 523; baseline 0.002 -17"><span class='ocrx_word' id='word_1_35' title='bbox 471 479 525 507; x_wconf 86' lang='lat' dir='ltr'>est</span> <span class='ocrx_word' id='word_1_36' title='bbox 557 472 736 508; x_wconf 82' lang='lat' dir='ltr'>dominus</span> <span class='ocrx_word' id='word_1_37' title='bbox 768 472 847 508; x_wconf 85' lang='lat' dir='ltr'>eius</span> <span class='ocrx_word' id='word_1_38' title='bbox 879 479 914 508; x_wconf 88' lang='lat' dir='ltr'>et</span> <span class='ocrx_word' id='word_1_39' title='bbox 946 485 1064 521; x_wconf 83' lang='lat' dir='ltr'>opera</span> <span class='ocrx_word' id='word_1_40' title='bbox 1097 480 1325 522; x_wconf 80' lang='lat' dir='ltr'><strong><em>aspecturus</em></strong></span> <span class='ocrx_word' id='word_1_41' title='bbox 1357 481 1391 509; x_wconf 88' lang='lat' dir='ltr'>et</span> <span class='ocrx_word' id='word_1_42' title='bbox 1411 473 1550 523; x_wconf 85' lang='lat' dir='ltr'>fidem,</span> <span class='ocrx_word' id='word_1_43' title='bbox 1594 474 1663 509; x_wconf 86' lang='lat' dir='ltr'>sed</span> <span class='ocrx_word' id='word_1_44' title='bbox 1694 477 1778 509; x_wconf 82' lang='lat' dir='ltr'>cuin</span> 
     </span>
     <span class='ocr_line' id='line_1_6' title="bbox 472 529 1811 581; baseline 0.002 -17"><span class='ocrx_word' id='word_1_45' title='bbox 472 529 611 565; x_wconf 80' lang='lat' dir='ltr'>viderit</span> <span class='ocrx_word' id='word_1_46' title='bbox 642 542 726 566; x_wconf 84' lang='lat' dir='ltr'>eum</span> <span class='ocrx_word' id='word_1_47' title='bbox 760 530 968 566; x_wconf 74' lang='lat' dir='ltr'>venientem</span> <span class='ocrx_word' id='word_1_48' title='bbox 1002 532 1048 566; x_wconf 85' lang='lat' dir='ltr'>de</span> <span class='ocrx_word' id='word_1_49' title='bbox 1080 531 1209 581; x_wconf 77' lang='lat' dir='ltr'>longe,</span> <span class='ocrx_word' id='word_1_50' title='bbox 1255 538 1343 567; x_wconf 87' lang='lat' dir='ltr'>tunc</span> <span class='ocrx_word' id='word_1_51' title='bbox 1374 531 1507 580; x_wconf 78' lang='lat' dir='ltr'><em>aspicit</em></span> <span class='ocrx_word' id='word_1_52' title='bbox 1546 543 1663 580; x_wconf 83' lang='lat' dir='ltr'>opera</span> <span class='ocrx_word' id='word_1_53' title='bbox 1696 541 1811 577; x_wconf 77' lang='lat' dir='ltr'>sua,5</span> 
     </span>
     <span class='ocr_line' id='line_1_7' title="bbox 470 587 1779 638; baseline 0.002 -17"><span class='ocrx_word' id='word_1_54' title='bbox 470 594 558 622; x_wconf 87' lang='lat' dir='ltr'>tunc</span> <span class='ocrx_word' id='word_1_55' title='bbox 581 587 707 636; x_wconf 80' lang='lat' dir='ltr'><em>incipit</em></span> <span class='ocrx_word' id='word_1_56' title='bbox 729 588 937 636; x_wconf 81' lang='lat' dir='ltr'>festinare,</span> <span class='ocrx_word' id='word_1_57' title='bbox 971 589 1039 624; x_wconf 81' lang='lat' dir='ltr'>sed</span> <span class='ocrx_word' id='word_1_58' title='bbox 1061 588 1177 625; x_wconf 83' lang='lat' dir='ltr'><em>nichil</em></span> <span class='ocrx_word' id='word_1_59' title='bbox 1199 588 1234 625; x_wconf 92' lang='lat' dir='ltr'>ei</span> <span class='ocrx_word' id='word_1_60' title='bbox 1254 589 1435 638; x_wconf 80' lang='lat' dir='ltr'>proderit</span> <span class='ocrx_word' id='word_1_61' title='bbox 1454 589 1665 637; x_wconf 86' lang='lat' dir='ltr'>festinacio</span> <span class='ocrx_word' id='word_1_62' title='bbox 1688 589 1779 633; x_wconf 82' lang='lat' dir='ltr'>eius,</span> 
     </span>
     <span class='ocr_line' id='line_1_8' title="bbox 472 645 1779 696; baseline 0.002 -17"><span class='ocrx_word' id='word_1_63' title='bbox 472 645 557 693; x_wconf 84' lang='lat' dir='ltr'>quia</span> <span class='ocrx_word' id='word_1_64' title='bbox 591 645 836 696; x_wconf 79' lang='lat' dir='ltr'><em>negligencia</em></span> <span class='ocrx_word' id='word_1_65' title='bbox 881 647 1090 682; x_wconf 77' lang='lat' dir='ltr'>inultorum</span> <span class='ocrx_word' id='word_1_66' title='bbox 1125 646 1275 682; x_wconf 84' lang='lat' dir='ltr'>dierum</span> <span class='ocrx_word' id='word_1_67' title='bbox 1320 659 1392 683; x_wconf 87' lang='lat' dir='ltr'>non</span> <span class='ocrx_word' id='word_1_68' title='bbox 1419 654 1545 696; x_wconf 81' lang='lat' dir='ltr'>potest</span> <span class='ocrx_word' id='word_1_69' title='bbox 1577 659 1651 682; x_wconf 88' lang='lat' dir='ltr'>una</span> <span class='ocrx_word' id='word_1_70' title='bbox 1682 647 1779 682; x_wconf 82' lang='lat' dir='ltr'>liora</span> 
     </span>
     <span class='ocr_line' id='line_1_9' title="bbox 471 702 1070 751; baseline 0.008 -14"><span class='ocrx_word' id='word_1_71' title='bbox 471 702 637 751; x_wconf 75' lang='lat' dir='ltr'>implet-i.</span> <span class='ocrx_word' id='word_1_72' title='bbox 671 704 754 739; x_wconf 88' lang='lat' dir='ltr'>Hec</span> <span class='ocrx_word' id='word_1_73' title='bbox 788 702 1070 743; x_wconf 84' lang='lat' dir='ltr'>Crisostomus.</span> 
     </span>
     <span class='ocr_line' id='line_1_10' title="bbox 198 756 1780 818; baseline 0.001 -23"><span class='ocrx_word' id='word_1_74' title='bbox 198 756 443 818; x_wconf 52' lang='lat' dir='ltr'>ffiafflofffffflegtf</span> <span class='ocrx_word' id='word_1_75' title='bbox 527 760 695 797; x_wconf 88' lang='lat' dir='ltr'>Videtur</span> <span class='ocrx_word' id='word_1_76' title='bbox 728 760 847 797; x_wconf 87' lang='lat' dir='ltr'>istum</span> <span class='ocrx_word' id='word_1_77' title='bbox 881 770 1063 798; x_wconf 88' lang='lat' dir='ltr'>sanctum</span> <span class='ocrx_word' id='word_1_78' title='bbox 1089 762 1345 798; x_wconf 88' lang='lat' dir='ltr'>concorditer</span> <span class='ocrx_word' id='word_1_79' title='bbox 1378 763 1427 798; x_wconf 86' lang='lat' dir='ltr'>ad</span> <span class='ocrx_word' id='word_1_80' title='bbox 1461 761 1567 798; x_wconf 84' lang='lat' dir='ltr'>dicta</span> <span class='ocrx_word' id='word_1_81' title='bbox 1600 760 1780 809; x_wconf 82' lang='lat' dir='ltr'>superius</span> 
     </span>
     <span class='ocr_line' id='line_1_11' title="bbox 193 812 1839 868; baseline 0.002 -16"><span class='ocrx_word' id='word_1_82' title='bbox 193 812 454 853; x_wconf 54' lang='lat' dir='ltr'>Christ&#39;s‘geeond</span> <span class='ocrx_word' id='word_1_83' title='bbox 474 818 618 854; x_wconf 90' lang='lat' dir='ltr'>docere</span> <span class='ocrx_word' id='word_1_84' title='bbox 664 820 844 867; x_wconf 83' lang='lat' dir='ltr'>exemplo</span> <span class='ocrx_word' id='word_1_85' title='bbox 885 832 1091 856; x_wconf 87' lang='lat' dir='ltr'>armorum</span> <span class='ocrx_word' id='word_1_86' title='bbox 1139 821 1302 868; x_wconf 90' lang='lat' dir='ltr'>quando</span> <span class='ocrx_word' id='word_1_87' title='bbox 1337 819 1524 856; x_wconf 89' lang='lat' dir='ltr'>conducti</span> <span class='ocrx_word' id='word_1_88' title='bbox 1558 827 1839 860; x_wconf 72' lang='lat' dir='ltr'>monstrentm</span> 
     </span>
     <span class='ocr_line' id='line_1_12' title="bbox 250 861 1780 927; baseline 0 -15"><span class='ocrx_word' id='word_1_89' title='bbox 250 861 385 888; x_wconf 76' lang='lat' dir='ltr'>Advent.</span> <span class='ocrx_word' id='word_1_90' title='bbox 471 888 511 912; x_wconf 87' lang='lat' dir='ltr'>se</span> <span class='ocrx_word' id='word_1_91' title='bbox 544 878 594 913; x_wconf 88' lang='lat' dir='ltr'>ad</span> <span class='ocrx_word' id='word_1_92' title='bbox 627 876 887 913; x_wconf 84' lang='lat' dir='ltr'>idoneitatem</span> <span class='ocrx_word' id='word_1_93' title='bbox 938 877 1137 923; x_wconf 82' lang='lat' dir='ltr'>bellicam,</span> <span class='ocrx_word' id='word_1_94' title='bbox 1173 878 1355 927; x_wconf 74' lang='lat' dir='ltr'>qualiter</span> <span class='ocrx_word' id='word_1_95' title='bbox 1393 877 1433 913; x_wconf 93' lang='lat' dir='ltr'>in</span> <span class='ocrx_word' id='word_1_96' title='bbox 1478 877 1587 914; x_wconf 83' lang='lat' dir='ltr'>finali</span> <span class='ocrx_word' id='word_1_97' title='bbox 1631 876 1780 925; x_wconf 84' lang='lat' dir='ltr'>iudicio</span> 
     </span>
     <span class='ocr_line' id='line_1_13' title="bbox 471 934 1782 984; baseline 0 -14"><span class='ocrx_word' id='word_1_98' title='bbox 471 943 683 971; x_wconf 87' lang='lat' dir='ltr'>occurrent</span> <span class='ocrx_word' id='word_1_99' title='bbox 727 934 872 984; x_wconf 85' lang='lat' dir='ltr'>singuli</span> <span class='ocrx_word' id='word_1_100' title='bbox 906 947 946 972; x_wconf 84' lang='lat' dir='ltr'>se</span> <span class='ocrx_word' id='word_1_101' title='bbox 978 944 1180 984; x_wconf 81' lang='lat' dir='ltr'>parantes,</span> <span class='ocrx_word' id='word_1_102' title='bbox 1229 944 1266 972; x_wconf 86' lang='lat' dir='ltr'>et</span> <span class='ocrx_word' id='word_1_103' title='bbox 1298 935 1353 972; x_wconf 88' lang='lat' dir='ltr'>ita</span> <span class='ocrx_word' id='word_1_104' title='bbox 1387 935 1568 984; x_wconf 84' lang='lat' dir='ltr'>quamvis</span> <span class='ocrx_word' id='word_1_105' title='bbox 1602 934 1782 984; x_wconf 87' lang='lat' dir='ltr'>quolibet</span> 
     </span>
     <span class='ocr_line' id='line_1_14' title="bbox 471 992 1780 1041; baseline 0 -13"><span class='ocrx_word' id='word_1_106' title='bbox 471 1004 576 1029; x_wconf 84' lang='lat' dir='ltr'>anno</span> <span class='ocrx_word' id='word_1_107' title='bbox 608 992 778 1041; x_wconf 84' lang='lat' dir='ltr'>legimus</span> <span class='ocrx_word' id='word_1_108' title='bbox 811 994 858 1029; x_wconf 91' lang='lat' dir='ltr'>de</span> <span class='ocrx_word' id='word_1_109' title='bbox 892 995 1067 1030; x_wconf 87' lang='lat' dir='ltr'>adventu</span> <span class='ocrx_word' id='word_1_110' title='bbox 1106 993 1257 1041; x_wconf 80' lang='lat' dir='ltr'>duplici</span> <span class='ocrx_word' id='word_1_111' title='bbox 1290 993 1522 1039; x_wconf 85' lang='lat' dir='ltr'>Salvatoris,</span> <span class='ocrx_word' id='word_1_112' title='bbox 1569 994 1616 1029; x_wconf 87' lang='lat' dir='ltr'>de</span> <span class='ocrx_word' id='word_1_113' title='bbox 1649 992 1780 1041; x_wconf 85' lang='lat' dir='ltr'>primo</span> 
     </span>
     <span class='ocr_line' id='line_1_15' title="bbox 470 1047 1780 1099; baseline 0 -13"><span class='ocrx_word' id='word_1_114' title='bbox 470 1052 676 1099; x_wconf 87' lang='lat' dir='ltr'>quomodo</span> <span class='ocrx_word' id='word_1_115' title='bbox 720 1050 827 1087; x_wconf 90' lang='lat' dir='ltr'>venit</span> <span class='ocrx_word' id='word_1_116' title='bbox 871 1050 911 1086; x_wconf 90' lang='lat' dir='ltr'>in</span> <span class='ocrx_word' id='word_1_117' title='bbox 955 1051 1181 1088; x_wconf 85' lang='lat' dir='ltr'>humilitate</span> <span class='ocrx_word' id='word_1_118' title='bbox 1215 1060 1252 1087; x_wconf 93' lang='lat' dir='ltr'>et</span> <span class='ocrx_word' id='word_1_119' title='bbox 1285 1050 1372 1088; x_wconf 85' lang='lat' dir='ltr'>aliis</span> <span class='ocrx_word' id='word_1_120' title='bbox 1405 1050 1618 1088; x_wconf 87' lang='lat' dir='ltr'>virtutibus</span> <span class='ocrx_word' id='word_1_121' title='bbox 1651 1047 1780 1087; x_wconf 45' lang='lat' dir='ltr'>incar*-</span> 
     </span>
     <span class='ocr_line' id='line_1_16' title="bbox 469 1107 1837 1158; baseline -0.001 -14"><span class='ocrx_word' id='word_1_122' title='bbox 469 1110 640 1154; x_wconf 85' lang='lat' dir='ltr'>nandus,</span> <span class='ocrx_word' id='word_1_123' title='bbox 674 1108 714 1145; x_wconf 91' lang='lat' dir='ltr'>in</span> <span class='ocrx_word' id='word_1_124' title='bbox 747 1110 924 1145; x_wconf 87' lang='lat' dir='ltr'>secundo</span> <span class='ocrx_word' id='word_1_125' title='bbox 949 1110 1154 1158; x_wconf 87' lang='lat' dir='ltr'>quomodo</span> <span class='ocrx_word' id='word_1_126' title='bbox 1186 1108 1319 1146; x_wconf 89' lang='lat' dir='ltr'>veniet</span> <span class='ocrx_word' id='word_1_127' title='bbox 1351 1110 1402 1145; x_wconf 86' lang='lat' dir='ltr'>ad</span> <span class='ocrx_word' id='word_1_128' title='bbox 1438 1109 1555 1145; x_wconf 85' lang='lat' dir='ltr'>finale</span> <span class='ocrx_word' id='word_1_129' title='bbox 1588 1107 1780 1145; x_wconf 88' lang='lat' dir='ltr'>iudicium</span> <span class='ocrx_word' id='word_1_130' title='bbox 1802 1112 1837 1144; x_wconf 84' lang='lat'>15</span> 
     </span>
     <span class='ocr_line' id='line_1_17' title="bbox 469 1165 1783 1215; baseline 0 -13"><span class='ocrx_word' id='word_1_131' title='bbox 469 1166 716 1203; x_wconf 85' lang='lat' dir='ltr'>iudicaturus</span> <span class='ocrx_word' id='word_1_132' title='bbox 761 1179 853 1203; x_wconf 87' lang='lat' dir='ltr'>suos</span> <span class='ocrx_word' id='word_1_133' title='bbox 902 1166 1047 1203; x_wconf 86' lang='lat' dir='ltr'>milites</span> <span class='ocrx_word' id='word_1_134' title='bbox 1092 1179 1191 1215; x_wconf 89' lang='lat' dir='ltr'>quos</span> <span class='ocrx_word' id='word_1_135' title='bbox 1239 1176 1321 1204; x_wconf 86' lang='lat' dir='ltr'>tam</span> <span class='ocrx_word' id='word_1_136' title='bbox 1368 1175 1483 1203; x_wconf 88' lang='lat' dir='ltr'>acute</span> <span class='ocrx_word' id='word_1_137' title='bbox 1530 1166 1570 1208; x_wconf 86' lang='lat' dir='ltr'>in</span> <span class='ocrx_word' id='word_1_138' title='bbox 1615 1166 1692 1202; x_wconf 89' lang='lat' dir='ltr'>fide</span> <span class='ocrx_word' id='word_1_139' title='bbox 1725 1165 1783 1202; x_wconf 86' lang='lat' dir='ltr'>in—</span> 
     </span>
     <span class='ocr_line' id='line_1_18' title="bbox 469 1223 1784 1272; baseline 0 -12"><span class='ocrx_word' id='word_1_140' title='bbox 469 1233 665 1261; x_wconf 80' lang='lat' dir='ltr'>struxerat</span> <span class='ocrx_word' id='word_1_141' title='bbox 699 1233 736 1261; x_wconf 89' lang='lat' dir='ltr'>et</span> <span class='ocrx_word' id='word_1_142' title='bbox 768 1224 925 1271; x_wconf 82' lang='lat' dir='ltr'>virtute,</span> <span class='ocrx_word' id='word_1_143' title='bbox 961 1233 1098 1261; x_wconf 89' lang='lat' dir='ltr'>tamen</span> <span class='ocrx_word' id='word_1_144' title='bbox 1130 1225 1308 1261; x_wconf 89' lang='lat' dir='ltr'>defectus</span> <span class='ocrx_word' id='word_1_145' title='bbox 1341 1224 1433 1261; x_wconf 85' lang='lat' dir='ltr'>fidei</span> <span class='ocrx_word' id='word_1_146' title='bbox 1467 1233 1504 1261; x_wconf 87' lang='lat' dir='ltr'>et</span> <span class='ocrx_word' id='word_1_147' title='bbox 1535 1223 1784 1272; x_wconf 86' lang='lat' dir='ltr'>negligencia</span> 
     </span>
     <span class='ocr_line' id='line_1_19' title="bbox 470 1281 1783 1331; baseline -0.001 -12"><span class='ocrx_word' id='word_1_148' title='bbox 470 1283 517 1319; x_wconf 90' lang='lat' dir='ltr'>de</span> <span class='ocrx_word' id='word_1_149' title='bbox 550 1283 725 1319; x_wconf 92' lang='lat' dir='ltr'>secundo</span> <span class='ocrx_word' id='word_1_150' title='bbox 758 1284 929 1319; x_wconf 83' lang='lat' dir='ltr'>adventu</span> <span class='ocrx_word' id='word_1_151' title='bbox 953 1282 1115 1319; x_wconf 84' lang='lat' dir='ltr'>Domini</span> <span class='ocrx_word' id='word_1_152' title='bbox 1145 1282 1240 1319; x_wconf 89' lang='lat' dir='ltr'>facit</span> <span class='ocrx_word' id='word_1_153' title='bbox 1263 1283 1409 1319; x_wconf 88' lang='lat' dir='ltr'>multos</span> <span class='ocrx_word' id='word_1_154' title='bbox 1432 1282 1472 1318; x_wconf 92' lang='lat' dir='ltr'>in</span> <span class='ocrx_word' id='word_1_155' title='bbox 1494 1281 1783 1331; x_wconf 86' lang='lat' dir='ltr'>preparacione</span> 
     </span>
     <span class='ocr_line' id='line_1_20' title="bbox 469 1339 1782 1389; baseline -0.001 -13"><span class='ocrx_word' id='word_1_156' title='bbox 469 1353 675 1377; x_wconf 85' lang='lat' dir='ltr'>armorum</span> <span class='ocrx_word' id='word_1_157' title='bbox 699 1340 892 1377; x_wconf 86' lang='lat' dir='ltr'>virtutum</span> <span class='ocrx_word' id='word_1_158' title='bbox 926 1349 1154 1389; x_wconf 84' lang='lat' dir='ltr'>torpescere</span> <span class='ocrx_word' id='word_1_159' title='bbox 1187 1350 1225 1377; x_wconf 89' lang='lat' dir='ltr'>et</span> <span class='ocrx_word' id='word_1_160' title='bbox 1258 1340 1312 1378; x_wconf 88' lang='lat' dir='ltr'>sic</span> <span class='ocrx_word' id='word_1_161' title='bbox 1345 1353 1469 1389; x_wconf 89' lang='lat' dir='ltr'>quare</span> <span class='ocrx_word' id='word_1_162' title='bbox 1490 1339 1664 1376; x_wconf 84' lang='lat' dir='ltr'>viatores</span> <span class='ocrx_word' id='word_1_163' title='bbox 1696 1339 1782 1388; x_wconf 90' lang='lat' dir='ltr'>qui-</span> 
     </span>
     <span class='ocr_line' id='line_1_21' title="bbox 471 1397 1840 1447; baseline -0.001 -12"><span class='ocrx_word' id='word_1_164' title='bbox 471 1411 628 1447; x_wconf 87' lang='lat' dir='ltr'>cunque</span> <span class='ocrx_word' id='word_1_165' title='bbox 660 1398 715 1435; x_wconf 87' lang='lat' dir='ltr'>sic</span> <span class='ocrx_word' id='word_1_166' title='bbox 748 1399 954 1446; x_wconf 87' lang='lat' dir='ltr'>peccando</span> <span class='ocrx_word' id='word_1_167' title='bbox 979 1398 1181 1445; x_wconf 85' lang='lat' dir='ltr'>deficiunt,</span> <span class='ocrx_word' id='word_1_168' title='bbox 1216 1407 1357 1446; x_wconf 89' lang='lat' dir='ltr'>torpor</span> <span class='ocrx_word' id='word_1_169' title='bbox 1389 1398 1481 1434; x_wconf 87' lang='lat' dir='ltr'>fidei</span> <span class='ocrx_word' id='word_1_170' title='bbox 1505 1406 1561 1434; x_wconf 89' lang='lat' dir='ltr'>est</span> <span class='ocrx_word' id='word_1_171' title='bbox 1583 1397 1624 1434; x_wconf 92' lang='lat' dir='ltr'>in</span> <span class='ocrx_word' id='word_1_172' title='bbox 1648 1409 1780 1435; x_wconf 83' lang='lat' dir='ltr'>causa.</span> <span class='ocrx_word' id='word_1_173' title='bbox 1798 1412 1840 1433; x_wconf 90' lang='lat'>20</span> 
     </span>
    </p>
   </div>
   <div class='ocr_carea' id='block_1_3' title="bbox 952 1593 1295 1635">
    <p class='ocr_par' dir='ltr' id='par_1_3' title="bbox 952 1593 1295 1635">
     <span class='ocr_line' id='line_1_22' title="bbox 952 1593 1295 1635; baseline -0.006 0"><span class='ocrx_word' id='word_1_174' title='bbox 952 1594 1089 1635; x_wconf 86' lang='lat' dir='ltr'><strong>CAP.</strong></span> <span class='ocrx_word' id='word_1_175' title='bbox 1121 1593 1295 1634; x_wconf 88' lang='lat' dir='ltr'>LXVI.</span> 
     </span>
    </p>
   </div>
   <div class='ocr_carea' id='block_1_4' title="bbox 191 1688 1840 2488">
    <p class='ocr_par' dir='ltr' id='par_1_4' title="bbox 471 1688 1782 1856">
     <span class='ocr_line' id='line_1_23' title="bbox 530 1688 1782 1738; baseline -0.002 -12"><span class='ocrx_word' id='word_1_176' title='bbox 530 1689 719 1738; x_wconf 85' lang='lat' dir='ltr'>Sequitur</span> <span class='ocrx_word' id='word_1_177' title='bbox 759 1690 798 1726; x_wconf 92' lang='lat' dir='ltr'>in</span> <span class='ocrx_word' id='word_1_178' title='bbox 837 1698 945 1726; x_wconf 89' lang='lat' dir='ltr'>textu</span> <span class='ocrx_word' id='word_1_179' title='bbox 979 1689 1165 1726; x_wconf 85' lang='lat' dir='ltr'>Matthei:</span> <span class='ocrx_word' id='word_1_180' title='bbox 1218 1690 1341 1725; x_wconf 82' lang='lat' dir='ltr'>Fatue</span> <span class='ocrx_word' id='word_1_181' title='bbox 1378 1696 1504 1725; x_wconf 83' lang='lat' dir='ltr'>autem</span> <span class='ocrx_word' id='word_1_182' title='bbox 1549 1688 1782 1738; x_wconf 79' lang='lat' dir='ltr'>sapientibus</span> 
     </span>
     <span class='ocr_line' id='line_1_24' title="bbox 473 1746 1782 1796; baseline -0.001 -13"><span class='ocrx_word' id='word_1_183' title='bbox 473 1748 679 1784; x_wconf 84' lang='lat' dir='ltr'>dixerunt:</span> <span class='ocrx_word' id='word_1_184' title='bbox 710 1748 813 1784; x_wconf 89' lang='lat' dir='ltr'>Date</span> <span class='ocrx_word' id='word_1_185' title='bbox 836 1747 942 1783; x_wconf 85' lang='lat' dir='ltr'>nohis</span> <span class='ocrx_word' id='word_1_186' title='bbox 966 1748 1012 1783; x_wconf 84' lang='lat' dir='ltr'>cle</span> <span class='ocrx_word' id='word_1_187' title='bbox 1034 1748 1116 1784; x_wconf 89' lang='lat' dir='ltr'>oleo</span> <span class='ocrx_word' id='word_1_188' title='bbox 1141 1754 1282 1794; x_wconf 73' lang='lat' dir='ltr'>vestro,</span> <span class='ocrx_word' id='word_1_189' title='bbox 1316 1746 1402 1795; x_wconf 81' lang='lat' dir='ltr'>quia</span> <span class='ocrx_word' id='word_1_190' title='bbox 1427 1747 1629 1796; x_wconf 81' lang='lat' dir='ltr'>lampades</span> <span class='ocrx_word' id='word_1_191' title='bbox 1651 1754 1782 1783; x_wconf 83' lang='lat' dir='ltr'>nostre</span> 
     </span>
     <span class='ocr_line' id='line_1_25' title="bbox 471 1806 768 1856; baseline -0.003 -14"><span class='ocrx_word' id='word_1_192' title='bbox 471 1806 768 1856; x_wconf 77' lang='lat' dir='ltr'>extinguuntur.</span> 
     </span>
    </p>

    <p class='ocr_par' dir='ltr' id='par_1_5' title="bbox 191 1862 1838 2029">
     <span class='ocr_line' id='line_1_26' title="bbox 249 1862 1838 1912; baseline 0 -12"><span class='ocrx_word' id='word_1_193' title='bbox 249 1868 392 1906; x_wconf 50' lang='lat' dir='ltr'>leromeg</span> <span class='ocrx_word' id='word_1_194' title='bbox 529 1865 658 1912; x_wconf 88' lang='lat' dir='ltr'>Super</span> <span class='ocrx_word' id='word_1_195' title='bbox 690 1876 770 1912; x_wconf 90' lang='lat' dir='ltr'>quo</span> <span class='ocrx_word' id='word_1_196' title='bbox 802 1865 1058 1911; x_wconf 83' lang='lat' dir='ltr'>Jeronymus:</span> <span class='ocrx_word' id='word_1_197' title='bbox 1100 1863 1182 1906; x_wconf 82' lang='lat' dir='ltr'>Que</span> <span class='ocrx_word' id='word_1_198' title='bbox 1215 1862 1415 1911; x_wconf 80' lang='lat' dir='ltr'>lampades</span> <span class='ocrx_word' id='word_1_199' title='bbox 1446 1874 1536 1898; x_wconf 87' lang='lat' dir='ltr'>suas</span> <span class='ocrx_word' id='word_1_200' title='bbox 1567 1869 1783 1911; x_wconf 79' lang='lat' dir='ltr'>queruntur</span> <span class='ocrx_word' id='word_1_201' title='bbox 1799 1869 1838 1901; x_wconf 81' lang='lat'>25</span> 
     </span>
     <span class='ocr_line' id='line_1_27' title="bbox 210 1903 1781 1972; baseline -0.001 -15"><span class='ocrx_word' id='word_1_202' title='bbox 210 1903 430 1972; x_wconf 46' lang='grc' dir='ltr'>ρςῗζὲῗὲςὲἑςρ</span> <span class='ocrx_word' id='word_1_203' title='bbox 472 1916 652 1972; x_wconf 61' lang='lat' dir='ltr'>extingui</span> <span class='ocrx_word' id='word_1_204' title='bbox 693 1922 895 1957; x_wconf 84' lang='lat' dir='ltr'>ostendunt</span> <span class='ocrx_word' id='word_1_205' title='bbox 939 1934 1003 1957; x_wconf 87' lang='lat' dir='ltr'>eas</span> <span class='ocrx_word' id='word_1_206' title='bbox 1035 1932 1085 1957; x_wconf 86' lang='lat' dir='ltr'>ex·</span> <span class='ocrx_word' id='word_1_207' title='bbox 1111 1928 1229 1970; x_wconf 78' lang='lat' dir='ltr'>parte</span> <span class='ocrx_word' id='word_1_208' title='bbox 1261 1921 1408 1956; x_wconf 87' lang='lat' dir='ltr'>lucere.-</span> <span class='ocrx_word' id='word_1_209' title='bbox 1459 1927 1493 1955; x_wconf 92' lang='lat' dir='ltr'>et</span> <span class='ocrx_word' id='word_1_210' title='bbox 1537 1927 1662 1956; x_wconf 85' lang='lat' dir='ltr'>tamen</span> <span class='ocrx_word' id='word_1_211' title='bbox 1710 1932 1781 1956; x_wconf 88' lang='lat' dir='ltr'>non</span> 
     </span>
     <span class='ocr_line' id='line_1_28' title="bbox 191 1972 1782 2029; baseline -0.001 -15"><span class='ocrx_word' id='word_1_212' title='bbox 191 1973 219 1999; x_wconf 64' lang='lat'>5¹¹</span> <span class='ocrx_word' id='word_1_213' title='bbox 244 1973 308 1999; x_wconf 44' lang='grc' dir='ltr'>ΜΗ</span> <span class='ocrx_word' id='word_1_214' title='bbox 332 1972 436 2006; x_wconf 67' lang='lat' dir='ltr'>doing.</span> <span class='ocrx_word' id='word_1_215' title='bbox 472 1979 609 2015; x_wconf 77' lang='lat' dir='ltr'>liabent</span> <span class='ocrx_word' id='word_1_216' title='bbox 641 1980 766 2015; x_wconf 81' lang='lat' dir='ltr'>lumen</span> <span class='ocrx_word' id='word_1_217' title='bbox 799 1979 1018 2029; x_wconf 88' lang='lat' dir='ltr'>indeficiens</span> <span class='ocrx_word' id='word_1_218' title='bbox 1049 1990 1116 2014; x_wconf 89' lang='lat' dir='ltr'>nec</span> <span class='ocrx_word' id='word_1_219' title='bbox 1138 1990 1255 2028; x_wconf 82' lang='lat' dir='ltr'>opera</span> <span class='ocrx_word' id='word_1_220' title='bbox 1284 1985 1487 2027; x_wconf 77' lang='lat' dir='ltr'>perpetua.</span> <span class='ocrx_word' id='word_1_221' title='bbox 1522 1978 1565 2013; x_wconf 83' lang='lat' dir='ltr'>Si</span> <span class='ocrx_word' id='word_1_222' title='bbox 1594 1977 1677 2026; x_wconf 82' lang='lat' dir='ltr'>quis</span> <span class='ocrx_word' id='word_1_223' title='bbox 1708 1977 1782 2028; x_wconf 74' lang='lat' dir='ltr'>igi-</span> 
     </span>
    </p>

    <p class='ocr_par' dir='ltr' id='par_1_6' title="bbox 471 2035 1840 2258">
     <span class='ocr_line' id='line_1_29' title="bbox 471 2035 1781 2087; baseline -0.002 -15"><span class='ocrx_word' id='word_1_224' title='bbox 471 2044 537 2073; x_wconf 81' lang='lat' dir='ltr'>tur</span> <span class='ocrx_word' id='word_1_225' title='bbox 569 2037 681 2073; x_wconf 81' lang='lat' dir='ltr'>habet</span> <span class='ocrx_word' id='word_1_226' title='bbox 712 2037 879 2073; x_wconf 82' lang='lat' dir='ltr'>animam</span> <span class='ocrx_word' id='word_1_227' title='bbox 914 2036 1147 2087; x_wconf 71' lang='lat' dir='ltr'>virginalem</span> <span class='ocrx_word' id='word_1_228' title='bbox 1182 2043 1217 2072; x_wconf 89' lang='lat' dir='ltr'>et</span> <span class='ocrx_word' id='word_1_229' title='bbox 1256 2048 1427 2072; x_wconf 83' lang='lat' dir='ltr'>amorem</span> <span class='ocrx_word' id='word_1_230' title='bbox 1455 2035 1656 2084; x_wconf 78' lang='lat' dir='ltr'>pudicicie,</span> <span class='ocrx_word' id='word_1_231' title='bbox 1709 2047 1781 2071; x_wconf 90' lang='lat' dir='ltr'>non</span> 
     </span>
     <span class='ocr_line' id='line_1_30' title="bbox 473 2093 1783 2142; baseline -0.002 -12"><span class='ocrx_word' id='word_1_232' title='bbox 473 2095 579 2130; x_wconf 81' lang='lat' dir='ltr'>debet</span> <span class='ocrx_word' id='word_1_233' title='bbox 626 2095 882 2131; x_wconf 78' lang='lat' dir='ltr'>mediocribus</span> <span class='ocrx_word' id='word_1_234' title='bbox 914 2107 994 2130; x_wconf 88' lang='lat' dir='ltr'>esse</span> <span class='ocrx_word' id='word_1_235' title='bbox 1026 2101 1237 2137; x_wconf 78' lang='lat' dir='ltr'>contentus,</span> <span class='ocrx_word' id='word_1_236' title='bbox 1277 2106 1346 2142; x_wconf 81' lang='lat' dir='ltr'>que</span> <span class='ocrx_word' id='word_1_237' title='bbox 1379 2093 1450 2129; x_wconf 85' lang='lat' dir='ltr'>cito</span> <span class='ocrx_word' id='word_1_238' title='bbox 1495 2094 1717 2129; x_wconf 84' lang='lat' dir='ltr'>exolescunt</span> <span class='ocrx_word' id='word_1_239' title='bbox 1748 2099 1783 2128; x_wconf 88' lang='lat' dir='ltr'>et</span> 
     </span>
     <span class='ocr_line' id='line_1_31' title="bbox 473 2151 1840 2202; baseline -0.003 -14"><span class='ocrx_word' id='word_1_240' title='bbox 473 2160 559 2188; x_wconf 78' lang='lat' dir='ltr'>orto</span> <span class='ocrx_word' id='word_1_241' title='bbox 604 2161 779 2189; x_wconf 80' lang='lat' dir='ltr'>caumate</span> <span class='ocrx_word' id='word_1_242' title='bbox 810 2152 987 2202; x_wconf 80' lang='lat' dir='ltr'>arefiunt,</span> <span class='ocrx_word' id='word_1_243' title='bbox 1032 2152 1101 2188; x_wconf 81' lang='lat' dir='ltr'>sed</span> <span class='ocrx_word' id='word_1_244' title='bbox 1137 2152 1336 2200; x_wconf 67' lang='lat' dir='ltr'>perfectas</span> <span class='ocrx_word' id='word_1_245' title='bbox 1382 2151 1543 2187; x_wconf 77' lang='lat' dir='ltr'>virtutes</span> <span class='ocrx_word' id='word_1_246' title='bbox 1585 2157 1781 2199; x_wconf 78' lang='lat' dir='ltr'>sequatur,</span> <span class='ocrx_word' id='word_1_247' title='bbox 1799 2153 1840 2184; x_wconf 73' lang='lat'>3&#39;0</span> 
     </span>
     <span class='ocr_line' id='line_1_32' title="bbox 473 2210 1562 2258; baseline -0.001 -13"><span class='ocrx_word' id='word_1_248' title='bbox 473 2218 511 2245; x_wconf 82' lang='lat' dir='ltr'>ut</span> <span class='ocrx_word' id='word_1_249' title='bbox 545 2210 669 2246; x_wconf 83' lang='lat' dir='ltr'>lumen</span> <span class='ocrx_word' id='word_1_250' title='bbox 703 2211 840 2246; x_wconf 82' lang='lat' dir='ltr'>haheat</span> <span class='ocrx_word' id='word_1_251' title='bbox 871 2210 1158 2258; x_wconf 81' lang='lat' dir='ltr'>sempiternum.</span> <span class='ocrx_word' id='word_1_252' title='bbox 1197 2211 1278 2245; x_wconf 88' lang='lat' dir='ltr'>Hec</span> <span class='ocrx_word' id='word_1_253' title='bbox 1311 2211 1562 2255; x_wconf 75' lang='lat' dir='ltr'>Jeronymus.</span> 
     </span>
    </p>

    <p class='ocr_par' dir='ltr' id='par_1_7' title="bbox 473 2266 1835 2488">
     <span class='ocr_line' id='line_1_33' title="bbox 529 2266 1780 2315; baseline -0.001 -13"><span class='ocrx_word' id='word_1_254' title='bbox 529 2267 694 2304; x_wconf 81' lang='lat' dir='ltr'>Videtur</span> <span class='ocrx_word' id='word_1_255' title='bbox 739 2268 857 2304; x_wconf 85' lang='lat' dir='ltr'>istum</span> <span class='ocrx_word' id='word_1_256' title='bbox 893 2276 1072 2303; x_wconf 81' lang='lat' dir='ltr'>sanctum</span> <span class='ocrx_word' id='word_1_257' title='bbox 1110 2267 1171 2303; x_wconf 79' lang='lat' dir='ltr'>hie</span> <span class='ocrx_word' id='word_1_258' title='bbox 1206 2276 1241 2303; x_wconf 83' lang='lat' dir='ltr'>ct</span> <span class='ocrx_word' id='word_1_259' title='bbox 1285 2266 1395 2315; x_wconf 87' lang='lat' dir='ltr'>prius</span> <span class='ocrx_word' id='word_1_260' title='bbox 1429 2266 1640 2314; x_wconf 74' lang='lat' dir='ltr'>concipere</span> <span class='ocrx_word' id='word_1_261' title='bbox 1674 2267 1780 2314; x_wconf 86' lang='lat' dir='ltr'>quod</span> 
     </span>
     <span class='ocr_line' id='line_1_34' title="bbox 473 2323 1780 2372; baseline -0.001 -12"><span class='ocrx_word' id='word_1_262' title='bbox 473 2325 544 2361; x_wconf 83' lang='lat' dir='ltr'>iste</span> <span class='ocrx_word' id='word_1_263' title='bbox 578 2327 713 2361; x_wconf 87' lang='lat' dir='ltr'>decem</span> <span class='ocrx_word' id='word_1_264' title='bbox 749 2325 920 2372; x_wconf 70' lang='lat' dir='ltr'>virgines</span> <span class='ocrx_word' id='word_1_265' title='bbox 954 2325 1112 2372; x_wconf 72' lang='lat' dir='ltr'>signant</span> <span class='ocrx_word' id='word_1_266' title='bbox 1146 2324 1373 2372; x_wconf 75' lang='lat' dir='ltr'>specialiter</span> <span class='ocrx_word' id='word_1_267' title='bbox 1406 2324 1495 2360; x_wconf 86' lang='lat' dir='ltr'>illos</span> <span class='ocrx_word' id='word_1_268' title='bbox 1529 2323 1596 2372; x_wconf 88' lang='lat' dir='ltr'>qui</span> <span class='ocrx_word' id='word_1_269' title='bbox 1630 2323 1780 2359; x_wconf 82' lang='lat' dir='ltr'>iudica-</span> 
     </span>
     <span class='ocr_line' id='line_1_35' title="bbox 473 2382 1781 2431; baseline -0.002 -13"><span class='ocrx_word' id='word_1_270' title='bbox 473 2385 620 2418; x_wconf 79' lang='lat' dir='ltr'>buntur</span> <span class='ocrx_word' id='word_1_271' title='bbox 654 2393 690 2419; x_wconf 84' lang='lat' dir='ltr'>et</span> <span class='ocrx_word' id='word_1_272' title='bbox 724 2385 928 2431; x_wconf 81' lang='lat' dir='ltr'>quondam</span> <span class='ocrx_word' id='word_1_273' title='bbox 965 2383 1003 2418; x_wconf 87' lang='lat' dir='ltr'>in</span> <span class='ocrx_word' id='word_1_274' title='bbox 1037 2382 1250 2419; x_wconf 80' lang='lat' dir='ltr'>virtutibus</span> <span class='ocrx_word' id='word_1_275' title='bbox 1284 2383 1593 2430; x_wconf 78' lang='lat' dir='ltr'>splenduerunt3</span> <span class='ocrx_word' id='word_1_276' title='bbox 1623 2394 1781 2418; x_wconf 87' lang='lat' dir='ltr'>verum-</span> 
     </span>
     <span class='ocr_line' id='line_1_36' title="bbox 473 2437 1835 2488; baseline -0.003 -12"><span class='ocrx_word' id='word_1_277' title='bbox 473 2450 605 2476; x_wconf 80' lang='lat' dir='ltr'>tamen</span> <span class='ocrx_word' id='word_1_278' title='bbox 642 2441 797 2477; x_wconf 79' lang='lat' dir='ltr'>videtur</span> <span class='ocrx_word' id='word_1_279' title='bbox 830 2454 908 2476; x_wconf 85' lang='lat' dir='ltr'>non</span> <span class='ocrx_word' id='word_1_280' title='bbox 945 2453 1167 2488; x_wconf 79' lang='lat' dir='ltr'>repugnare</span> <span class='ocrx_word' id='word_1_281' title='bbox 1201 2440 1335 2476; x_wconf 80' lang='lat' dir='ltr'>sensui</span> <span class='ocrx_word' id='word_1_282' title='bbox 1370 2439 1561 2487; x_wconf 77' lang='lat' dir='ltr'>evangelii</span> <span class='ocrx_word' id='word_1_283' title='bbox 1596 2440 1654 2475; x_wconf 74' lang='lat' dir='ltr'>vel</span> <span class='ocrx_word' id='word_1_284' title='bbox 1689 2437 1835 2474; x_wconf 77' lang='lat' dir='ltr'>fidei35</span> 
     </span>
    </p>
   </div>
   <div class='ocr_carea' id='block_1_5' title="bbox 471 2652 1778 2752">
    <p class='ocr_par' dir='ltr' id='par_1_8' title="bbox 471 2652 1778 2752">
     <span class='ocr_line' id='line_1_37' title="bbox 544 2652 1773 2691; baseline -0.002 -10"><span class='ocrx_word' id='word_1_285' title='bbox 544 2666 571 2688; x_wconf 60' lang='lat' dir='ltr'>=l=</span> <span class='ocrx_word' id='word_1_286' title='bbox 594 2657 638 2683; x_wconf 70' lang='lat' dir='ltr'>A:</span> <span class='ocrx_word' id='word_1_287' title='bbox 659 2659 885 2691; x_wconf 70' lang='lat' dir='ltr'>perspeclnrns.</span> <span class='ocrx_word' id='word_1_288' title='bbox 949 2666 977 2684; x_wconf 70' lang='lat' dir='ltr'>o.</span> <span class='ocrx_word' id='word_1_289' title='bbox 1001 2656 1025 2682; x_wconf 86' lang='grc' dir='ltr'>Λ</span> <span class='ocrx_word' id='word_1_290' title='bbox 1048 2656 1075 2682; x_wconf 86' lang='lat' dir='ltr'>iu</span> <span class='ocrx_word' id='word_1_291' title='bbox 1100 2662 1213 2688; x_wconf 50' lang='lat' dir='ltr'>marg:</span> <span class='ocrx_word' id='word_1_292' title='bbox 1233 2654 1398 2681; x_wconf 60' lang='lat' dir='ltr'>johannes.</span> <span class='ocrx_word' id='word_1_293' title='bbox 1464 2662 1501 2680; x_wconf 59' lang='grc' dir='ltr'>ει.</span> <span class='ocrx_word' id='word_1_294' title='bbox 1525 2654 1565 2679; x_wconf 78' lang='lat' dir='ltr'>A:</span> <span class='ocrx_word' id='word_1_295' title='bbox 1585 2652 1656 2691; x_wconf 68' lang='lat' dir='ltr'>Cap.</span> <span class='ocrx_word' id='word_1_296' title='bbox 1674 2652 1773 2679; x_wconf 71' lang='lat' dir='ltr'><em>LXIV.</em></span> 
     </span>
     <span class='ocr_line' id='line_1_38' title="bbox 473 2687 1778 2725; baseline -0.004 -8"><span class='ocrx_word' id='word_1_297' title='bbox 473 2690 512 2717; x_wconf 67' lang='lat'>25.</span> <span class='ocrx_word' id='word_1_298' title='bbox 535 2692 561 2717; x_wconf 84' lang='lat' dir='ltr'><strong>A</strong></span> <span class='ocrx_word' id='word_1_299' title='bbox 584 2691 610 2717; x_wconf 78' lang='lat' dir='ltr'>iu</span> <span class='ocrx_word' id='word_1_300' title='bbox 644 2699 757 2724; x_wconf 56' lang='lat' dir='ltr'>marg:</span> <span class='ocrx_word' id='word_1_301' title='bbox 789 2691 980 2725; x_wconf 59' lang='lat' dir='ltr'>,lemni-mus:</span> <span class='ocrx_word' id='word_1_302' title='bbox 1089 2689 1133 2715; x_wconf 70' lang='lat'><em>¹2¹3.</em></span> <span class='ocrx_word' id='word_1_303' title='bbox 1165 2691 1207 2716; x_wconf 77' lang='lat' dir='ltr'>A:</span> <span class='ocrx_word' id='word_1_304' title='bbox 1231 2693 1364 2723; x_wconf 71' lang='lat' dir='ltr'>experte.</span> <span class='ocrx_word' id='word_1_305' title='bbox 1487 2687 1526 2714; x_wconf 47' lang='grc' dir='ltr'>ἢ.</span> <span class='ocrx_word' id='word_1_306' title='bbox 1556 2689 1581 2714; x_wconf 88' lang='grc' dir='ltr'>Α</span> <span class='ocrx_word' id='word_1_307' title='bbox 1614 2696 1642 2714; x_wconf 83' lang='lat' dir='ltr'>m</span> <span class='ocrx_word' id='word_1_308' title='bbox 1666 2695 1778 2721; x_wconf 59' lang='lat' dir='ltr'>marg:</span> 
     </span>
     <span class='ocr_line' id='line_1_39' title="bbox 471 2726 637 2752; baseline 0.006 -2"><span class='ocrx_word' id='word_1_309' title='bbox 471 2726 637 2752; x_wconf 67' lang='lat' dir='ltr'>Jnimnnes.</span> 
     </span>
    </p>
   </div>
   <div class='ocr_carea' id='block_1_6' title="bbox 544 2805 1776 2846">
    <p class='ocr_par' dir='ltr' id='par_1_9' title="bbox 544 2805 1776 2846">
     <span class='ocr_line' id='line_1_40' title="bbox 544 2805 1776 2846; baseline -0.002 -9"><span class='ocrx_word' id='word_1_310' title='bbox 544 2819 594 2837; x_wconf 53' lang='lat'>12.</span> <span class='ocrx_word' id='word_1_311' title='bbox 624 2808 740 2839; x_wconf 73' lang='lat' dir='ltr'>Manli.</span> <span class='ocrx_word' id='word_1_312' title='bbox 768 2809 869 2843; x_wconf 68' lang='lat' dir='ltr'>XXV,</span> <span class='ocrx_word' id='word_1_313' title='bbox 898 2810 928 2838; x_wconf 63' lang='grc' dir='ltr'>Η.</span> <span class='ocrx_word' id='word_1_314' title='bbox 1046 2808 1096 2837; x_wconf 65' lang='grc'>25.</span> <span class='ocrx_word' id='word_1_315' title='bbox 1125 2807 1261 2838; x_wconf 78' lang='lat' dir='ltr'>Comm.</span> <span class='ocrx_word' id='word_1_316' title='bbox 1291 2807 1322 2836; x_wconf 81' lang='lat' dir='ltr'>in</span> <span class='ocrx_word' id='word_1_317' title='bbox 1351 2805 1468 2836; x_wconf 77' lang='lat' dir='ltr'>Matth.</span> <span class='ocrx_word' id='word_1_318' title='bbox 1495 2805 1515 2835; x_wconf 95' lang='lat' dir='ltr'>l.</span> <span class='ocrx_word' id='word_1_319' title='bbox 1543 2815 1570 2835; x_wconf 86' lang='lat' dir='ltr'>c.</span> <span class='ocrx_word' id='word_1_320' title='bbox 1597 2815 1673 2846; x_wconf 78' lang='lat' dir='ltr'>pag.</span> <span class='ocrx_word' id='word_1_321' title='bbox 1702 2815 1776 2844; x_wconf 76' lang='lat'>204.</span> 
     </span>
    </p>
   </div>
  </div>
 </body>
</html>
