1986 3289
247 370 351 397 Christ
373 378 436 396 was

232 404 371 432 troubled
393 405 458 431 that

233 448 277 466 we
298 439 395 473 might
417 439 451 466 be

252 474 436 501 comforted.

288 2441 445 2467 l’revaleut

249 2476 382 2503 heresies
404 2483 435 2501 as
456 2479 485 2501 to

301 2510 434 2537 Chrisvs

309 2549 425 2571 nature.

820 197 984 229 OPERIS
1010 196 1293 227 EVANGELlCl
1322 196 1404 229 LIB.
1431 196 1487 228 IV.
1613 182 1717 240 [CAR
1745 194 1809 221 XII-

494 306 604 341 Jesus
636 304 813 340 turbatus
845 311 901 339 est
931 302 1083 351 spiritu.
1114 301 1353 337 Firmissimi
1371 308 1459 337 sunt
1475 301 1627 350 quidem
1658 302 1810 338 christi-

495 363 571 408 ani,
609 362 644 398 si
687 361 752 409 qui
785 368 887 407 sunt,
926 360 990 409 qui
1026 371 1263 408 nequaquam
1305 367 1429 395 morte
1472 359 1690 395 imminente
1733 366 1812 395 tur-

497 421 648 458 bantur.
684 419 761 454 Sea'
793 418 977 466 numquid
1005 417 1162 453 Christo
1182 417 1402 467 firmiores,
1436 417 1517 465 quis
1549 417 1619 453 hoc
1654 417 1813 453 insanis-

496 478 617 514 simus
649 476 817 522 dixerit;
861 476 951 524 quial
984 482 1039 511 est
1071 475 1141 511 hoc
1173 475 1274 524 quoa'
1314 474 1379 510 ille
1424 475 1601 510 turbatus
1647 483 1702 511 est
1744 475 1816 511 nisi

498 536 583 585 quia
617 534 793 582 infirmos
825 534 860 569 in
893 546 962 570 suo
996 545 1174 582 corpore,
1209 533 1279 568 hoc
1311 540 1366 569 est
1397 532 1432 568 in
1464 545 1533 568 sua
1552 532 1726 579 ecclesia,
1748 535 1844 569 sue'

497 592 732 643 infirmitatis
777 592 996 628 voluntaria
1039 590 1290 627 similitudine
1333 591 1552 627 consolatus
1590 598 1658 639 est,
1702 597 1741 626 ut
1783 591 1818 627 si

497 652 562 701 qui
592 663 752 687 suorum
786 651 913 686 aa'huc
947 656 1071 684 morte
1104 649 1322 684 imminente
1365 648 1574 684 turbantur
1606 648 1641 684 in
1675 648 1815 697 spiritu

499 710 621 759 ipsum
655 708 890 754 intueantur,
924 720 968 743 ne
991 707 1061 742 hoc
1093 707 1174 755 ipso
1206 718 1246 742 se
1263 713 1444 755 putantes
1476 706 1664 755 reprobos
1681 706 1817 755 peiore

501 765 785 816 desperacionis
818 765 853 800 in
886 772 1011 801 morte
1033 765 1278 804 sorbeantur,
1319 764 1512 808 Quantum
1537 764 1663 813 itaque
1677 764 1815 800 bonum

501 826 546 861 de
575 824 882 874 participacione
915 822 1126 858 divinitatis
1157 822 1236 858 eius
1261 829 1437 871 spectare
1462 829 1497 857 et
1521 833 1684 871 sperare
1709 822 1817 858 debe-

501 895 598 929 mus,
646 882 753 918 cuius
785 894 854 917 nos
892 889 927 917 et
964 880 1217 930 perturbacio
1261 880 1490 928 tranquillat
1534 887 1569 915 et
1612 879 1819 929 infirmitas

500 941 696 987 firmatur.
745 939 833 975 Sive
881 950 978 989 ergo
1017 939 1087 975 isto
1126 938 1209 974 loco
1248 938 1371 987 ipsum
1415 938 1558 973 Judam
1593 945 1817 987 pereuntem

502 998 723 1034 miserando
757 997 933 1033 turbatus
966 1004 1021 1032 est
1052 996 1132 1032 sive
1162 1008 1233 1032 sua
1262 1004 1386 1032 morte
1421 997 1707 1045 propinquante
1737 1002 1820 1031 tur-

502 1057 613 1093 batus
635 1063 703 1101 est,
737 1067 809 1090 non
843 1062 898 1090 est
929 1062 1055 1090 tamen
1089 1054 1167 1090 ullo
1201 1054 1314 1089 modo
1334 1054 1583 1089 dubitandum
1608 1065 1680 1089 non
1702 1051 1821 1090 animi

502 1114 726 1164 infirmitate
772 1113 840 1148 sed
873 1119 1065 1161 potestate
1102 1112 1313 1158 turbatum⁷
1358 1123 1403 1147 ne
1446 1111 1552 1147 nobis
1596 1111 1820 1160 desperacio
1863 1114 1872 1118 ’

503 1172 639 1208 salutis
672 1171 837 1217 oriatur,
870 1171 1021 1218 quando
1055 1183 1128 1206 non
1158 1177 1350 1218 potestate
1381 1170 1449 1205 sea'
1487 1169 1710 1218 infirmitate
1741 1176 1821 1204 tur-

504 1231 644 1266 bamur
676 1229 819 1275 carnis,
872 1228 1009 1277 quippe
1055 1227 1120 1263 ille
1161 1227 1325 1278 gerebat
1363 1227 1625 1276 infirmitatem
1664 1238 1735 1276 que
1768 1227 1821 1262 in-

494 1287 672 1338 firmitas
711 1286 1000 1322 resurreccione
1032 1292 1257 1334 consumpta
1290 1292 1360 1331 est,
1397 1285 1466 1321 sed
1497 1284 1562 1333 qui
1591 1296 1664 1320 non
1696 1284 1820 1321 solum

506 1347 617 1381 homo
638 1357 770 1381 verum
795 1343 914 1380 eciam
936 1345 1045 1380 Deus
1068 1351 1164 1390 erat,
1198 1342 1381 1391 ineffabili
1394 1342 1581 1379 a'istancia
1600 1342 1819 1378 universum

505 1415 629 1454 genus
660 1402 867 1438 humanum
908 1401 1027 1437 animi
1062 1401 1303 1449 fortitudine
1345 1401 1567 1449 superabat.
1608 1400 1695 1436 Non
1725 1412 1821 1450 ergo

506 1462 633 1509 aliquo
667 1467 827 1510 cogente
860 1467 915 1496 est
947 1460 1125 1495 turbatus
1146 1460 1214 1495 sea'
1236 1458 1406 1494 turbavit
1432 1458 1691 1507 semetipsum,
1722 1458 1824 1506 quod

508 1520 554 1555 a'e
586 1519 652 1554 illo
685 1518 882 1553 evidenter
913 1529 1142 1567 expressum
1173 1524 1241 1563 est,
1285 1517 1436 1565 quando
1468 1516 1666 1568 Lazarum
1708 1516 1823 1552 susci-

508 1577 616 1612 tavit.
650 1576 751 1611 Nam
786 1575 837 1611 ibi
865 1575 1052 1624 scriptum
1086 1582 1141 1611 est
1173 1575 1274 1622 quoa'
1302 1574 1519 1610 turbaverit
1548 1586 1589 1609 se
1620 1573 1757 1622 ipsum,
1786 1581 1826 1609 ut

509 1635 579 1671 hoc
609 1634 866 1683 intelligatur,
899 1641 934 1669 et
965 1633 1028 1668 ubi
1058 1645 1130 1668 non
1163 1632 1310 1682 legitur
1330 1632 1533 1681 scriptum,
1567 1638 1603 1666 et
1624 1643 1708 1667 cum
1740 1643 1824 1667 eum

510 1693 656 1742 legitur
669 1692 799 1740 fuisse
828 1691 1039 1737 turbatum,
1062 1691 1238 1739 affectum
1260 1690 1400 1739 quippe
1421 1690 1644 1734 humanum,
1674 1689 1826 1737 quando
1868 1692 1878 1697 ’

511 1750 725 1799 oportuisse
769 1749 962 1794 iudicavit,
1008 1749 1043 1784 in
1087 1761 1127 1785 se
1159 1748 1241 1797 ipso
1281 1754 1472 1797 potestate
1515 1747 1720 1783 commovit
1765 1746 1829 1795 qui

512 1808 700 1844 hominem
734 1815 853 1843 totum
882 1814 1073 1856 potestate
1105 1806 1285 1855 suscepit.
1319 1807 1402 1842 Hec
1434 1803 1693 1852 Augustinus,

1030 1988 1168 2029 CAP.
1201 1987 1314 2028 XII.

573 2088 627 2121 Ex
660 2085 735 2122 hiis
768 2084 885 2121 dictis
918 2097 1008 2121 cum
1040 2082 1296 2132 exposicione
1328 2081 1506 2119 doctoris
1540 2081 1672 2117 eximii
1695 2082 1828 2129 Augu-

515 2143 607 2180 stini
641 2152 771 2191 potest
805 2142 932 2178 fidelis
961 2142 1079 2178 flores
1111 2141 1303 2182 virtutum
1336 2151 1546 2188 excerpere
1580 2148 1617 2176 et
1649 2138 1828 2176 animum

516 2203 737 2238 secundum
762 2213 902 2237 ornnes
926 2213 1016 2236 suas
1040 2199 1245 2248 potencias
1270 2198 1457 2244 enutrire,
1492 2196 1586 2246 quia
1608 2198 1827 2233 secundum

517 2259 784 2307 Augustinum
810 2258 968 2294 Omelia
992 2257 1174 2305 proxima
1197 2258 1439 2305 precedente
1473 2268 1605 2292 sermo
1629 2254 1701 2291 iste
1723 2255 1831 2291 velut

517 2317 697 2353 omnium
723 2317 950 2353 animarum
982 2324 1211 2352 sanctarum
1237 2314 1358 2359 cibus,
1393 2313 1424 2349 si
1448 2312 1594 2349 sufficit
1617 2312 1831 2349 salubriter

519 2375 710 2423 capiatur,
745 2374 775 2410 si
810 2374 970 2422 exiguus
1003 2381 1060 2409 est
1094 2372 1412 2409 desiderabiliter
1444 2370 1680 2407 ruminetur.

574 2432 742 2468 Videtur
776 2431 894 2468 istum
928 2440 1108 2468 sanctum
1145 2430 1290 2467 sentire
1324 2430 1430 2477 quod
1471 2430 1546 2465 hoc
1580 2427 1885 2476 evangelium-'

517 2490 709 2527 Johannis
768 2489 913 2526 sufficit
966 2490 1015 2525 ad
1067 2501 1207 2524 omnes
1264 2487 1364 2525 vires
1417 2486 1540 2523 animi
1598 2485 1833 2534 regulariter

590 2645 614 2664 2.
636 2637 679 2663 A:
701 2643 885 2670 neququam.
995 2642 1032 2662 12.
1055 2633 1233 2666 Azfirmat.
1326 2631 1433 2666 13-14.
1454 2633 1499 2659 A:
1519 2631 1771 2659 sive—turbatus
1793 2632 1834 2657 est

521 2672 619 2707 dec513
640 2672 661 2698 B
682 2671 710 2698 in
734 2678 828 2704 marg.
851 2670 944 2697 addit.
1087 2668 1130 2696 23.
1160 2669 1203 2696 A:
1226 2668 1369 2696 turbavit.
1486 2666 1524 2694 31.
1551 2667 1595 2694 A:
1623 2665 1706 2701 quod
1729 2673 1834 2693 secun-

521 2707 600 2734 dum.
709 2704 750 2732 33.
782 2705 819 2732 B:
853 2705 1023 2731 animarum
1054 2703 1148 2730 deest.
1253 2701 1368 2737 33—34.
1399 2703 1443 2729 A:
1466 2704 1643 2729 sanctarum
1667 2700 1835 2728 salubriter

520 2741 664 2776 capiatur
683 2740 766 2767 cibus
784 2738 907 2775 sufficit.

594 2814 646 2845 23.
673 2811 750 2843 Joh.
776 2812 830 2851 XI,
860 2813 912 2843 33.
