1986 3289
210 216 298 243 CAP-
320 206 446 259 LXVI]
587 219 644 248 DE
671 217 984 249 ANTICHRISTO
1012 218 1094 248 ΗΒ.
1122 218 1143 248 Ι.

210 323 439 360 racionibus
474 323 564 359 fidei
600 324 830 370 reprobare⁷
865 323 958 371 quia
982 332 1135 359 certum
1171 332 1227 359 est
1257 336 1300 359 ex
1332 324 1406 359 hac
1440 322 1516 359 fide

211 381 421 429 evangelii:
455 383 542 417 Non
574 380 720 417 valebit
753 381 885 417 oleum
920 381 975 417 ita
1008 390 1203 429 emptum,
1250 393 1340 418 curn
1375 393 1514 416 omnes

210 448 246 476 et
279 439 423 487 singuli
455 438 636 475 salvandi
660 438 794 475 dicent
818 438 1088 476 concorditer:
1123 439 1182 475 Ne
1202 440 1317 487 forte
1339 451 1411 474 non
1433 439 1515 487 suf-

209 498 323 547 ficiat
355 497 460 533 nohis
497 504 532 533 et
576 497 693 544 vobis,
741 497 961 546 ite-pocius
1004 498 1056 532 ad
1099 497 1302 533 vendentes
1339 504 1373 532 et
1406 496 1516 532 emite

177 555 335 600 5vobis;
366 567 456 591 nam
481 567 554 603 pro
588 554 650 591 die
673 554 811 590 iudicii
844 555 1121 603 unusquisque
1155 555 1368 591 salvandus
1400 562 1514 602 puta—

209 613 265 649 bit
297 621 425 649 totum
473 625 587 648 suum
644 612 829 648 meritum
876 612 971 649 satis
1016 625 1181 661 parvum
1229 622 1265 649 et
1301 622 1514 660 cognoscet

207 672 316 719 quod
348 683 428 707 non
474 670 636 707 habebit
668 670 708 706 in
742 678 939 718 potestate
983 683 1097 706 suum
1134 670 1320 707 meritum
1353 670 1394 706 in
1427 683 1514 718 per-

208 741 305 765 sona
338 728 500 764 alterius
545 736 808 774 commutare,
854 727 949 776 quia
981 728 1082 765 sicut
1128 741 1170 765 ex
1215 728 1293 764 fide
1332 727 1514 776 Apostoli

208 786 460 835 unusquisque
502 798 596 822 onus
633 799 741 822 suum
790 786 975 835 portabit⁷
1020 785 1075 822 sic
1115 795 1151 822 et
1194 785 1391 834 premium
1428 799 1514 822 cor-

156 858 194 879 10
209 845 499 892 respondenter
530 846 580 880 ad
603 843 811 889 meritum3
845 843 885 879 in
917 843 980 880 via
1013 852 1145 880 autem
1179 852 1346 892 possunt
1379 844 1514 880 fideles

208 901 428 950 presbyteri
461 903 633 938 vendere
666 901 931 950 spiritualiter
964 901 1069 938 istud
1102 903 1235 938 oleum
1269 903 1420 950 absque
1453 915 1514 938 ar-

208 969 326 1008 gento
360 969 397 996 et
429 960 509 996 ulla
543 959 867 996 commutacione
899 960 1135 1008 temporalis
1169 960 1393 1006 commodi;
1446 962 1514 996 sed

207 1027 301 1054 tunc
335 1026 493 1065 oportet
525 1019 633 1066 quod
666 1018 721 1054 sic
754 1030 888 1054 emens
921 1017 961 1054 in
993 1017 1055 1054 via
1087 1017 1218 1066 ipsum
1251 1018 1398 1054 oleum'
1420 1017 1514 1054 facit

207 1088 291 1112 esse
314 1088 443 1113 suum.
478 1077 570 1112 Ideo
593 1075 796 1124 signanter
819 1075 913 1112 dicit
938 1076 1209 1124 evangelium:
1243 1076 1371 1112 Emite
1394 1076 1511 1112 vobis.

157 1138 190 1170 15
265 1133 535 1170 Crisostomus
580 1143 713 1170 autern
762 1146 882 1181 super
932 1134 1009 1170 isto
1054 1143 1161 1170 textu
1206 1133 1261 1170 sic
1314 1134 1511 1182 loquitur:

206 1192 501 1240 Responderunt
522 1193 735 1240 prudentes
767 1199 835 1227 etc.
876 1191 1051 1228 Ostendit
1081 1192 1117 1227 in
1150 1192 1222 1228 lu'is
1254 1192 1381 1228 verbis
1412 1192 1515 1240 quod

206 1249 257 1284 ita
291 1250 463 1286 terribile
495 1257 551 1285 est
583 1250 680 1285 illud
711 1249 891 1285 iudicium
907 1250 1103 1298 >futurum
1135 1250 1237 1298 quod
1269 1250 1374 1285 nulla
1406 1250 1512 1285 inno-

207 1307 332 1343 cencia
364 1307 437 1343 sibi
467 1307 652 1357 confidat;
687 1314 721 1343 et
754 1320 842 1343 vere
870 1308 955 1355 quia
988 1309 1020 1344 si
1049 1308 1132 1357 quis
1173 1315 1283 1344 natus
1314 1315 1368 1344 est
1401 1309 1513 1343 homo

208 1365 254 1400 de
284 1365 444 1401 muliere
476 1365 539 1414 qui
569 1366 693 1401 credit
715 1365 854 1408 iustum
887 1377 927 1402 se
959 1378 1040 1402 esse
1071 1366 1334 1401 inveniendum
1359 1366 1395 1401 in
1428 1378 1514 1401 con-

151 1439 193 1459 20
206 1430 335 1472 spectu
368 1423 471 1459 illius
504 1424 550 1458 de
580 1436 653 1472 quo
687 1423 925 1459 beatissimus
956 1424 1025 1459 Job
1060 1423 1168 1459 dicit:
1208 1424 1326 1460 Stelle
1357 1424 1393 1459 in
1427 1436 1513 1459 con-

205 1488 335 1530 spectu
368 1481 446 1517 eius
490 1493 561 1517 non
598 1489 684 1517 sunt
717 1482 869 1527 munde,
914 1488 948 1517 et
980 1483 1101 1517 celum
1134 1481 1215 1517 sine
1251 1482 1412 1517 crimine
1443 1494 1514 1517 non

208 1546 274 1576 est.
315 1539 358 1574 Si
396 1551 493 1589 ergo
526 1539 782 1588 impeccabilis
821 1546 961 1574 natura
993 1540 1197 1575 stellarum
1232 1547 1266 1575 et
1299 1540 1371 1575 celi
1400 1552 1514 1587 quan-

208 1603 286 1632 tum
318 1597 370 1632 ad
408 1597 595 1632 iusticiam
629 1597 705 1632 Dei
735 1597 926 1632 invenitur
958 1609 1038 1633 esse
1069 1597 1286 1646 peccatrix,
1325 1598 1514 1646 quomodo

207 1661 296 1690 ante
316 1666 401 1690 eum
434 1662 619 1703 appareat
648 1654 780 1700 iustus,
814 1655 920 1691 cuius
949 1663 984 1691 et
1005 1655 1085 1691 sine
1109 1655 1304 1691 voluntate
1328 1655 1517 1704 peccandi

152 1717 191 1748 25
209 1719 348 1748 natura
393 1712 473 1761 ipsa
499 1720 698 1761 peccatum
732 1720 800 1760 est,
845 1713 990 1749 dicente
1022 1713 1229 1762 Apostolo:
1279 1713 1370 1763 Ego
1402 1713 1515 1749 homo

208 1770 379 1806 carnalis
402 1782 500 1817 sum,
534 1771 787 1807 venumdatus
807 1771 875 1806 sub
900 1778 1079 1820 peccato:
1111 1772 1212 1819 quod
1243 1771 1339 1807 enim
1373 1783 1517 1820 operor

208 1840 280 1863 non
327 1827 524 1878 intelligo;
568 1841 639 1865 non
672 1828 768 1864 enim
813 1829 914 1877 quod
946 1829 1031 1865 volo
1064 1828 1135 1864 hoc
1173 1841 1265 1879 ago,
1316 1829 1384 1864 sed
1415 1830 1516 1877 quod

208 1885 295 1921 nolo
327 1885 425 1921 illud
456 1898 547 1936 ago,
595 1894 629 1922 et
661 1887 735 1921 iam
770 1898 842 1922 non
875 1899 948 1937 ego
981 1899 1124 1935 operor
1155 1885 1264 1933 illud,
1316 1887 1384 1922 sed
1414 1887 1516 1935 quod

207 1943 354 1979 habitat
385 1943 420 1978 in
471 1956 530 1980 me
557 1951 772 1993 peccatum.
832 1944 974 1980 Tantus
1021 1944 1117 1980 enim
1163 1944 1280 1980 timor
1323 1952 1410 1980 tunc
1442 1944 1515 1980 erit

151 2008 192 2038 30
207 2001 373 2036 omnium
407 2001 525 2037 eciam
558 2009 794 2047 sanctoruni,
846 2009 885 2037 ut
917 2014 1025 2038 nemo
1056 2014 1097 2038 se
1127 2009 1253 2051 speret
1285 2002 1424 2038 iustum
1460 2002 1513 2037 in-

208 2058 430 2094 veniendum
463 2060 531 2095 sed
561 2060 688 2095 adhuc
721 2059 863 2106 timeat,
896 2072 940 2095 ne
960 2060 1076 2108 sorte
1109 2072 1198 2096 reus
1230 2060 1381 2096 existat.
1422 2060 1516 2103 Quis

207 2116 303 2152 enim
331 2124 459 2165 potest
502 2118 554 2152 ad
578 2118 797 2166 perfectum
831 2117 1046 2153 diiudicare
1097 2118 1371 2154 conscienciam
1404 2130 1512 2154 suam

206 2181 240 2209 et
272 2186 508 2224 cognoscere
530 2187 598 2210 cor
628 2187 738 2210 suum
762 2187 845 2210 cum
879 2175 927 2211 sit
958 2175 1167 2224 scriptum:
1205 2176 1303 2219 Quia
1338 2176 1383 2211 de
1415 2176 1517 2211 omni

208 2232 324 2268 verbo
372 2232 497 2268 ocioso
532 2232 727 2268 reddituri
761 2245 893 2268 sumus
932 2233 1155 2269 racionem?
1207 2234 1409 2277 Quomodo
1439 2246 1514 2282 pro

152 2291 471 2337 35peccatoribus
503 2290 741 2326 intercedant
772 2291 906 2336 sancti,
939 2303 1023 2326 cum
1057 2291 1215 2326 timeant
1248 2292 1294 2327 de
1325 2303 1377 2327 se.
1415 2292 1512 2326 Nam

207 2347 302 2382 sicut
345 2355 493 2396 tempus
540 2348 805 2384 misericordie
848 2349 1026 2384 iudicium
1069 2361 1140 2384 non
1175 2349 1345 2397 suscipit,
1396 2349 1449 2384 sic
1481 2356 1515 2384 et

208 2413 356 2454 tempus
388 2406 519 2441 iudicii
549 2406 858 2441 misericordiam
894 2419 965 2442 non
1000 2407 1145 2455 recipit.
1192 2405 1286 2443 Ideo
1319 2407 1355 2441 in
1383 2407 1514 2455 primo

276 2602 312 2629 15.
334 2603 362 2629 Α
382 2602 410 2629 in
433 2610 548 2636 marg:
572 2602 788 2629 Crisoxtomus.
870 2610 911 2637 m.
934 2604 977 2630 A:
997 2611 1030 2630 sc
1050 2603 1142 2630 deest.
1228 2601 1345 2636 23-24.
1366 2605 1409 2630 A:
1434 2604 1515 2638 Quo-

207 2637 295 2663 modo
315 2640 415 2663 aulem
434 2641 597 2672 appareat.
705 2638 752 2664 26.
774 2639 818 2664 A:
844 2638 1047 2664 venumdatus
1067 2638 1170 2668 deest:
1200 2638 1221 2663 Β
1242 2639 1270 2664 iu
1295 2646 1390 2673 marg.
1419 2640 1514 2665 addit.

207 2670 251 2697 28.
267 2671 288 2697 B
303 2681 308 2698 :
325 2674 354 2698 et
368 2671 461 2698 deest.
535 2680 582 2706 29.
604 2673 647 2699 A:
670 2673 748 2699 enim
764 2672 844 2698 deest
931 2671 968 2699 31.
993 2673 1028 2698 13:
1041 2671 1133 2708 sorte
1147 2672 1241 2699 deest.
1316 2672 1357 2699 33.
1381 2673 1418 2700 13:
1433 2674 1517 2708 quod

206 2708 244 2731 de
263 2707 353 2732 omni.
444 2705 485 2733 35.
508 2708 551 2732 A:
574 2709 601 2733 el
621 2707 761 2734 timeant.
853 2705 896 2740 37.
919 2708 962 2733 A:
983 2714 1045 2733 von
1065 2707 1202 2741 suscipit.

278 2790 306 2821 3.
323 2789 441 2820 Manth.
458 2790 561 2828 XXV,
577 2801 606 2831 9.
633 2808 637 2811 ·
662 2789 711 2820 16.
731 2790 933 2831 Op.1mp.1.
949 2800 975 2820 c.
992 2800 1069 2831 pag.
1084 2789 1161 2832 963.
1214 2800 1254 2821 20
1274 2790 1349 2822 Job.
1364 2792 1467 2829 XXV,
1485 2794 1515 2822 ᾖ.

209 2835 261 2866 25.
287 2836 387 2866 Rom.
414 2836 485 2875 VII,
518 2846 661 2876 14—17.
724 2837 776 2869 33.
803 2836 922 2866 Matth.
948 2837 1019 2875 Xll,
1042 2835 1100 2868 36.

1566 576 1650 603 Merit
1671 576 1696 603 is
1717 582 1769 604 not

1559 612 1767 638 11·ans†'erable.

1554 1144 1758 1180 chrysostom
1771 1153 1776 1170 :

1555 1179 1635 1206 How
1654 1180 1778 1207 terrible

1553 1214 1601 1240 the
1621 1213 1780 1249 judgment

1593 1250 1669 1276 shall
1693 1250 1739 1276 be.
