1986 3289
127 852 163 872 10

126 1129 161 1162 15

121 1705 160 1737 25

123 2282 161 2314 35

184 209 272 237 CAP.
295 201 404 255 LXX]
565 213 624 243 DE
651 212 964 244 ANTICHRISTO
992 213 1076 244 ΜΒ.
1103 213 1126 243 1.

181 319 367 355 iusticiam
389 319 532 366 facere
549 319 757 367 potuissem
792 318 864 354 nisi
882 319 1020 368 gracia
1054 326 1118 354 tua
1140 318 1288 366 fuisset
1321 331 1489 362 nzecunz;

179 376 276 412 sicut
308 376 455 412 dicebat
493 376 556 411 ille
594 376 658 424 qui
695 376 805 411 dicit:
844 377 921 411 Sed
953 376 1043 425 plus
1087 376 1260 412 omnihus
1298 376 1486 412 laboravi.

182 434 268 470 Non
300 441 426 469 autem
470 445 542 483 ego
586 434 656 469 sed
696 433 836 483 gracia
869 434 945 469 Dei
984 446 1145 469 mecum.
1190 434 1251 469 Ait
1290 434 1323 469 ei
1366 434 1488 470 donzi-

181 504 250 527 nus
288 491 368 527 eius
414 499 505 527 etc..·
555 492 683 527 Pauca
723 499 821 534 sunt,
863 492 1183 539 quemadmodum
1242 492 1276 527 si
1317 492 1397 540 quis
1443 493 1489 528 de

181 561 324 598 magna
369 562 495 585 massa
528 549 647 584 tritici
677 549 866 584 modicam
913 550 1062 584 dederit
1100 550 1310 599 dragmam
1345 557 1409 584 aut
1443 551 1489 584 de

180 618 322 656 magno
356 619 445 642 vase
477 607 554 641 vini
585 606 773 641 modicum
809 607 958 642 dederit
979 614 1149 657 gustum,
1181 607 1235 643 sic
1268 608 1314 642 de
1345 619 1487 657 magno

180 664 360 700 thesauro
385 665 500 714 regni
521 664 670 699 celestis
693 664 842 699 modica
867 664 973 700 nobis
1000 677 1075 713 per
1098 665 1285 713 Spiritum
1304 666 1485 700 Sanctum

178 734 273 757 arra
291 729 506 771 prestatur.
542 722 711 770 Propter
732 722 835 770 quod
857 722 1005 757 dicebat
1027 722 1255 770 Apostolus:
1286 722 1354 758 Ex
1371 730 1488 772 parte

180 779 275 815 enim
310 780 581 829 cognoscimus
613 787 649 815 et
681 791 731 815 ex
759 786 875 828 parte
902 780 1197 828 prophetamus,
1242 792 1325 816 cum
1360 788 1485 816 autem

180 837 324 872 venerit
356 838 457 885 quod
482 838 701 885 perfectum
736 844 803 884 est,
837 838 1087 873 destruentur
1118 850 1159 874 ea
1191 850 1263 887 que
1294 850 1345 874 ex
1371 846 1489 887 parte

177 902 275 930 sunt.
309 895 395 931 Non
429 895 549 931 dixit:
581 895 688 931 Intra
711 896 761 930 ad
781 895 970 945 gaudium
996 896 1141 931 domini
1161 896 1226 941 tui,
1262 896 1351 931 sed:
1384 896 1488 931 intra

178 952 215 987 in
246 953 436 1002 gaudium
472 952 618 988 domini
648 952 712 998 tui,
749 960 788 988 ut
814 965 1021 1001 possessor
1052 953 1101 989 sit
1131 953 1272 1003 gaudii
1302 966 1374 989 non
1407 961 1487 989 tan-

179 1017 256 1045 tum
289 1017 509 1059 spectator;
540 1017 574 1046 et
607 1010 682 1046 iam
706 1022 777 1046 non
811 1011 922 1059 quasi
940 1011 1115 1047 minister
1137 1011 1297 1047 Domini
1328 1011 1364 1046 in
1390 1024 1487 1061 gau—

179 1067 240 1103 dio
274 1068 353 1104 eius
382 1069 451 1104 sed
477 1069 676 1117 particeps
707 1069 959 1118 gaudiorum.
996 1069 1101 1104 Sicut
1132 1076 1167 1104 et
1198 1069 1290 1104 alibi
1320 1069 1400 1118 ipse
1432 1070 1487 1104 di-

178 1125 302 1161 cebat:
336 1126 455 1161 Pater
487 1126 571 1162 volo
605 1133 645 1162 ut
676 1126 739 1161 uhi
769 1138 841 1176 ego
874 1139 956 1162 sum
982 1133 1016 1161 et
1049 1126 1112 1162 isti
1148 1126 1224 1162 sint
1255 1138 1415 1173 mecum,
1451 1135 1489 1162 ut

180 1183 332 1218 videant
362 1184 534 1233 gloriam
581 1196 704 1219 meam
750 1196 862 1232 quam
896 1184 1013 1219 michi
1044 1184 1195 1221 dedisti.
1256 1184 1360 1228 Quid
1392 1197 1488 1234 ergo

180 1240 341 1290 dignum
365 1241 541 1289 facimus
564 1241 599 1276 in
623 1242 692 1277 lzoc
713 1242 841 1277 seculo
875 1249 914 1276 ut
940 1242 1166 1290 participes,
1202 1242 1348 1278 domini
1367 1243 1492 1278 nostri

179 1299 215 1333 in
249 1299 384 1348 regnis
406 1299 606 1335 celestibus
625 1299 724 1348 fieri
754 1300 1008 1335 mereamur?
1039 1300 1130 1335 Ideo
1155 1300 1250 1335 iuste
1273 1300 1365 1335 dicit
1395 1312 1487 1348 apo-

179 1356 319 1392 stolus:
350 1356 545 1393 Existimo
579 1357 676 1392 enim
708 1357 812 1406 quod
844 1369 916 1392 non
949 1364 1037 1393 sunt
1069 1358 1261 1407 condigne
1288 1358 1488 1406 passiones

180 1414 289 1449 huius
321 1415 507 1463 temporis
554 1415 810 1462 adfuturam
855 1415 1027 1464 gloriam
1072 1427 1144 1464 que
1182 1415 1420 1451 revelabitur
1452 1416 1487 1450 in

178 1472 294 1507 nobis.
330 1473 413 1508 Hec
446 1472 730 1508 Crisostomus.

234 1529 401 1565 Videtur
424 1530 543 1565 istum
567 1539 750 1566 sanctum
786 1531 962 1566 alludere
993 1529 1247 1566 distinccioni
1281 1529 1346 1566 isti
1380 1543 1488 1567 com-

179 1586 289 1623 muni
322 1589 430 1635 quod
463 1588 614 1635 aliquid
654 1596 785 1635 potest
819 1589 940 1624 homo
975 1588 1119 1624 mereri
1153 1589 1201 1624 de
1234 1600 1412 1636 congruo
1447 1596 1483 1624 et

177 1644 329 1693 aliquid
362 1646 409 1681 de
443 1645 656 1693 condigno.
710 1645 1006 1681 Beatitudinem
1048 1654 1180 1682 autem
1220 1658 1293 1682 nec
1334 1646 1486 1694 aliquid

177 1711 309 1750 potest
354 1702 442 1751 quis
486 1704 631 1739 mereri
676 1716 698 1739 a
732 1705 814 1739 Deo
847 1703 923 1739 nisi
968 1705 1014 1739 de
1055 1716 1246 1751 congruo,
1301 1716 1346 1740 eo
1379 1705 1487 1751 quod

178 1760 369 1808 quicquid
394 1763 498 1796 Deus
532 1762 599 1797 dat
631 1760 785 1797 homini
809 1763 876 1797 dat
898 1760 971 1797 sibi
1006 1774 1049 1797 ex
1082 1774 1181 1808 pura
1214 1761 1360 1809 gracia,
1396 1774 1487 1797 cum

179 1827 344 1854 coronat
377 1818 552 1866 graciam
578 1818 752 1866 priorem
789 1828 825 1855 et
858 1831 981 1866 opera
1014 1831 1090 1867 que
1114 1828 1233 1855 antea
1266 1819 1321 1854 illi
1354 1819 1486 1867 dedit3

180 1877 227 1911 de
260 1876 460 1924 condigno
506 1885 639 1912 autem
673 1876 761 1924 quis
796 1885 970 1913 meretur
1010 1878 1173 1924 quando
1209 1877 1393 1913 meritum
1431 1886 1488 1913 est

178 1945 221 1969 ex
254 1946 333 1982 quo
366 1934 530 1981 dignum
555 1947 644 1970 cum
676 1934 832 1981 premio
865 1935 925 1970 vel
959 1936 1143 1970 mercede
1165 1935 1227 1970 vel
1245 1947 1335 1970 cum
1370 1947 1489 1983 equa—

178 1991 289 2027 litate
322 1991 516 2039 temporis
549 1992 633 2028 sine
666 1993 907 2039 precedente
947 1991 1065 2028 titulo
1099 1992 1232 2040 gracie
1272 1992 1327 2028 sic
1361 1992 1489 2040 digni-

178 2049 346 2095 ficantis,
399 2049 570 2098 qualiter
601 2062 702 2085 unus
748 2052 869 2086 homo
910 2058 1085 2085 meretur
1123 2051 1171 2085 ab
1216 2050 1357 2095 altero,
1397 2050 1489 2086 licet

179 2107 366 2143 meritum
401 2109 588 2155 precedat
621 2109 846 2143 mercedem
887 2120 1000 2143 suam
1035 2107 1268 2152 causaliter;
1321 2120 1401 2144 non
1434 2108 1489 2143 sic

178 2173 312 2200 autem
346 2167 393 2201 de
417 2167 513 2210 Deo,
550 2178 639 2201 cum
664 2167 770 2201 Deus
804 2165 912 2213 prius
947 2167 1013 2201 dat
1037 2165 1190 2201 homini
1216 2165 1344 2201 maius
1368 2179 1486 2213 quam

179 2222 324 2258 meruit
357 2232 394 2258 et
426 2223 615 2259 continue
649 2223 829 2270 prevenit
861 2223 1114 2270 premiando.

237 2280 425 2328 Sequitur
456 2281 495 2316 in
528 2290 635 2317 textu
670 2280 852 2317 Matthei:
886 2281 1057 2316 Accessit
1091 2289 1218 2316 autem
1253 2288 1287 2317 et
1318 2281 1382 2330 qui
1414 2282 1488 2317 duo

179 2338 322 2373 talenta
354 2347 557 2387 acceperat
589 2346 625 2373 et
656 2339 729 2373 ait:
780 2339 957 2381 Domine,
999 2339 1073 2374 duo
1106 2339 1249 2374 talenta
1289 2339 1492 2374 tradidisti

180 2396 283 2430 mihi.
317 2396 419 2432 Ecce
450 2397 527 2431 alia
563 2397 637 2431 duo
669 2397 965 2444 superlucratus
996 2409 1094 2433 sum.
1128 2396 1190 2431 Ait
1222 2397 1280 2431 illi
1314 2397 1490 2432 dominus

179 2453 278 2488 eius:
309 2454 424 2503 Euge
454 2465 566 2489 serve
595 2454 689 2490 hone
722 2462 755 2489 et
777 2453 927 2502 fidelis,
961 2455 1045 2501 quia
1079 2466 1197 2502 super
1224 2466 1349 2502 pauca
1373 2455 1492 2502 suisti

249 2621 324 2648 2—3.
346 2623 390 2649 A:
411 2624 651 2650 stent—mecum
673 2623 770 2655 dcem
804 2622 824 2648 Ι).
852 2622 880 2649 in
904 2630 1014 2657 marg:
1044 2622 1140 2649 addit.
1231 2631 1258 2655 4.
1281 2623 1324 2648 A:
1346 2623 1490 2656 quemad-

178 2657 299 2683 modum
319 2658 417 2683 twice.
523 2657 547 2684 5.
570 2659 613 2684 A:
635 2665 736 2684 massa
758 2658 850 2684 deest.
926 2657 954 2683 6.
974 2658 1019 2683 A:
1041 2664 1156 2692 niagno
1179 2657 1253 2683 after
1273 2658 1317 2683 sic
1337 2658 1374 2683 de
1394 2657 1488 2683 deest.

180 2700 205 2726 7.
219 2692 262 2718 A:
275 2695 412 2718 sanctum
428 2692 522 2718 deest.
585 2701 627 2718 22.
650 2693 676 2718 A
692 2692 719 2718 iu
738 2700 849 2726 marg:
866 2691 1033 2718 Johannes.
1107 2690 1147 2717 35.
1164 2692 1206 2718 A:
1221 2691 1349 2718 accessit
1362 2699 1440 2727 ergo
1452 2694 1489 2718 et.

254 2784 282 2805 2.
310 2774 430 2806 I.Cor.
456 2776 528 2812 XV,
561 2786 608 2806 10.
658 2774 688 2807 8.
716 2776 737 2806 Ι.
767 2776 843 2806 Cor.
871 2776 955 2813 XIII,
983 2787 1014 2817 ι),
1048 2785 1096 2805 10.
1153 2774 1201 2805 15.
1228 2774 1418 2813 .10Ii.XVII,
1436 2782 1489 2813 24.

186 2830 231 2862 19.
261 2821 361 2851 Rom.
391 2822 475 2859 VIII,
502 2820 533 2851 8.
608 2821 659 2853 33.
688 2821 806 2851 Matth.
833 2822 934 2858 XXV,
964 2821 1110 2860 24.——¹33.

1511 1537 1578 1564 Our
1599 1538 1700 1564 desert
1719 1545 1774 1564 can

1549 1573 1620 1608 only
1641 1573 1676 1599 be
1697 1573 1734 1600 de

1520 1615 1671 1643 congruo,
1693 1607 1752 1634 and

1529 1644 1594 1669 that
1615 1643 1687 1677 onIy
1708 1643 1747 1677 by

1530 1677 1628 1704 God's
1648 1685 1747 1712 grace.
