1986 3289
223 191 312 219 CAP-
333 185 410 230 XL]
601 191 660 223 DE
687 191 1001 223 ANTICHRISTO
1030 191 1112 222 LIB.
1139 191 1162 221 Ι.

224 298 385 346 quando
419 297 532 333 dicit:
567 297 801 332 Manducate
839 307 968 332 omnes
1001 303 1035 332 et
1067 296 1179 331 bibite
1213 306 1267 331 ex·
1307 307 1349 331 eo
1383 308 1532 331 omnes:

224 356 311 391 Hoc
343 363 398 391 est
430 367 571 404 corpus
603 367 726 391 meum
760 361 795 390 et
827 354 886 390 hic
917 361 973 389 est
1004 354 1101 389 enim
1133 354 1295 403 sanguis
1328 365 1445 391 meus.
1483 355 1531 388 Et

224 426 305 449 non
349 412 445 448 dixit
490 412 606 457 (sicut
632 411 830 463 ,garriunt
878 420 1057 448 recentes
1096 410 1275 457 heretici)
1308 411 1428 459 ‘quod
1467 410 1531 446 hic

223 470 504 507 adverbialiter
527 479 584 506 est
608 482 753 517 corpus
778 481 910 505 meum
935 477 973 506 et
987 470 1095 518 quod
1120 470 1195 505 hoc
1210 468 1533 505 substancialiter

192 528 392 566 §existens
425 527 540 576 panis
574 536 630 564 est
660 539 752 563 vere
785 539 929 575 corpus
963 539 1096 563 meum
1130 535 1167 563 et
1189 526 1253 562 hic
1285 526 1531 562 intellectum

223 580 558 634 pronominaliter
591 593 649 621 est
680 584 876 621 veraciter
908 584 1067 633 sanguis
1100 597 1225 621 meus.

282 645 373 680 Ideo
406 642 569 680 heretici
601 656 681 679 non
713 651 896 691 potentes
928 656 997 691 pre
1019 642 1259 679 verecundia
1292 642 1357 678 hic
1379 642 1532 678 subter-

223 702 372 749 fugere,
412 701 565 749 fingunt
607 713 677 749 per
715 709 839 737 artem
882 700 1061 749 magistri
1095 700 1154 737 sui
1188 699 1531 748 significacionem

225 768 451 796 extraneam
495 758 585 795 huic
624 760 745 794 verbo
787 760 886 805 (εει),
937 759 991 795 ita
1029 760 1137 807 quod
1173 758 1303 806 ipsum
1358 760 1534 806 ponatur

172 830 296 865 1opro
341 817 416 853 isto
458 816 647 857 ,terminos
681 816 906 864 composito
951 816 1106 853 noviter
1150 816 1366 853 adinvento
1406 824 1532 852 trans-

222 875 508 911 substanciatur
551 875 608 918 in;
650 874 704 910 ita
749 875 857 922 quod
901 874 975 911 iste
1013 874 1062 910 sit
1100 885 1265 910 sensus:>
1304 873 1378 910 iste
1417 873 1533 922 panis

224 932 637 969 transsubstanciatur
669 932 708 968 in
742 944 886 980 corpus
920 941 1076 981 meum3
1110 932 1217 968 istud
1248 931 1384 968 vinum
1406 941 1534 968 trans—

223 990 520 1026 substanciatur
559 990 599 1026 in
643 989 874 1037 sanguinem
923 1002 1069 1037 meum,
1117 999 1154 1026 et
1197 989 1258 1026 sie:
1296 998 1377 1026 tam
1419 989 1534 1038 panis

224 1060 343 1096 quam
377 1047 511 1084 vinum
537 1047 679 1084 desinit
702 1060 785 1084 esse
807 1049 1028 1084 secundum
1053 1047 1273 1096 quamlibet
1295 1047 1355 1084 sui
1378 1057 1533 1096 partem

175 1107 352 1145 15solum
384 1105 683 1143 remanentibus
713 1105 951 1142 sensibiliter
975 1105 1248 1142 accidentibus
1272 1118 1349 1154 que
1377 1106 1535 1149 fuerant

224 1163 264 1200 in
298 1164 459 1201 eisdem.

282 1223 329 1257 Et
373 1221 428 1257 sic
473 1221 619 1258 dicitur
650 1222 757 1270 quod
796 1221 967 1269 Spiritus
1008 1223 1177 1258 Sanctus
1219 1221 1355 1258 docuit
1388 1234 1535 1269 papam

225 1279 342 1315 istam
382 1279 708 1327 grammaticam:
754 1280 830 1315 hoc
868 1279 1280 1316 transsubstanciatur
1318 1279 1357 1314 in
1390 1291 1536 1327 corpus

226 1350 360 1373 meum
406 1346 443 1373 et
487 1337 743 1385 sanguinem3
789 1338 857 1373 sed
896 1337 1079 1373 diabolus
1116 1338 1456 1374 verecundaretur
1484 1338 1536 1382 ,de

170 1395 301 1434 20ista
345 1395 528 1431 mendaci
573 1394 732 1441 ficticia,
762 1405 871 1431 'cum
906 1395 1088 1436 Christus
1127 1395 1266 1432 odiens
1307 1396 1463 1431 hereses
1496 1394 1536 1430 in

228 1466 299 1489 sua
316 1452 481 1489 ecclesia
497 1455 657 1489 doceret
672 1452 787 1489 istam
808 1452 1065 1499 sentenciam,
1089 1455 1252 1502 quando
1277 1453 1374 1489 fides
1397 1453 1436 1488 in
1452 1452 1536 1500 ipsa

226 1511 501 1559 floruithuod
535 1510 683 1547 omisit.
729 1512 822 1547 Ideo
862 1510 966 1547 idem
1009 1511 1158 1559 fingere
1197 1512 1272 1548 hoc
1313 1523 1356 1547 ex
1389 1509 1537 1547 Christi

227 1568 464 1605 ordinancia
509 1577 545 1605 et
593 1568 802 1617 imponere
846 1568 921 1604 sibi
966 1578 1176 1617 peccatum
1224 1568 1453 1605 omissionis
1501 1577 1538 1611 et

227 1639 374 1675 papam
408 1626 476 1674 qui
517 1626 667 1662 invenit
699 1626 819 1662 istum
859 1627 1077 1663 terminum
1111 1626 1385 1663 antichristive
1419 1626 1539 1662 extol-

171 1692 211 1723 25
228 1686 308 1721 lere
331 1696 450 1732 super
474 1684 691 1720 Christum.
727 1686 819 1721 Ideo
843 1683 1021 1721 dicerent
1051 1685 1179 1735 sancti
1203 1686 1388 1721 doctores
1419 1685 1539 1720 modo

228 1742 458 1790 superstites
482 1743 589 1790 quod
613 1742 688 1778 ista
717 1742 983 1790 grammatica
1013 1756 1103 1780 cum
1136 1755 1216 1779 non
1244 1742 1295 1778 sit-
1322 1741 1538 1778 fundabilis

228 1793 591 1837 eadem‘facilitate
624 1800 925 1848 contempnitur
957 1814 1035 1849 qua
1069 1802 1279 1849 probatur,
1324 1813 1462 1848 ymmo
1495 1808 1537 1835 ut

228 1858 423 1906 replicant
467 1861 584 1894 rudes
629 1858 897 1906 grammatici,
947 1868 1042 1896 tunc
1083 1859 1332 1906 evangelium
1366 1857 1535 1894 diceret:

228 1916 302 1952 Hic
335 1925 392 1952 est
424 1916 657 1964 sanguinem
693 1929 841 1961 meum,
875 1929 965 1953 cum
999 1916 1073 1953 iste
1105 1917 1154 1953 sit
1183 1917 1427 1953 intellectus:
1462 1918 1538 1952 Iste

172 1974 361 2022 3oliquor
403 1974 815 2011 transsubstanciatur
860 1975 900 2010 in
943 1975 1179 2022 sanguinem
1225 1976 1359 2010 meum
1405 1982 1442 2010 et
1480 1986 1538 2010 se—

229 2033 402 2068 cundum
449 2031 737 2079 grammaticos
780 2032 911 2068 omnis
951 2032 1204 2069 construccio
1246 2041 1304 2069 est
1342 2033 1392 2068 ad
1424 2031 1540 2068 intel-

228 2090 374 2126 lectum
410 2089 653 2126 racionalem
687 2090 926 2126 referenda„

288 2147 500 2193 Similiter,
546 2148 576 2183 si
628 2147 744 2195 panis
797 2156 833 2184 et
876 2147 1012 2184 vinum
1066 2147 1122 2184 sic
1175 2147 1403 2184 desinerent
1456 2159 1540 2183 esse

230 2205 528 2241 remanentibus
567 2205 661 2241 solis
702 2205 977 2244 accidentibus
1015 2205 1256 2242 sensibiliter
1288 2205 1538 2242 assumendis

176 2271 325 2303 35tunc
355 2262 535 2299 Christus
569 2262 652 2299 sine
685 2276 805 2299 causa
838 2263 1060 2311 preciperet
1093 2263 1174 2300 suis
1207 2263 1398 2312 apostolis
1430 2264 1538 2312 quod

234 2322 527 2357 manducarent
561 2330 597 2357 et
631 2320 811 2357 biberent
845 2333 888 2356 ex
921 2321 996 2357 hoc
1029 2333 1179 2367 omnes,
1227 2321 1321 2370 quia
1355 2321 1538 2357 Christus

234 2379 380 2414 faceret
413 2378 519 2415 istud
553 2378 735 2415 desinere
769 2391 852 2415 esse
885 2388 1099 2427 antequam
1136 2388 1358 2428 caperetur.

293 2436 498 2482 Similiter,
543 2436 651 2472 iuxta
695 2436 812 2472 istam
858 2436 1029 2473 heresim
1070 2437 1185 2485 panis
1226 2446 1262 2473 et
1289 2437 1430 2474 'vinum
1473 2438 1541 2472 ad-

234 2494 523 2530 nichilarentur
546 2495 653 2542 quod
677 2494 779 2530 foret
809 2493 1104 2530 severissimum
1139 2495 1379 2531 miraculum
1413 2506 1542 2531 sacer-

174 2570 219 2599 40
234 2551 392 2588 dotibus
431 2552 666 2600 regulariter
704 2551 999 2588 ascribendum.
1041 2554 1126 2598 Qne
1159 2565 1257 2600 rogo
1290 2553 1391 2589 foret
1423 2565 1542 2589 causa

304 2757 337 2776 11.
361 2750 404 2776 A:
426 2750 509 2783 quod
529 2746 631 2776 twice*
726 2756 771 2782 94.
794 2749 831 2775 B:
850 2755 943 2784 papa.
1048 2748 1089 2776 25.
1110 2750 1156 2776 A:
1178 2737 1362 2783 superJntT.
1436 2751 1481 2776 20.
1497 2749 1541 2776 At

234 2782 459 2819 sifundrzbilz‘v.
566 2792 614 2818 29,
642 2782 687 2810 30.
709 2784 753 2810 A:
784 2783 843 2810 Iste
873 2785 995 2818 loquor.
1121 2783 1167 2818 36.
1199 2785 1242 2810 A:
1277 2783 1418 2811 Christus
1447 2785 1542 2810 deest.

236 2817 283 2849 30.
305 2818 342 2844 ss:
364 2818 591 2845 serenissimum
601 2828 611 2850 ,⁷
630 2819 659 2845 Α
678 2818 709 2845 in
731 2826 845 2853 marg:
870 2818 914 2844 De
933 2818 1035 2844 hostia
1056 2821 1238 2845 consecrata
1254 2826 1316 2853 per
1334 2821 1438 2845 totum.

1347 2867 1417 2897 10÷÷

1743 193 1816 226 147

1559 660 1662 688 When
1686 660 1811 695 pressed

1576 696 1646 731 they
1667 703 1720 730 say
1740 695 1788 721 ‘is'

1631 738 1737 757 means

1547 765 1584 792 ‘is
1603 765 1816 792 transubstan-

1582 800 1675 827 tiated
1696 800 1781 826 into'.

1562 1233 1609 1260 To
1631 1242 1683 1269 say
1705 1233 1766 1260 this
1788 1233 1813 1260 is

1609 1273 1639 1295 to
1660 1276 1769 1295 accuse

1610 1303 1714 1330 Christ
1732 1303 1769 1341 of

1564 1345 1811 1408 barregia„

1561 2159 1627 2186 The
1649 2159 1740 2185 bread
1762 2159 1819 2185 and

1572 2194 1652 2221 wine
1673 2194 1737 2220 that
1757 2195 1806 2221 the

1572 2229 1720 2263 disciples·
1738 2237 1818 2255 were

1555 2264 1603 2290 bid
1626 2267 1656 2289 to
1676 2264 1742 2290 take
1763 2263 1821 2290 had

1584 2299 1691 2325 ceascd
1713 2302 1744 2324 to
1766 2298 1811 2324 be.
