1986 3289
191 234 279 263 cAv.
300 226 367 281 rr]
576 238 635 269 DE
662 237 978 269 ANT1cHRlsTo
1005 238 1090 270 ΜΒ.
1116 239 1138 269 1.
1709 230 1783 277 189

186 345 273 392 plus
322 343 515 391 decrevit3
560 352 597 380 et
644 352 838 380 consonat
881 343 1003 389 racio,
1049 343 1141 393 quia
1176 344 1248 380 iste
1286 351 1391 379 secte
1424 355 1494 391 per

187 401 415 450 superbiam
450 411 486 438 et
518 401 816 450 negleccionem
840 403 999 450 sequele
1023 401 1172 439 Christi
1205 402 1245 437 in
1277 401 1358 437 suis
1390 400 1496 436 limi-

187 460 292 496 tibus
344 459 540 496 inducunt
585 459 869 496 contenciones
916 469 953 496 et
997 459 1166 496 invidias
1218 460 1497 508 perturbantes

187 530 324 554 omnes
357 527 436 554 tres
481 526 613 565 partes
647 517 812 554 ecclesie
844 517 1065 556 militantis.
1109 519 1200 554 Ideo
1240 517 1378 554 dicunt
1411 516 1496 565 qui-

154 578 171 611 5
189 577 278 611 dam
305 577 412 624 quod
441 574 642 612 seminant
666 574 900 612 divisionem
936 585 973 612 et
996 577 1233 624 perturbant
1265 575 1305 611 in
1328 574 1497 611 ecclesia

186 646 318 669 veram
354 645 508 681 pacem.

246 693 397 737 Quarta
421 689 626 728 conclusio
659 690 715 727 sic
747 691 963 727 formatur:
998 691 1277 728 Obediendum
1304 699 1361 726 est
1392 703 1495 738 pape
1537 720 1567 744 4-
1588 709 1648 738 We
1669 714 1751 737 must

188 758 224 785 et
269 748 493 797 cuicunque
544 749 699 796 prelato
733 748 884 785 cesario
931 748 1082 797 precise
1128 750 1175 785 de
1222 757 1373 797 quanto
1412 748 1496 796 ipse
1540 746 1623 808 fflgy
1645 753 1752 808 1935ng

90 802 144 836 23⁰¹
189 807 306 842 fidem
333 806 479 843 Christi
512 806 694 842 docuerit
720 804 724 856 ξ
755 815 792 842 et
823 805 1000 842 virtutes.
1036 807 1272 843 Declaratur
1294 806 1369 843 ista
1403 819 1494 842 con·
1512 789 1661 852 preciseiiy
1682 824 1718 842 so
1738 815 1786 842 far

134 873 172 893 10
189 864 313 900 clusio
347 877 389 901 ex
423 863 573 912 duplici
596 863 827 900 testimonio
860 873 1173 912 assumptorum,
1207 864 1357 901 scilicet
1389 865 1497 912 quod
1529 850 1759 914 ἶὸῂᾷξζῖζῖῗξίξῖζ

187 922 422 959 obediencia
466 931 581 958 sonat
626 921 904 970 principaliter
947 921 987 958 in
1030 922 1103 959 Dei
1147 922 1356 970 proposito
1390 922 1496 958 iuxta
1529 921 1588 949 and
1615 920 1758 956 practice.

186 980 283 1016 illud
305 982 422 1016 Josue
454 981 499 1025 X,
540 991 607 1025 14:
647 979 853 1016 Obediente
885 980 970 1016 Deo
995 981 1079 1016 voci
1108 980 1294 1025 hominis,·
1324 980 1414 1016 ideo
1448 981 1496 1016 de

186 1046 298 1074 tanto
332 1037 495 1074 obedire
528 1038 644 1074 debet
677 1037 898 1074 catholicus
921 1037 1047 1074 eciam
1083 1038 1243 1074 diabolo
1266 1038 1494 1083 incarnato;

187 1105 223 1132 et
247 1108 337 1132 cum
371 1096 469 1132 tales
492 1094 636 1144 prelati
661 1095 817 1146 cesarii,
849 1095 942 1132 licet
973 1095 1168 1132 indirecte
1191 1096 1343 1132 faciunt
1368 1097 1496 1132 multa

134 1151 169 1181 15
187 1155 302 1199 bona⁷
325 1154 422 1190 sicut
442 1154 608 1190 iumenta
632 1154 768 1189 docent
790 1154 973 1200 homines,
1005 1163 1048 1190 ut
1072 1153 1217 1191 dicitur
1245 1156 1318 1191 Job
1350 1155 1431 1201 XII,
1458 1167 1494 1201 7,

187 1220 223 1248 et
268 1211 417 1248 diaboli
461 1220 629 1259 prosunt
673 1211 838 1248 ecclesie
881 1211 1088 1258 indirecte,
1133 1221 1243 1260 patet
1276 1212 1491 1249 conclusio.

187 1271 304 1315 Quod
348 1278 482 1306 autem
527 1282 607 1305 non
657 1268 927 1306 obediendum
973 1278 1031 1306 est
1074 1269 1151 1306 illis
1198 1269 1395 1307 imitando
1435 1270 1496 1307 vel

186 1327 370 1364 faciendo
403 1329 512 1378 quod
553 1328 746 1364 mandant
789 1328 1011 1364 secundum
1051 1327 1255 1364 racionem
1291 1329 1380 1376 plus
1412 1341 1496 1364 am-

186 1386 309 1434 plam,
361 1393 471 1433 patet
518 1397 561 1421 ex
612 1385 688 1422 hoc
740 1387 849 1433 quod
900 1394 995 1422 tunc
1040 1386 1290 1434 relinquetur
1333 1387 1496 1434 sequela

130 1449 171 1470 20
188 1442 334 1480 Christi
368 1452 404 1480 et
435 1444 557 1479 homo
596 1452 781 1491 peccaret
812 1445 1017 1492 sequendo
1048 1443 1215 1492 vestigia
1246 1444 1494 1481 Antichristi.

186 1502 278 1538 Ideo
311 1509 539 1549 suspectum
585 1510 643 1538 est
683 1503 792 1549 quod
836 1510 1069 1550 contempta
1112 1502 1198 1550 lege
1231 1502 1393 1539 Domini
1436 1502 1496 1539 lex

185 1572 287 1595 nova
321 1560 511 1596 mandata
542 1572 645 1596 nova
677 1568 714 1596 et
745 1569 998 1596 sacramenta
1036 1573 1137 1597 nova
1177 1569 1268 1597 sunt
1300 1560 1340 1597 in
1374 1561 1497 1597 eccle-

185 1616 281 1653 siam
317 1616 558 1654 introducta.

242 1676 356 1711 Unde
392 1674 506 1711 ficcio
544 1684 601 1711 est
641 1674 915 1712 antichristiva
948 1677 1056 1724 quod
1103 1675 1217 1712 aliter
1253 1688 1334 1712 non
1377 1676 1496 1712 habe·
1581 1687 1710 1725 Itis-an

130 1736 167 1767 25
186 1744 318 1768 remus
350 1733 590 1779 sacerdotes,
636 1732 845 1781 episcopos
885 1741 921 1770 et
955 1733 1199 1782 episcopalia
1231 1742 1496 1770 sacramenta.
1553 1722 1744 1749 unctu-mnan

1560 1757 1661 1784 fiction
1682 1756 1746 1782 that

187 1789 291 1835 Quid
344 1803 441 1838 rogo
494 1792 657 1839 prodest
697 1791 862 1828 ecclesie
905 1791 1104 1828 veniendo
1148 1793 1198 1828 ad
1246 1791 1418 1840 patriam
1461 1800 1498 1828 et
1530 1792 1661 1819 without
1680 1791 1762 1818 them

185 1849 380 1884 servando
429 1848 547 1885 fidem
583 1848 837 1895 catholicam,
878 1851 986 1897 quod
1027 1849 1194 1886 ecclesia
1227 1851 1345 1886 habet
1375 1862 1497 1886 novas
1518 1825 1779 1889 gigesffiiiitcinldr‘itvse.

185 1905 491 1942 consuetudines
539 1906 832 1943 antichristivas
876 1906 1179 1943 infundabiliter
1222 1907 1498 1944 introductas?

186 1965 438 2011 Quandoque
462 1963 566 2000 enim
591 1964 664 2000 fuit
696 1964 736 2000 in
770 1964 847 2001 fide
870 1964 1017 2001 Christi
1049 1974 1161 2002 tanta
1183 1965 1354 2003 facilitas
1387 1968 1496 2015 quod

128 2025 168 2056 30
185 2022 306 2057 homo
336 2022 520 2058 habendo
551 2022 669 2058 fidem
704 2022 917 2059 formatam
951 2023 1012 2059 vel
1044 2025 1240 2060 servando
1263 2023 1414 2060 veniret
1446 2025 1495 2061 ad

184 2078 370 2126 patriam,
404 2089 447 2115 ut
481 2088 589 2128 patet
621 2080 746 2116 Marci
779 2080 941 2117 ultimo:
988 2081 1065 2125 Qui
1094 2082 1305 2118 crediderit
1336 2089 1371 2118 et
1403 2083 1495 2132 hap-

184 2137 325 2188 tizatus
346 2138 477 2186 fuerit
519 2139 652 2174 salvus
683 2138 769 2185 erit,
814 2147 851 2174 et
884 2138 1052 2175 Matthei
1083 2140 1171 2175 XIX
1215 2139 1272 2176 sic
1306 2141 1494 2177 habetur:

185 2194 284 2230 Ecce
315 2207 411 2231 unus
437 2196 622 2232 accedens
649 2196 748 2232 dixit
775 2194 888 2232 Jesu:
915 2197 1113 2247 Magister
1140 2198 1247 2243 bone,
1287 2198 1378 2247 quid
1410 2190 1499 2234 boni

173 2252 328 2300 faciam
375 2260 415 2289 ut
459 2253 618 2289 habeam
665 2253 778 2289 vitam
813 2261 997 2290 eternam.
1044 2255 1121 2299 Qui
1151 2256 1252 2291 dixit
1284 2256 1335 2291 ei:
1393 2256 1496 2300 Quid

126 2313 166 2346 35
184 2321 244 2345 me
264 2310 488 2361 interrogas
522 2311 566 2346 de
599 2311 726 2347 bono?
762 2312 866 2348 Unus
888 2319 944 2348 est
977 2313 1107 2358 bonus,
1145 2312 1261 2352 Deus.
1295 2314 1338 2349 Si
1367 2321 1493 2350 autem

184 2367 239 2403 vis
271 2368 322 2403 ad
354 2368 470 2404 vitam
503 2369 670 2418 ingredi,
707 2381 821 2405 serva
866 2371 1063 2406 mandata.
1127 2371 1203 2408 Ubi
1238 2371 1494 2408 manifestum

183 2433 239 2461 est
273 2426 379 2473 quod
414 2438 457 2461 ex
480 2426 725 2462 sufficiencia
758 2427 938 2464 doctrine
962 2428 1124 2464 Domini
1157 2430 1265 2478 quod
1298 2429 1494 2466 veniendo

183 2483 232 2518 ad
285 2482 456 2530 patriam
510 2483 656 2520 sufficit
708 2485 970 2522 observancia
1023 2488 1322 2524 mandatorum.
1387 2489 1495 2535 Papa

183 2548 316 2576 autem
351 2541 468 2577 hodie
500 2554 581 2577 non
604 2542 724 2578 ferret
756 2542 927 2590 graviter
959 2545 1067 2592 quod
1099 2553 1266 2593 propter
1298 2546 1492 2581 honorem

242 2749 276 2780 ,7.
297 2742 326 2768 Α
346 2741 376 2769 in
398 2750 511 2778 marg:
543 2743 661 2779 Quarta
687 2746 862 2777 conducio,-
890 2746 929 2773 ib.
950 2748 1001 2774 A:
1016 2750 1139 2783 quarto.
1248 2749 1289 2776 25.
1311 2750 1355 2776 A:
1377 2753 1492 2785 tempo—

183 2776 265 2803 ναίια
284 2780 488 2804 sacramenta.
579 2786 626 2814 29.
646 2780 692 2806 A:
717 2779 848 2815 Quando
869 2782 959 2808 enim.
1066 2781 1113 2816 34,
1133 2781 1174 2810 35.
1196 2784 1240 2810 A:
1263 2783 1338 2819 quid
1357 2784 1442 2812 bone.

252 2848 303 2880 31.
329 2848 434 2881 Marci
459 2850 547 2890 XVI,
579 2850 628 2882 16.
755 2853 808 2885 32.
835 2852 953 2884 Matth.
980 2853 1067 2894 XIX,
1099 2853 1148 2894 16,
1181 2865 1230 2897 17.
