1986 3289
225 248 313 275 CAP.
336 238 460 292 mov]
601 249 658 280 DE
686 249 1000 280 AN'ncfflRls'so
1032 250 1112 280 ΜΗ.
1141 249 1163 279 1.
1738 249 1810 284 241

220 368 354 392 nomen
387 363 505 393 tuum.
558 355 699 405 Quinto
732 355 899 390 sumitur
938 367 1015 403 pro
1056 355 1284 390 adulacione
1328 355 1526 389 mulcente.

221 414 378 450 Psalmo
411 414 523 458 CXL,
559 423 600 461 5:
646 412 781 448 Oleum
810 413 1028 461 peccatoris
1059 425 1131 448 non
1165 412 1377 462 impinguet
1415 419 1530 460 caput

219 484 356 507 meum.
391 472 508 508 Sexto
542 470 713 506 sumitur
746 483 817 518 pro
852 470 1045 518 dignitate
1076 471 1268 518 prebente
1301 469 1409 517 regia
1434 481 1528 504 unc-

218 528 351 565 cione:
398 529 557 565 Psalmo
604 529 842 574 LXXXVIII,
897 539 968 565 21:
1015 528 1148 563 Inveni
1192 528 1325 563 David
1370 539 1527 563 servum

186 587 355 623 5meum.
403 587 495 623 Oleo
538 593 671 622 sancto
705 598 785 622 meo
819 586 915 622 unxi
939 598 1022 622 eum
1058 595 1094 622 et
1126 588 1171 623 Is.
1207 587 1251 631 V,
1313 598 1349 621 1:
1412 585 1527 620 Vinea

217 645 334 693 facta
368 651 424 681 est
456 644 593 680 dilecto
626 656 708 679 meo
742 644 777 679 in
810 656 930 679 cornu
951 644 1041 693 filio
1075 644 1159 681 olei.
1192 645 1239 679 Et
1272 655 1342 691 per
1363 642 1438 678 ista
1462 654 1526 678 sex

217 710 347 750 potest
378 702 545 750 intelligi
578 701 777 749 scriptura
803 700 957 737 miStice
979 702 1147 750 loquens
1172 702 1219 737 de
1252 701 1340 737 oleo
1364 702 1526 749 quando

218 768 275 796 est
307 772 445 796 sensus
478 759 657 796 misticus
691 758 967 807 requirendus

278 817 548 854 Crisostomus
594 825 727 853 autem
772 829 891 865 super
935 817 1011 853 isto
1055 825 1164 853 textu
1217 816 1273 853 sic
1325 816 1523 864 loquitur:
1565 821 1789 861 chrysostom:

163 886 201 907 10
217 876 323 912 Sicut
375 876 525 924 lampas
563 888 635 911 non
681 875 904 911 accenditur
947 886 998 911 ex
1029 875 1112 911 oleo
1144 875 1212 911 sed
1242 876 1288 910 ab
1322 875 1422 925 igne,
1450 886 1526 923 per
1545 856 1816 927 ςξοᾶῐζξὴὸἶῖξὲῗὲᾗ,

215 935 339 970 oleum
384 941 510 969 tamen
555 933 725 969 nutritur
763 941 799 969 et
837 933 910 968 nisi
946 933 1070 968 oleum
1104 933 1138 968 ei
1165 932 1523 968 subministraveris
1553 927 1738 988 mainbtssitniesd
1761 962 1799 997 by

215 991 472 1042 extinguitur,
515 991 570 1027 sic
607 998 642 1026 et
674 991 780 1040 fides
830 1004 902 1027 non
952 1002 1003 1026 ex
1054 990 1234 1039 operibus
1285 990 1521 1036 accenditur,
1569 996 1649 1031 good
1672 997 1783 1023 works.

213 1051 283 1085 sed
314 1061 364 1086 ex
396 1049 512 1085 verbo
544 1048 632 1094 Dei,
674 1049 772 1085 sicut
803 1049 857 1084 ait
888 1048 1109 1097 Apostolus,
1162 1055 1288 1084 tamen
1321 1060 1395 1096 per
1428 1048 1524 1083 bona

215 1119 332 1156 opera
381 1107 554 1142 nutritur
597 1114 632 1142 et
677 1106 752 1142 nisi
793 1106 1150 1142 subministraveris
1197 1106 1231 1141 ei
1262 1118 1379 1155 opera
1413 1106 1523 1148 bona,

162 1165 353 1214 15deficit.
394 1165 500 1200 Sicut
543 1164 640 1200 enim
674 1176 747 1200 non
781 1171 909 1213 potest
941 1164 976 1199 in
1009 1165 1135 1200 Deum
1169 1176 1330 1212 sperare
1362 1164 1435 1199 nisi
1463 1163 1527 1211 qui

216 1223 324 1270 facit
367 1234 484 1271 opera
518 1222 614 1258 bona
653 1222 802 1270 aliqua:
852 1222 906 1258 sic
950 1234 1022 1257 non
1065 1228 1191 1271 potest
1235 1222 1397 1257 credere
1440 1222 1523 1257 Deo

215 1280 288 1316 nisi
316 1280 382 1329 qui
402 1281 509 1328 facit
539 1280 686 1329 aliquid
720 1280 880 1330 dignum
914 1280 1011 1316 Deo.
1046 1280 1139 1316 Inde
1171 1287 1226 1315 est
1258 1280 1360 1328 quod
1387 1291 1524 1328 pecca-

214 1345 318 1374 tores
350 1350 423 1374 non
457 1339 617 1374 credunt
640 1338 736 1384 Deo,
760 1338 849 1374 'Sive
881 1338 927 1373 de
956 1338 1088 1388 gloria
1121 1345 1344 1374 sanctorum
1377 1337 1411 1373 si
1442 1337 1524 1385 quis

214 1396 267 1432 eis
298 1396 481 1444 loquatur
501 1395 580 1432 sive
603 1396 649 1431 de
666 1408 766 1444 pena
785 1402 1050 1444 peccatorum,
1084 1403 1119 1431 et
1152 1396 1242 1431 dum
1267 1407 1338 1431 non
1363 1395 1524 1431 credunt

157 1462 199 1483 20
215 1454 402 1502 futurum
450 1465 532 1489 esse
563 1454 664 1501 quod
697 1453 839 1489 dicitur
870 1465 989 1501 neque
1028 1454 1074 1489 de
1106 1454 1201 1489 bono
1221 1454 1367 1501 futuro
1401 1453 1524 1489 delec-

213 1518 347 1547 tantur
378 1523 496 1560 neque
528 1512 573 1547 de
613 1511 715 1547 malo
748 1518 959 1548 terrentur.
1007 1511 1102 1547 Vere
1129 1511 1241 1560 fatui
1274 1518 1362 1547 sunt
1393 1523 1524 1546 omnes

214 1569 385 1605 homines
417 1570 482 1618 qui
512 1576 577 1604 aut
598 1569 722 1605 solum
756 1568 981 1604 existimant
1012 1569 1085 1605 sibi
1111 1581 1226 1618 posse
1256 1569 1440 1618 sufficere
1472 1569 1523 1604 ad

211 1627 389 1673 salutem,
420 1627 508 1676 quia
541 1627 704 1663 credunt
735 1627 770 1662 in
800 1626 1012 1675 Christum,
1045 1634 1079 1662 et
1111 1627 1313 1662 christiani
1345 1627 1524 1662 dicuntur

213 1692 248 1720 et
279 1697 351 1721 non
384 1685 577 1733 festinant
619 1684 844 1733 semetipsos
882 1685 989 1720 bonis
1027 1685 1208 1734 operibus
1250 1685 1523 1720 commendare

157 1747 196 1780 25
213 1754 280 1779 nec
311 1743 472 1778 audiunt
502 1743 685 1778 Jacobum
720 1743 927 1778 dicentem:
971 1743 1069 1786 Quia
1093 1742 1199 1792 fides
1230 1743 1310 1778 sine
1342 1743 1522 1791 operibus

213 1808 366 1836 mortua
399 1808 467 1837 est.

269 1857 436 1895 Videtur
468 1858 588 1894 istum
623 1866 805 1894 sanctum
846 1870 936 1894 vere
980 1858 1111 1894 dicere
1145 1860 1253 1906 quod
1287 1860 1336 1894 ad
1369 1858 1520 1895 stabili-
1553 1876 1636 1903 Need
1658 1877 1693 1904 of
1708 1878 1790 1911 good

212 1924 333 1952 tatem
378 1916 521 1952 viantis
566 1916 793 1952 necessaria
839 1924 896 1952 est
942 1917 1047 1952 bona
1079 1916 1283 1963 operacio,
1334 1928 1377 1952 ut
1422 1916 1517 1952 dicit
1615 1912 1728 1939 works.

210 1975 395 2023 Jacobus,
451 1973 544 2022 quia
576 1982 621 2009 ut
651 1985 743 2010 vere
776 1973 871 2009 dicit
904 1986 989 2021 cap.
1022 1976 1067 2020 ΙΙ,
1108 1985 1174 2023 19:
1227 1975 1405 2010 demones
1437 1987 1519 2010 cre—

155 2040 196 2072 30
212 2032 304 2067 dunt
336 2039 371 2068 et
402 2039 720 2078 contremescunt,
773 2031 868 2079 quia
919 2031 1111 2067 deficiunt
1156 2032 1210 2068 eis
1244 2033 1348 2068 bona
1397 2044 1519 2080 opera

212 2102 290 2137 que
322 2089 490 2126 caritate
522 2089 653 2125 forent
685 2089 917 2126 informata.
950 2092 998 2125 Et
1030 2090 1102 2125 hec
1135 2090 1244 2126 racio
1278 2103 1401 2138 quare
1433 2090 1519 2138 qui-

211 2149 303 2183 dam
355 2146 509 2183 viantes
556 2156 775 2195 operantur
821 2149 970 2183 bonum
1017 2147 1185 2184 sollicite
1230 2157 1272 2183 ut
1318 2148 1409 2184 fidei
1450 2161 1518 2184 sue

210 2205 340 2241 oleum
376 2204 561 2241 adveniat
606 2214 642 2241 et
674 2204 794 2241 vitam
828 2217 938 2241 suam
983 2205 1175 2241 exhilaret
1210 2214 1347 2242 contra
1382 2206 1519 2242 diabo-

210 2264 314 2309 lum3
367 2271 404 2299 et
436 2263 492 2299 sic
526 2262 687 2311 quidam
734 2262 962 2311 intelligunt
994 2263 1101 2299 istud
1134 2263 1301 2300 Matthei
1334 2265 1397 2309 Vl,
1450 2275 1516 2314 17:

155 2327 193 2361 35
217 2321 271 2355 Tu
304 2332 397 2357 vero
429 2333 513 2356 cum
547 2320 705 2367 ieiunas,
750 2333 852 2371 unge
883 2328 995 2371 caput
1036 2329 1141 2357 tuum
1174 2329 1209 2357 et
1229 2322 1379 2370 faciem
1414 2329 1517 2357 tuam

211 2379 312 2416 lava.
347 2379 500 2415 Debent
535 2378 640 2415 enim
685 2378 836 2415 viantes
880 2378 920 2415 in
952 2379 1063 2415 omni
1108 2391 1228 2427 opere
1267 2392 1338 2415 suo
1372 2380 1518 2415 habere

210 2435 468 2472 devocionem
519 2436 738 2484 sapientem
772 2449 842 2484 per
875 2449 996 2485 quam
1031 2449 1218 2485 suprema
1259 2450 1350 2485 pars
1383 2437 1517 2473 anime

82 2500 166 2542 428b
210 2493 249 2529 in
282 2506 360 2542 qua
394 2503 484 2530 sunt
528 2494 637 2530 racio
671 2503 707 2530 et
739 2495 922 2531 voluntas
966 2494 1198 2543 iniungatur
1231 2495 1320 2531 debi
1349 2491 1354 2548 Ι
1383 2504 1433 2541 te,
1480 2504 1517 2531 et

277 2724 305 2746 4.
327 2713 443 2741 Codd.:
466 2714 587 2741 Psalmo
608 2713 683 2741 XCI.
790 2721 817 2748 9.
840 2715 867 2741 Α
893 2714 922 2741 in
945 2722 1058 2748 ma1·g.:
1084 2714 1299 2741 Crisostomus.
1410 2714 1448 2741 18.
1471 2715 1514 2741 A:

210 2749 274 2775 Deo
296 2748 396 2780 deest:
419 2748 439 2774 Β
461 2749 490 2775 in
512 2757 625 2783 marg:
646 2749 747 2779 addit:
768 2748 809 2775 ib.
826 2751 867 2775 A:
889 2749 1029 2781 sz'dcest3
1053 2749 1090 2776 B:
1112 2749 1207 2776 addit.
1281 2757 1326 2776 20.
1349 2748 1515 2785 lsstfuturo

209 2783 302 2810 deest.
394 2791 439 2818 27.
464 2784 491 2810 A
512 2783 541 2810 in
564 2791 677 2817 marg.:
697 2783 865 2810 Jonannes.

277 2877 308 2908 9.
336 2867 402 2908 Op.
430 2867 514 2908 Imp.
543 2867 564 2898 1.
591 2877 619 2898 c.
647 2877 723 2908 pag.
749 2866 827 2909 961.
924 2867 978 2899 25.
1004 2866 1110 2898 Jacob
1149 2867 1186 2906 ΙΙ,
1215 2877 1266 2898 20.

1340 2930 1376 2955 1⁴)
