1986 3289
191 673 327 699 Jerome:

164 708 277 735 Priests
298 707 355 733 and

736 212 854 242 opos
881 212 1217 244 EVANGEMCUM
1249 214 1332 247 [ΑΒ.
1360 214 1414 246 111.
1517 203 1624 257 [CAP.
1647 212 1727 240 xm.

412 318 603 353 iuraverit
636 318 671 354 in
706 319 804 354 dono
849 319 950 366 quod
993 326 1047 354 est
1084 331 1203 368 snper
1234 320 1313 366 illo,
1348 321 1467 356 debet.
1507 321 1609 368 Ceci‚
1642 323 1733 370 quid

411 376 509 411 enim
544 375 669 412 maius
692 384 767 421 est;
798 377 939 412 donum
965 377 1025 412 vel
1046 378 1174 413 altare
1195 379 1298 426 quod
1320 379 1537 428 sanctificat
1560 380 1733 415 donum?

419 434 495 477 Qui
524 440 651 469 autem
676 435 781 470 iurat
813 435 848 469 in
873 435 1005 480 altari,
1040 435 1144 470 iurat
1176 436 1212 471 in
1244 448 1287 471 eo
1321 443 1355 472 et
1387 436 1422 472 in
1456 437 1632 474 omnibus
1664 450 1734 487 que

410 500 498 529 sunt
529 504 648 540 super
690 493 801 539 illud,
841 500 876 528 et
913 493 978 542 qui
1007 493 1111 528 iurat
1143 493 1179 529 in
1212 495 1354 543 templo
1394 495 1498 530 iurat
1530 496 1566 531 in
1600 496 1666 532 illo
1700 503 1735 532 et

413 551 447 586 in
481 563 522 587 eo
547 551 611 597 qui
641 551 789 586 habitat
821 550 856 586 in
890 551 1054 600 templo;
1085 559 1121 587 et
1151 552 1217 600 qui
1246 552 1350 587 iurat
1383 553 1419 588 in
1449 553 1529 589 celo
1561 554 1666 590 iurat
1697 554 1767 590 in5

413 609 553 645 throno
586 608 663 644 Dei
693 617 727 644 et
760 609 795 644 in
828 621 870 644 eo
903 609 968 657 qui
995 610 1102 645 sedet
1134 622 1250 659 super
1283 623 1380 646 eum.

473 669 601 715 Super
635 680 714 715 quo
746 669 984 714 Jeronymus
1017 667 1074 703 ita
1107 667 1262 704 scribit:
1298 669 1428 717 Supra
1461 677 1501 704 ut
1533 669 1655 705 visum
1680 677 1736 706 est

149 744 260 770 monks
282 742 371 768 made
415 726 520 761 vobis
563 725 815 773 exposuimus
859 726 951 774 quid
980 725 1223 775 sz'gnzj‘icaret
1262 727 1427 763 tradicio
1455 727 1733 776 phariseorum

134 778 212 805 their
233 777 314 804 rules
334 777 382 803 for
415 783 645 820 dicencium:
682 784 837 820 Donum
878 784 1127 832 quodcunque
1169 796 1220 820 ex
1254 797 1314 820 me
1341 793 1408 831 est,
1444 786 1512 820 tibi
1533 786 1736 834 proderit.-

216 812 298 848 gain.

154 2300 377 2336 Chrysostom:

414 855 512 878 nunc
557 842 704 891 duplex
747 850 782 878 et
825 843 877 877 ad
920 855 1034 878 unam
1079 843 1251 878 avaricie
1294 843 1530 879 occasionem
1575 844 1736 881 trahens
1756 857 1794 878 10

408 900 686 950 phariseorum
720 900 886 937 tradicio
919 901 1227 950 condempnatur
1257 901 1323 949 qui
1352 909 1578 952 arguuntur
1600 909 1736 938 cuncta

408 971 485 1008 pro
519 959 629 995 lucro
653 959 796 1007 facere
828 966 863 995 et
895 971 968 994 non
997 971 1073 1007 pro
1106 959 1246 995 timore
1278 959 1364 994 Dei.
1411 960 1519 995 Sicut
1565 960 1663 996 enim
1698 961 1734 996 in

408 1017 634 1066 philateriis
666 1024 701 1053 et
722 1017 898 1067 fimbriis
931 1017 1103 1053 dilatatis
1151 1017 1276 1065 opinio
1308 1017 1525 1054 sanctitatis
1557 1019 1737 1067 captabat

413 1076 585 1126 gloriam
620 1083 656 1111 et
682 1087 758 1124 per
791 1075 1030 1111 occasionem
1063 1075 1193 1126 glorie
1215 1075 1400 1124 querebat
1422 1076 1548 1122 lucra,
1579 1076 1634 1113 sic
1657 1075 1736 1113 alia

414 1134 642 1170 tradicionis
675 1134 826 1169 inventa
858 1134 1022 1183 stropha
1056 1133 1265 1182 impietatis
1304 1134 1441 1183 arguit
1467 1142 1735 1184 preceptores.
1756 1136 1793 1168 15

415 1192 458 1228 Si
487 1193 571 1240 quis
604 1193 639 1228 in
672 1192 918 1228 contencione
960 1204 1026 1227 seu
1059 1192 1094 1227 in
1134 1192 1263 1240 aliquo
1296 1191 1427 1241 iurgio
1461 1192 1523 1228 vel
1553 1193 1589 1228 in
1623 1204 1737 1229 cause

414 1251 596 1301 ambiguo
636 1250 802 1286 iurasset
834 1250 869 1285 in
903 1250 1044 1299 templo
1077 1257 1112 1285 et
1130 1257 1265 1299 postea
1289 1249 1484 1286 convictus
1513 1257 1610 1286 esset
1633 1262 1736 1286 men-

415 1309 529 1353 dacii,
562 1321 635 1345 non
668 1310 869 1344 tenebatur
901 1308 1075 1344 criminis
1107 1320 1208 1344 reus.
1244 1307 1310 1343 Sin
1342 1315 1469 1343 autem
1503 1309 1670 1345 iurasset
1700 1309 1737 1344 in

415 1380 512 1404 auro
558 1375 594 1403 et
631 1367 796 1416 pecunia
842 1379 912 1415 que
955 1366 991 1401 in
1025 1366 1167 1415 templo
1198 1366 1469 1402 sacerdotibus
1501 1367 1738 1415 offerebatur

415 1426 546 1462 statim
580 1426 620 1461 id
651 1425 687 1461 in
721 1437 793 1473 quo
826 1425 1028 1460 iuraverat
1060 1425 1275 1474 cogebatur
1315 1425 1531 1461 exsolvere.
1565 1426 1736 1461 Rursum
1755 1437 1797 1458 20

414 1484 449 1520 si
479 1484 561 1533 quis
584 1484 751 1519 iurasset
783 1483 818 1518 in
846 1483 978 1529 altari,
1008 1483 1178 1531 periurii
1209 1495 1293 1518 eum
1310 1495 1418 1518 nemo
1443 1482 1650 1519 retinebat:
1681 1483 1738 1519 sin

416 1550 543 1578 autem
586 1541 830 1591 periurasset
868 1542 908 1578 in
955 1541 1053 1576 dono
1093 1541 1154 1576 vel
1185 1540 1220 1576 in
1254 1540 1525 1591 oblacionibus,
1570 1542 1640 1577 hoc
1672 1549 1739 1588 est,

418 1601 453 1636 in
499 1601 632 1637 hostiis
676 1600 737 1636 vel
784 1600 819 1635 in
869 1599 1034 1635 victimis
1079 1606 1115 1635 et
1158 1599 1194 1634 in
1238 1599 1366 1634 simila
1410 1606 1445 1634 et
1489 1599 1627 1635 ceteris
1671 1611 1740 1648 que

417 1660 635 1708 offeruntur
651 1659 736 1694 Deo
769 1670 887 1707 super
918 1658 1057 1701 altare,
1091 1657 1159 1693 hec
1189 1656 1470 1693 studiosissime
1502 1657 1737 1706 repetebant.

417 1717 562 1767 Arguit
606 1729 704 1767 ergo
749 1728 812 1752 eos
856 1716 1048 1751 Dominus
1092 1722 1126 1751 et
1169 1715 1336 1751 stulticie
1379 1722 1413 1751 et
1439 1715 1795 1763 sraudulencie325

417 1776 519 1826 quod
551 1775 671 1811 multo
704 1774 829 1810 maius
860 1774 909 1810 sit
940 1774 1124 1823 templum
1158 1785 1270 1822 quam
1304 1785 1443 1808 aurum
1475 1774 1579 1822 quod
1598 1774 1740 1810 sancti-

418 1835 570 1884 ficatur
601 1834 637 1869 in
671 1833 813 1882 templo
846 1840 881 1867 et
912 1832 1038 1868 altare
1069 1843 1181 1880 quam
1216 1831 1337 1867 hostie
1359 1843 1429 1879 que
1448 1831 1742 1881 sanctificantur

418 1894 464 1929 ab
509 1892 640 1928 altari.
681 1892 817 1927 Totum
865 1898 991 1926 autem
1029 1890 1232 1938 faciebant
1270 1901 1343 1925 non
1376 1889 1420 1924 ob
1453 1889 1531 1925 Dei
1561 1890 1738 1926 timorem

416 1952 486 1988 sed
519 1951 563 1986 ob
597 1949 826 1985 diviciarum
862 1947 1092 1997 cupidinem.
1128 1949 1211 1984 Hec
1243 1949 1493 1994 Jeronymus.

475 2009 644 2045 Videtur
691 2008 797 2043 hunc
830 2015 1015 2043 sanctum
1058 2005 1189 2041 dicere
1222 2018 1383 2042 sensum
1419 2005 1584 2053 planum
1619 2005 1741 2042 sensi-
1758 2009 1799 2040 '30

419 2067 538 2104 bilem
569 2075 691 2114 atque
725 2065 968 2101 catholicum
1004 2063 1122 2100 huius
1155 2063 1248 2099 fidei
1271 2063 1563 2111 scripturarum
1587 2072 1625 2100 et
1648 2063 1742 2111 quia

419 2125 569 2162 noticia
603 2124 686 2160 eius
719 2123 847 2171 tangit
879 2122 1081 2169 historias,
1116 2130 1153 2158 et
1180 2121 1253 2158 iste
1283 2121 1357 2157 fuit
1391 2121 1742 2170 historiographus

419 2184 523 2220 inter
567 2194 721 2228 ornneS‚
768 2181 857 2217 ideo
903 2190 960 2217 est
1004 2193 1073 2216 sue
1113 2179 1358 2228 exposicioni
1391 2179 1431 2215 in
1464 2179 1539 2216 ista
1573 2179 1743 2216 materia

420 2243 508 2291 plus
542 2241 803 2277 eredendum.

479 2300 752 2337 Crisostomus
806 2307 939 2334 autern
995 2309 1113 2344 super
1166 2296 1242 2331 isto
1286 2304 1394 2331 textu
1439 2294 1495 2331 sic
1541 2294 1799 2343 quuittir:35

428 2359 627 2407 Templum
661 2357 759 2393 enim
794 2357 854 2392 vel
886 2356 1013 2391 altare
1044 2355 1096 2390 ad
1126 2355 1298 2404 gloriam
1323 2352 1400 2390 Dei
1425 2353 1595 2402 pertinet
1627 2360 1662 2388 et
1693 2354 1744 2388 ad

492 2547 517 2566 2.
541 2540 579 2566 B:
604 2539 706 2575 magis
727 2541 781 2565 est.
880 2546 906 2570 7.
937 2537 963 2563 A
985 2536 1014 2562 iu
1038 2543 1151 2569 marg:
1172 2534 1359 2568 leronymus
1380 2534 1422 2560 ila
1442 2533 1558 2560 scribit.
1650 2541 1678 2563 ι).
1699 2534 1743 2560 A:

422 2578 467 2602 est
486 2575 579 2601 deest.
682 2582 716 2600 11.
738 2574 781 2600 A:
803 2575 996 2606 arguantur.
1089 2578 1130 2603 ιρι.
1152 2571 1196 2597 A:
1219 2570 1250 2596 in
1273 2569 1386 2603 templo
1406 2568 1620 2595 sacerdotibus
1641 2564 1742 2600 ἀρθεὶς

422 2611 460 2637 13:
482 2609 695 2637 sacerdotibus
715 2609 814 2641 deest;
836 2608 877 2634 ib.
901 2607 937 2634 13:
959 2605 1182 2642 offerebantur.
1268 2612 1314 2630 20.
1337 2604 1375 2630 ss:
1397 2603 1492 2642 illud,-
1519 2602 1637 2630 Codd.:
1658 2603 1745 2629 iura-

422 2646 510 2672 verit.
584 2652 623 2671 αι.
645 2644 688 2670 A:
708 2643 867 2677 pervirum
887 2650 963 2668 cum.
1038 2648 1076 2673 21,
1099 2647 1141 2666 22.
1163 2640 1207 2666 A:
1231 2639 1278 2665 sin
1298 2641 1401 2665 autem
1422 2640 1564 2664 iurasset.
1603 2672 1608 2676 .
1637 2636 1681 2676 23.
1704 2636 1744 2663 B:

423 2681 454 2707 in
476 2680 600 2711 hostum
627 2679 667 2705 ib.
691 2678 729 2705 15:
751 2678 872 2704 simula.
978 2683 1020 2708 27.
1051 2675 1086 2701 1;:
1112 2683 1132 2713 a
1159 2674 1280 2709 templo.
1354 2708 1358 2712 ⁸
1391 2681 1437 2708 29.
1468 2672 1507 2699 13:
1535 2672 1743 2707 cupiditatem.

424 2714 467 2742 30,
491 2716 517 2742 A
539 2715 567 2741 in
593 2721 706 2747 marga
728 2712 884 2739 Jolzannes
999 2709 1040 2737 35.
1063 2710 1089 2736 A
1112 2718 1140 2736 ιι]
1164 2717 1278 2742 marg.:
1302 2708 1518 2735 Crzsostonms.

498 2811 530 2841 7.
574 2801 712 2830 Corum.
753 2799 785 2828 in
824 2796 942 2828 Matth.
984 2796 1004 2827 l.
1046 2806 1073 2826 c.
1108 2806 1138 2836 p.
1179 2793 1250 2825 186.
1357 2792 1409 2825 35.
1444 2792 1511 2833 Op.
1545 2791 1629 2832 Imp.
1664 2790 1684 2821 1.
1717 2801 1745 2821 c.

430 2860 462 2889 p.
491 2846 720 2883 CLXXXVII,
748 2845 817 2883 (cd.
843 2843 901 2874 alt.
929 2854 960 2883 p.
988 2842 1082 2884 928).
