1986 3289
188 1246 307 1274 Reason
328 1248 378 1274 for

167 1282 302 1317 repeatin

237 1325 303 1344 wor

189 1351 372 1379 Jerusalem.

307 1291 325 1344 ἕ
344 1283 394 1309 the

145 1771 242 1798 God's
263 1771 322 1798 will
346 1779 416 1807 may

203 1814 290 1833 mean
312 1806 359 1833 his

145 1849 291 1876 purpose,
312 1841 413 1868 which

214 1880 295 1902 must
316 1876 350 1902 be

152 1910 287 1944 fullilled‚
309 1918 344 1937 or
364 1910 413 1937 his

198 1944 364 1972 command

157 1979 259 2006 which
281 1988 352 2015 may
373 1980 408 2007 be

191 2014 373 2050 disobeyed.

184 2349 383 2376 Punishment

150 2384 262 2419 always
284 2385 405 2411 follows

162 2420 409 2446 disobedience.'

748 207 866 241 opus
892 206 1228 242 EVANGEmcuM
1257 206 1340 241 [ΑΒ.
1367 206 1418 241 111.
1500 193 1608 251 [cim.
1630 200 1741 234 xxw.

434 315 622 352 medicum
662 316 792 353 venire
817 316 1043 366 permittis?
1072 317 1274 361 Quomodo
1306 317 1448 353 curabo
1480 316 1741 366 infirmitatem

434 381 632 422 tuamque
663 386 811 410 omnem
836 374 1064 411 medicinam
1096 375 1327 411 conculcas?
1360 375 1512 411 Sanctis
1544 375 1638 411 meis
1670 388 1742 411 non

428 431 600 481 peperci,
622 439 662 467 ut
683 432 751 468 tibi
765 444 971 481 parcerem
992 433 1212 481 peccatrici.
1246 433 1408 469 Illorum
1434 432 1550 469 vitam
1572 433 1742 483 neglexi,

433 501 479 525 ne
500 496 604 525 tuam
638 497 800 526 mortem
826 490 1009 528 viderem.
1051 491 1191 527 Omnes
1215 490 1353 526 medici
1381 490 1607 539 spirituales
1639 491 1675 526 in
1708 497 1744 527 te

434 547 659 595 defecerunt
680 555 714 583 et
745 555 784 583 tu
811 556 947 584 curata
980 560 1052 584 non
1075 561 1125 586 es.
1160 548 1389 585 Insatiabilis
1405 549 1536 597 passio
1568 555 1632 584 tua
1656 547 1773 584 vicit?

432 612 556 640 artem
582 605 764 644 divinam.
800 606 843 641 Si
863 607 909 642 de
931 614 1056 642 morte
1084 613 1148 641 tua
1170 607 1331 657 gavisus
1344 606 1528 654 fuissem,
1552 619 1742 655 nunquam

432 663 484 698 ad
505 670 541 699 te
562 663 749 700 misissem
768 665 997 713 prophetas,
1019 665 1054 700 si
1073 671 1109 699 te
1126 665 1295 713 perdere
1310 664 1527 712 voluissem,
1551 677 1741 713 nunquam

433 721 485 756 ad
521 728 557 757 te
596 721 676 770 ipse
716 722 913 758 venissem.
948 722 1037 772 Ego
1075 722 1145 757 tihi
1185 723 1276 771 quid
1302 722 1472 771 faciam,
1512 723 1547 759 si
1583 727 1622 759 tu
1661 722 1742 771 ipsa

432 778 562 815 vivere
593 791 666 815 non
699 779 785 815 vis?
822 779 986 824 Quocies
1009 780 1112 816 volui
1132 792 1380 831 congregare
1399 780 1510 830 filios
1532 788 1616 816 tuos
1646 780 1744 816 sicut

430 836 581 886 gallina
608 837 741 886 pullos
771 849 862 874 suos
894 845 928 874 et
963 837 1148 874 noluisti?
1185 838 1279 873 Cum
1312 845 1347 874 te
1378 838 1414 873 in
1437 838 1603 889 Egypto
1634 838 1745 887 quasi

430 894 708 944 sanguinarius
739 895 923 945 accipiter
950 896 1180 945 sequebatur
1203 896 1373 940 Pharao,
1409 896 1497 932 misi
1517 897 1685 948 Moysen
1709 903 1744 932 et

431 952 564 988 Aaron
598 953 707 1001 quasi
727 954 825 989 duas
848 954 1096 990 mollissimas
1123 966 1270 1003 pennas
1302 954 1569 991 misericordie
1600 966 1680 991 mee
1708 961 1744 990 et

432 1010 616 1047 liberatos
654 1023 720 1047 vos
766 1012 811 1048 de
850 1012 1042 1062 unguibus
1078 1012 1156 1048 eius
1200 1012 1316 1062 rapui
1356 1013 1392 1048 in
1433 1013 1640 1048 desertum.
1693 1012 1744 1047 Et

433 1068 609 1105 noluistis
648 1082 707 1105 nze
744 1070 862 1118 sequi,
892 1070 1088 1118 facientes
1126 1070 1232 1107 vobis
1270 1070 1429 1106 vitulum
1469 1070 1505 1106 in
1550 1070 1665 1117 Oreb,
1704 1077 1745 1106 ut

432 1126 630 1163 serviretis
669 1127 805 1176 pocius
844 1128 947 1164 idolo
986 1135 1139 1164 mortuo
1183 1141 1296 1177 quam
1336 1128 1421 1165 Deo
1461 1128 1611 1164 viventi.
1659 1129 1742 1164 Hec
1783 1125 1796 1157 ἶ

434 1184 718 1224 CrisostomuS.

490 1242 656 1279 Videtur
689 1243 785 1279 istos
818 1252 976 1280 sanctos
1009 1244 1104 1280 satis
1137 1256 1333 1292 exponere
1362 1245 1437 1280 hoc
1470 1243 1742 1292 evangelium3

435 1300 711 1337 moderniores
745 1310 878 1338 autem
913 1310 1055 1338 notant
1089 1314 1212 1350 quare
1237 1304 1458 1339 Jerusalem
1492 1301 1741 1350 duplicatur:

435 1358 567 1406 primo
624 1368 790 1407 propter
841 1368 1052 1407 peccatum
1116 1360 1375 1397 commissum
1439 1359 1479 1396 in
1525 1360 1742 1408 prophetas

435 1416 661 1464 preteritos‚
694 1426 736 1453 ut
770 1417 1039 1454 Crisostomus
1078 1418 1219 1455 recitat
1251 1419 1299 1455 de
1331 1418 1462 1465 Ysaia‚
1495 1417 1666 1455 Jeremia
1706 1426 1743 1454 et

436 1474 658 1520 Ezechiele‚
692 1477 867 1512 secundo
890 1485 1054 1524 propter
1087 1485 1297 1525 peccatum
1331 1476 1371 1513 in
1394 1477 1612 1525 prophetas
1644 1475 1743 1513 alios

437 1541 474 1569 et
505 1532 733 1580 specialiter
765 1533 803 1570 in
837 1535 1125 1582 prophetarum
1151 1534 1369 1571 Dominum
1394 1534 1742 1572 committendum.

437 1592 623 1628 Secunda
661 1603 780 1628 causa
825 1592 1112 1639 geminacionis
1144 1593 1362 1629 Jerusalem
1394 1592 1550 1629 videtur
1588 1592 1628 1628 in
1666 1591 1743 1628 isto

437 1649 654 1685 consistere
678 1651 786 1697 quod
818 1650 883 1686 isti
917 1650 1018 1687 cives
1053 1650 1202 1687 infame
1231 1660 1478 1687 recesserant
1511 1652 1560 1687 ab
1589 1649 1743 1687 unitate

437 1706 579 1754 capitis
613 1707 767 1743 domini
798 1709 890 1744 Jesu
922 1708 1082 1747 Christi.

497 1765 574 1801 Sed
606 1767 828 1802 secundum
853 1765 1019 1802 dubium
1055 1766 1181 1815 magis
1211 1766 1466 1804 scolasticum
1500 1774 1576 1803 stat
1606 1765 1646 1801 in
1668 1764 1744 1802 isto

435 1823 544 1870 quod
578 1823 759 1860 Christus
804 1824 928 1860 voluit
961 1824 1050 1861 illos
1090 1825 1191 1862 cives
1230 1838 1354 1861 unum
1400 1825 1542 1875 facere,
1588 1833 1625 1860 et
1668 1822 1743 1871 ipsi

433 1881 647 1917 voluerunt
679 1881 719 1917 in
744 1882 947 1919 contrario
972 1883 1189 1930 prevalere.
1223 1884 1439 1928 Quomodo
1462 1895 1555 1930 ergo
1588 1891 1645 1919 est
1668 1882 1743 1917 hoc

432 1950 568 1974 verum
609 1941 716 1987 quod
761 1940 888 1976 omnia
936 1952 1154 1989 quecunque
1197 1941 1316 1977 voluit
1353 1941 1544 1977 Dominus
1566 1940 1670 1989 fecit
1706 1947 1744 1975 et

432 2008 541 2033 nemo
564 2004 693 2046 potest
727 1998 917 2034 uoluntati
941 2011 1007 2034 sue
1039 1999 1220 2035 resistere
1249 2012 1339 2035 cum
1367 1998 1500 2035 multis
1524 1997 1744 2035 similibus?

433 2055 525 2091 Ideo
560 2055 706 2091 dicitur
739 2056 1009 2093 communiter
1041 2058 1148 2105 quod
1187 2057 1330 2105 duplex
1363 2066 1421 2093 est
1455 2056 1526 2092 Dei
1559 2057 1742 2093 voluntas

432 2113 482 2148 ad
514 2113 782 2161 propositum,
815 2114 966 2151 scilicet
989 2115 1174 2151 voluntas
1202 2114 1262 2151 sui
1295 2114 1553 2162 beneplaciti;
1587 2123 1625 2152 et
1656 2113 1743 2162 ipsa

432 2171 658 2208 necessario
692 2171 930 2219 regulariter
956 2181 1015 2209 est
1047 2172 1226 2221 impleta.
1260 2174 1445 2210 Secunda
1478 2181 1537 2209 est
1559 2173 1743 2209 voluntas

432 2228 609 2277 precepti
637 2230 858 2266 secundum
887 2243 1007 2278 quam
1034 2233 1139 2267 Deus
1161 2231 1245 2268 vult
1275 2232 1383 2279 quod
1416 2240 1597 2268 creatura
1624 2229 1743 2267 faciat

434 2286 508 2322 hoc
546 2287 606 2323 vel
645 2287 763 2333 illud3
809 2296 846 2324 et
879 2288 946 2325 illa
984 2289 1166 2325 voluntas
1199 2288 1383 2337 quamvis
1422 2288 1657 2336 regulariter
1693 2287 1743 2324 sit
1758 2289 1798 2322 35

434 2343 612 2392 impleta,
637 2354 773 2381 tamen
806 2358 887 2382 non
920 2346 1157 2394 regulariter
1181 2347 1223 2383 fit
1249 2347 1347 2383 illud
1380 2348 1489 2395 quod
1522 2349 1628 2383 Deus
1659 2345 1742 2382 vult

432 2410 475 2437 ut
509 2402 591 2448 fiat⁷
626 2402 807 2451 quamvis
841 2404 1077 2452 regulariter
1114 2413 1273 2453 oportet
1306 2405 1414 2453 quod
1447 2417 1550 2453 pena
1583 2404 1623 2441 in
1655 2416 1742 2452 pre-

431 2459 658 2496 varicancia
696 2460 780 2497 eius
825 2461 910 2511 fiet3
955 2471 993 2498 et
1037 2462 1092 2498 sic
1130 2462 1287 2499 videtur
1323 2462 1571 2510 Augustinus
1611 2462 1742 2498 dicere

432 2519 539 2565 quod
564 2518 746 2554 Christus
778 2532 860 2555 non
890 2532 960 2567 per
993 2521 1157 2556 modum
1191 2519 1492 2557 ammiracionis
1516 2519 1579 2556 hic
1611 2518 1742 2568 querit

431 2577 538 2622 quod
566 2576 806 2613 multociens
834 2577 959 2613 voluit
982 2577 1085 2615 cives
1108 2579 1327 2615 Jerusalem
1361 2578 1417 2615 sic
1450 2579 1591 2623 facere,
1625 2585 1662 2614 et
1685 2576 1741 2612 illi
1755 2583 1801 2614 40

500 2705 524 2724 2.
546 2698 615 2725 AB:
655 2699 716 2733 qui.
826 2698 849 2725 3.
871 2700 916 2727 A:
934 2708 1042 2734 parco.
1071 2700 1092 2727 Β
1127 2701 1287 2733 c0r›·exit;
1316 2701 1356 2727 ib.
1386 2701 1430 2727 A:
1462 2703 1495 2727 ut
1519 2700 1575 2728 tibi
1621 2707 1739 2727 arcam.

430 2731 454 2758 5.
476 2733 520 2758 A:
542 2738 571 2759 tu
592 2733 684 2759 deest.
765 2733 792 2760 8.
813 2735 856 2760 A:
878 2735 943 2769 ipse
962 2735 1061 2768 deest3
1090 2735 1111 2761 B
1133 2736 1162 2762 in
1185 2743 1282 2769 marg.
1304 2735 1416 2769 addit.;
1442 2735 1482 2761 ib.
1504 2736 1545 2762 A:
1567 2735 1592 2761 ti
1612 2735 1624 2761 ι’
1641 2734 1737 2768 deest;

431 2766 452 2791 Ι),
473 2766 501 2792 in
525 2775 619 2800 marg.
642 2767 736 2794 addit.
847 2777 887 2795 10.
920 2768 956 2795 B:
977 2777 1049 2796 suos
1069 2770 1162 2796 deest.
1261 2778 1298 2804 ¹7·
1328 2772 1355 2796 A
1383 2770 1412 2796 in
1436 2777 1522 2804 marg
1544 2779 1549 2796 :
1570 2768 1738 2796 lohannes.

430 2807 475 2828 20.
498 2802 541 2827 A:
564 2802 662 2828 voluit
678 2803 778 2829 twice.
903 2802 945 2831 33.
967 2805 1011 2830 A:
1033 2807 1077 2831 est
1099 2804 1201 2831 bel'ore
1222 2805 1365 2831 voluntas
1385 2804 1485 2837 deest;
1512 2805 1539 2831 A
1567 2804 1595 2830 in
1626 2811 1739 2837 marg.:

437 2834 579 2861 Voluntas
600 2835 660 2862 Dei
678 2843 705 2862 2.
727 2837 913 2871 beneplaciti
926 2841 1075 2873 precepti.
