1986 3289
181 243 269 272 cAr‘.
290 239 414 284 ictui]
556 245 615 277 DE
642 244 958 276 ANTICHmsTo
986 245 1068 276 ΜΒ.
1096 245 1118 275 1.
1707 237 1781 283 159

181 360 363 398 tempore
396 349 548 398 dispari
580 349 803 396 varientur3
838 358 875 386 et
907 349 983 385 isto
1019 351 1140 385 modo
1175 349 1357 398 loquitur
1380 350 1493 386 Plato

180 408 221 445 in
251 410 404 456 Tymeo
443 409 551 456 quod
587 420 687 456 pars
726 408 850 457 ignita
890 407 1052 443 materie
1077 407 1208 456 prime
1240 416 1295 444 est
1325 408 1427 457 ignis
1459 415 1493 443 et

180 467 313 503 eadem
347 478 447 515 pars
483 466 691 502 secundum
731 465 941 501 essenciam
978 466 1227 515 postmodum
1267 466 1340 501 erit
1378 477 1492 514 aqua.

181 526 229 560 Et
275 524 351 560 isto
396 524 517 560 modo
565 523 724 560 videtur
768 522 1020 570 evangelium
1065 522 1175 571 loqui
1219 524 1307 560 Joh.
1355 525 1399 570 ΙΙ,
1447 536 1490 570 9:

148 583 389 631 §Postquam
440 581 615 631 gustavit
666 581 956 617 architriclinus
1007 593 1105 630 aqua
1146 582 1302 630 factam
1349 581 1491 617 vinum.

180 642 281 676 Nam
321 639 418 676 recti
456 639 688 687 philosophi
725 651 816 675 vere
854 647 1111 675 asseruerunt
1152 639 1364 676 materiam
1408 651 1492 675 esse

181 706 307 734 totam
342 697 562 734 essenciam
598 696 825 738 materialis,
850 696 1061 745 suppositi.
1091 696 1095 747 Ι

239 756 423 792 Secunda
455 764 589 791 autem
622 754 851 803 predicacio
884 755 1062 791 formalis
1095 754 1176 791 sive
1208 754 1491 791 substancialis
1554 772 1737 806 2.Forn1a1,

181 813 262 849 sive
307 813 566 849 accidentalis
612 821 681 859 est,
736 814 898 861 quando
944 825 1004 849 res
1052 812 1249 861 predicati
1301 812 1492 849 asseritur
1549 807 1740 869 Ψῇὲῖξιᾞέ)

128 884 166 904 10
181 883 265 907 esse
303 870 529 907 formaliter
567 883 629 907 res
668 870 836 907 subiecti
876 871 937 906 vel
969 872 1296 919 quandocunque
1330 879 1387 907 est
1420 883 1492 918 per
1560 877 1723 915 substance

180 941 221 965 se
260 928 488 976 predicacio
527 938 569 964 ut
602 930 724 965 homo
765 938 822 965 est
862 928 1026 975 animal,
1072 929 1133 965 vel
1166 929 1491 977 quandocunque
1519 915 1604 937 orto
1625 912 1774 939 accudent.

181 995 237 1023 est
281 986 500 1023 accidentis
544 986 773 1034 predicacio
817 987 856 1023 in
908 996 1111 1033 concreto,
1165 995 1207 1023 ut
1259 988 1382 1023 homo
1434 995 1492 1023 est

181 1045 313 1091 albus3
367 1053 404 1081 et
448 1045 569 1081 talem
621 1045 856 1081 formalem¹
886 1044 1212 1092 predicacionem
1267 1046 1493 1081 concedunt

182 1102 367 1139 moderni
400 1102 519 1151 logici
551 1102 706 1151 precise
741 1104 789 1139 de
821 1102 968 1139 virtute
1000 1102 1211 1141 sermonis

128 1163 163 1195 15
238 1160 382 1197 Tereia
426 1169 560 1197 autem
608 1160 838 1208 predicacio
883 1160 1170 1197 habitudinalis
1216 1170 1284 1206 est,
1330 1161 1492 1209 quando
1549 1164 1738 1193 3.Relative.

182 1226 240 1254 est
285 1219 459 1267 quedam
506 1218 702 1255 habitudo
748 1218 804 1255 rei
848 1218 1018 1255 subiecti
1067 1220 1117 1254 ad
1162 1231 1247 1255 rem
1295 1218 1492 1267 predicati

180 1277 241 1313 vel
278 1278 500 1313 secundum
540 1276 709 1324 figuram
751 1276 812 1313 vel
851 1277 1073 1313 secundum
1113 1275 1393 1313 causacionem
1432 1276 1493 1312 vel

180 1336 399 1371 secundum
441 1333 715 1371 habitudinem
763 1334 883 1370 aliam
930 1348 952 1371 a
990 1334 1166 1371 Domino
1210 1336 1490 1383 approbatam.

181 1394 229 1428 Et
260 1392 358 1428 tales
390 1392 693 1440 predicaciones
726 1391 1023 1429 habitudinales
1056 1401 1216 1440 oportet
1249 1392 1491 1429 catholicum

124 1451 400 1486 2oconcedere
444 1450 485 1487 in
529 1450 752 1499 Scriptura.
797 1452 899 1487 Nam
946 1450 1110 1487 Genesis
1155 1452 1253 1497 XLI,
1301 1451 1351 1486 26
1398 1449 1492 1486 dicit

181 1508 351 1556 Spiritus
385 1510 554 1545 Sanctus
587 1521 658 1556 per
690 1510 853 1556 Moysen
887 1510 996 1557 quod
1027 1516 1170 1558 septem
1204 1509 1318 1544 boves
1348 1515 1491 1557 septem

177 1566 271 1617 ‘anni
298 1574 398 1612 sunt,
440 1575 477 1602 et
510 1568 523 1602 Ι
557 1567 647 1603 Cor.
682 1567 727 1609 X,
760 1579 786 1612 4
820 1565 917 1603 dicit
957 1575 1119 1603 sanctus
1159 1567 1367 1614 apostolus
1401 1574 1493 1602 ante

181 1623 393 1661 materiam
427 1636 539 1660 suam
576 1625 623 1660 de
657 1623 893 1661 eukaristia:
927 1624 1116 1661 Bibebant
1147 1632 1275 1661 autem
1300 1625 1346 1660 de
1376 1624 1491 1673 spiri-

181 1682 278 1717 tuali
307 1690 555 1731 consequente
592 1694 656 1718 eos
682 1689 818 1731 μεῖνα,-
853 1690 969 1731 petra
1010 1690 1136 1719 autern
1177 1690 1262 1727 erat
1300 1682 1490 1718 Christus.

124 1743 163 1775 25
180 1741 228 1776 Et
260 1740 426 1776 Matthei
458 1741 522 1786 ΧΙ,
563 1753 610 1786 14
644 1739 740 1776 dicit
773 1740 973 1777 Christus:
1013 1741 1057 1776 Si
1095 1740 1210 1776 vultis
1247 1740 1360 1787 scire,
1400 1740 1492 1789 ipse,

179 1796 324 1834 scilicet
354 1798 546 1847 Baptista,
578 1805 634 1834 est
665 1798 814 1834 Helias.

240 1855 344 1892 Istis¹
376 1855 581 1904 premissis
631 1855 728 1892 dicit
780 1855 1000 1892 catholicus
1052 1868 1141 1892 cum
1196 1854 1773 1903 protestacione,sliestatexne1wr

181 1913 373 1950 laudabili
411 1915 519 1962 quod
557 1913 670 1961 panis
708 1913 1012 1950 sacramentalis
1053 1923 1110 1950 est
1151 1926 1297 1961 corpus
1331 1912 1492 1949 Domini
1514 1903 1545 1956 ξιξ)
1565 1894 1726 1956 ᾖξζᾞιῐὲζὲ
1745 1903 1778 1956 ῗξ

182 1981 218 2008 et
251 1971 386 2008 vinum
420 1971 460 2008 in
493 1971 617 2008 calice
650 1971 733 2008 eius
766 1981 823 2008 est
855 1971 1029 2020 sanguis,
1073 1973 1164 2008 Non
1204 1980 1337 2007 autem
1372 1972 1494 2007 audet
1579 1964 1712 1991 relative.

125 2034 166 2065 30
182 2029 314 2066 dicere
358 2031 467 2078 quod
512 2029 626 2077 panis
673 2039 711 2066 et
756 2030 891 2066 vinum
932 2038 1023 2066 sunt
1061 2029 1135 2066 iste
1174 2038 1306 2078 partes
1347 2028 1494 2065 Christi

180 2087 422 2135 ydempdce,
475 2089 544 2123 sed
589 2087 931 2134 habstudinalster,
987 2083 1208 2136 figuraliter
1259 2088 1320 2123 vel
1364 2099 1493 2123 sacra-

182 2145 408 2182 mentaliter
452 2154 520 2182 aut
563 2144 642 2181 alio
688 2146 809 2182 modo
855 2158 934 2194 quo
981 2145 1164 2182 Christus
1210 2147 1314 2181 Deus
1359 2153 1495 2180 noster

182 2203 397 2239 asseruerit
435 2202 489 2239 ita
528 2215 631 2248 esse3
677 2203 807 2251 parati
847 2212 983 2240 tamen
1023 2215 1182 2251 semper
1220 2216 1359 2239 sumus
1402 2215 1495 2238 con-

181 2261 328 2297 sentire
380 2260 651 2309 predicacioni
711 2261 939 2309 evangelice
997 2262 1218 2298 secundum
1272 2260 1495 2309 quamlibet

126 2327 165 2360 35
181 2327 335 2367 partem
380 2318 578 2366 scripture
626 2327 663 2355 et
707 2321 825 2355 docta
871 2332 1113 2368 quacunque
1167 2318 1323 2355 unitate
1362 2313 1494 2366 predi·

183 2376 395 2413 cacionum
430 2376 661 2412 huiusmodi
694 2376 822 2424 ipsam
858 2378 1093 2414 concedere.

239 2434 408 2471 Videtur
451 2443 587 2471 tamen
630 2434 746 2471 nobis
792 2435 924 2471 adhuc
968 2437 1077 2483 quod
1122 2434 1237 2482 panis
1282 2442 1319 2469 et
1356 2432 1493 2469 vinum

184 2505 264 2528 non
287 2492 337 2528 sit
359 2491 601 2540 ydempfice,
624 2492 848 2529 formaliter
871 2501 940 2529 aut
965 2492 1226 2529 materialiter
1249 2491 1323 2527 iste
1347 2490 1495 2527 Christi

124 756 137 774 d

52 769 120 799 420

244 2668 273 2687 ⁷1.
293 2660 322 2687 A
342 2660 371 2687 in
394 2668 508 2694 marg:
530 2660 576 2688 De
595 2660 698 2688 hostia
719 2664 901 2688 consecrata
919 2669 976 2695 per
996 2664 1102 2688 totum.
1175 2659 1202 2687 8.
1229 2661 1258 2686 A
1278 2659 1307 2686 in
1330 2666 1444 2693 marg:
1466 2666 1494 2686 2.

184 2702 217 2722 11.
239 2696 284 2722 A:
305 2698 335 2721 et
351 2695 605 2730 quandocunque.
696 2695 732 2723 15.
753 2697 782 2723 A
801 2696 831 2722 in
853 2704 969 2731 marg:
989 2704 1023 2730 3.
1095 2703 1098 2704 ⁷
1120 2695 1162 2723 16.
1184 2695 1228 2722 A:
1249 2694 1381 2729 quet-lam
1401 2694 1494 2720 deest.

182 2737 222 2757 21.
244 2729 282 2755 B:
301 2738 359 2765 per
376 2730 499 2764 Joseplz.
587 2737 633 2764 29.
655 2731 700 2757 A:
723 2733 752 2757 et
772 2730 867 2757 deest.

258 2823 285 2844 1.
320 2812 371 2844 Cf.
411 2812 568 2843 Platonis
605 2812 773 2844 Timaeus
804 2812 989 2854 interprete
1016 2812 1198 2843 Chalcidio
1232 2822 1311 2843 cum
1338 2811 1494 2843 eiusdem

186 2858 438 2890 commentario
467 2858 503 2890 51
538 2859 562 2889 Β
591 2858 848 2898 (CCCXXXV).
