1986 3289
195 234 285 262 CAP.
311 225 364 278 le
571 237 629 268 DE
658 237 970 268 ANTICHffisTo
1000 238 1082 268 ΜΒ.
1110 237 1131 268 i.

196 346 243 380 de
275 344 463 380 fratribus
487 352 523 379 et
556 343 634 379 suis
659 343 944 391 complicibus3
979 353 1015 380 et
1039 344 1093 380 sic
1118 344 1309 380 claudunt
1332 356 1500 392 regnum

195 403 371 438 celorum
405 402 512 437 iuxta
544 413 703 437 sensum
738 401 971 449 expositum.

252 461 436 496 Secundo
470 460 591 495 modo
625 460 817 495 claudunt
840 471 1007 507 regnum
1031 459 1225 503 celorum,
1257 472 1306 495 ne
1329 472 1350 496 a
1373 471 1503 495 sacer-

195 517 353 554 dotibus
387 517 634 565 evangelium
670 516 913 563 addiscatur,
947 526 989 553 ut
1022 530 1126 565 papa
1159 526 1318 565 reputat
1351 518 1503 553 theolo-

163 577 284 622 §gum
310 574 527 612 inhabilem
551 584 593 610 ut
620 584 789 623 occupet
813 575 986 623 aliquem
1011 574 1248 622 dignitatem
1273 575 1313 611 in
1337 575 1505 611 ecclesia

195 632 391 669 militante
434 634 494 669 vel
538 632 709 680 accipiat
755 632 999 680 stipendium
1053 634 1101 669 de
1153 632 1239 680 ipsa
1291 634 1340 669 ad
1394 645 1506 669 sacre

193 690 337 738 pagine
381 691 662 729 insudandum.
709 692 757 726 Et
801 690 907 726 idem
951 690 1107 727 videtur
1151 692 1199 727 de
1238 690 1436 738 episcopis
1471 699 1507 727 et

194 748 455 796 complicibus
506 748 673 785 istorum
729 749 975 796 prelatorum
1029 757 1066 784 et
1116 757 1283 796 propter
1344 761 1505 785 causam

192 806 308 842 istam
341 815 383 842 ut
406 806 625 854 plurimum
650 818 763 842 sacra
787 806 933 854 pagina
956 815 1012 842 est
1036 808 1210 851 deserta;
1246 814 1282 842 et
1315 808 1364 842 ad
1399 806 1504 842 idem

141 876 178 896 10
192 863 343 900 faciunt
375 865 533 900 decreta
566 872 603 900 et
637 864 853 900 decretales
886 876 964 912 que
997 872 1087 900 sunt
1120 865 1225 911 leges
1259 864 1435 912 papales.

251 923 365 959 Unde
397 922 627 958 Parisiensis
660 922 700 957 in
732 930 905 958 tractatu
938 935 1009 958 suo
1032 924 1080 958 de
1103 921 1277 958 avaricia
1301 921 1507 958 concludit

193 979 309 1016 istam
360 979 603 1016 sentenciam
649 979 901 1016 familiariter
945 981 1017 1016 sub
1062 979 1136 1015 hiis
1179 979 1328 1016 verbis:
1369 980 1504 1029 Amor,

193 1037 336 1086 inquit,
371 1038 468 1088 legis
501 1038 627 1073 divine
649 1045 683 1073 et
705 1038 964 1073 contradiccio
987 1038 1147 1073 sciencie
1174 1038 1419 1074 decretorum
1444 1050 1505 1073 co-

193 1095 365 1131 hiberent
409 1095 580 1132 homines
611 1108 632 1130 a
664 1096 791 1132 studio
824 1108 968 1132 eorum.
1015 1095 1077 1132 De
1108 1107 1242 1131 amore
1274 1096 1373 1146 Iegis
1418 1095 1507 1131 dicit

141 1153 439 1203 15Gregor1'us.·
481 1153 545 1202 qui
582 1153 711 1203 diligit
755 1166 902 1203 regem,
948 1152 1076 1203 diligit
1119 1154 1198 1189 eius
1241 1153 1365 1204 legem
1400 1161 1434 1189 et
1472 1153 1507 1188 in

193 1211 373 1247 Psalmo:
405 1211 595 1260 Palpebre
627 1211 704 1247 eius
737 1211 985 1262 interrogant
1004 1211 1116 1260 filios
1163 1211 1371 1247 hominum.
1419 1211 1508 1246 Pal-

188 1269 308 1317 pebre
357 1276 482 1304 autem
527 1269 752 1317 quandoque
795 1276 882 1305 sunt
928 1269 1056 1305 clause
1099 1269 1326 1318 quandoque
1364 1276 1507 1317 aperte.

193 1327 384 1375 Palpebre
415 1327 639 1375 quandoque
669 1327 827 1377 signant
857 1339 1012 1363 sacram
1045 1327 1281 1376 scripturam
1305 1339 1374 1375 que
1395 1326 1512 1362 alicui

193 1391 249 1420 est
292 1382 470 1431 obscura,
517 1385 634 1420 alicui
676 1392 730 1420 est
780 1392 931 1433 aperta.
992 1385 1074 1429 Que
1118 1386 1363 1435 interrogant
1396 1384 1509 1434 filios

138 1455 178 1476 20
194 1442 388 1478 hominum
434 1449 561 1478 utrum
608 1450 736 1479 ament
768 1443 908 1479 Deum.
955 1443 1117 1493 Signum
1162 1443 1260 1478 enim
1295 1442 1419 1478 divine
1453 1442 1508 1477 di-

194 1500 370 1536 leccionis
413 1507 489 1546 est,
525 1513 608 1536 cum
655 1501 738 1549 quis
781 1501 935 1537 laborat
980 1501 1141 1536 libenter
1172 1501 1208 1535 in
1239 1500 1366 1536 studio
1397 1512 1510 1536 sacre

192 1558 395 1607 scripture.
449 1559 571 1594 Sacra
625 1570 715 1594 vero
764 1559 961 1607 scriptura
1013 1559 1174 1594 multum
1228 1558 1510 1607 contempnitur

189 1624 356 1665 propter
405 1616 606 1652 scienciam
660 1617 925 1661 decretorum;
976 1618 1074 1653 unde
1121 1623 1248 1665 potest
1292 1616 1368 1652 dici
1409 1616 1510 1664 quod

194 1674 284 1709 dicit
316 1675 417 1710 Sara
450 1675 501 1709 ad
532 1674 765 1710 Habraham
804 1675 898 1710 Gen.
933 1675 1038 1717 XVI,
1070 1672 1120 1710 5.·
1151 1674 1281 1721 Inique
1312 1674 1401 1724 agis
1423 1686 1508 1710 con-

1610 473 1634 492 2.
1658 466 1695 502 by

1545 501 1764 536 discouraging

1547 536 1597 563 the
1618 537 1709 571 study
1729 537 1763 562 οἱ

1582 571 1736 605 theology‚

1548 919 1659 953 setting
1679 918 1763 945 aside

1544 953 1594 980 the
1615 953 1774 988 Scriptum

1598 988 1646 1015 for
1667 989 1715 1015 the

1579 1023 1738 1056 decretals,

138 1734 176 1765 25
192 1739 255 1767 tra
300 1744 381 1776 me‚·
424 1744 495 1782 ego
535 1732 625 1768 dedi
660 1732 841 1768 ancillam
887 1744 1010 1768 meam
1043 1732 1079 1768 in
1110 1732 1235 1768 sinum
1268 1738 1386 1767 tuum.
1427 1732 1510 1775 Que
1524 1728 1798 1756 andthatforthe

72 1790 154 1831 408¹’
194 1789 326 1825 videns
356 1790 459 1839 quod
490 1790 661 1838 concepit
699 1790 894 1839 despectui
931 1802 990 1825 me
1028 1790 1152 1826 habet.
1186 1789 1337 1825 Ancilla
1367 1790 1371 1833 Ι
1398 1801 1510 1825 sacre

192 1847 386 1896 scripture
417 1848 582 1884 sciencia
615 1855 670 1883 est
703 1848 948 1884 decretorum
982 1859 1052 1896 que
1082 1860 1239 1884 sacram
1272 1847 1508 1895 scripturam

194 1905 305 1940 habet
352 1906 548 1954 despectui
585 1913 751 1954 propter
774 1906 956 1954 fructum
1003 1906 1103 1941 lucri
1133 1906 1235 1953 quod
1267 1917 1317 1941 ex
1349 1917 1393 1941 ea
1425 1917 1510 1941 con-

192 1963 374 2011 sequitur.
409 1963 461 1998 Et
498 1964 635 1999 Genes.
669 1964 775 2010 XXI,
810 1973 873 2000 10:
904 1964 1059 2014 signata
1093 1970 1148 2000 est
1175 1963 1374 2012 oppressio
1397 1975 1509 2011 quam

138 2020 287 2068 Rosacit
330 2021 489 2057 sciencia
536 2021 726 2057 lucrativa
770 2034 882 2057 sacre
925 2021 1120 2070 scripture
1161 2033 1236 2070 per
1273 2021 1405 2056 ludum
1440 2032 1511 2069 quo

194 2078 437 2127 opprimebat
469 2079 609 2115 Ismael
640 2079 762 2116 Isaac.
813 2080 920 2115 Unde
963 2080 1060 2115 sicut
1093 2079 1268 2128 precepit
1300 2079 1512 2115 Dominus:

194 2136 286 2172 Eice
337 2136 519 2172 ancillam
572 2144 607 2173 et
643 2136 773 2186 filium
818 2137 919 2182 eius,·
969 2137 1024 2173 sic
1059 2138 1175 2185 forte
1218 2148 1368 2173 necesse
1416 2143 1512 2172 esset

193 2194 393 2230 scienciam
428 2194 536 2230 illam
569 2195 604 2230 in
638 2207 782 2245 magna
810 2202 927 2244 parte
957 2195 1003 2230 ab
1036 2195 1194 2231 ecclesia
1227 2194 1395 2233 excludi,

252 2252 332 2288 Nec
363 2252 487 2288 solum
520 2253 801 2301 contempnitur
832 2265 946 2289 sacra
978 2253 1175 2301 scriptura
1203 2265 1279 2302 per
1309 2252 1510 2288 scienciam

139 2311 177 2343 35
195 2309 314 2353 illam,
348 2309 463 2346 immo
486 2310 604 2346 eciam
620 2311 912 2359 blasphematur
934 2318 968 2347 et
991 2311 1026 2346 in
1051 2322 1092 2346 ea
1116 2310 1196 2359 ipse
1221 2311 1338 2355 Deus,
1371 2311 1437 2358 qui
1457 2317 1512 2346 est

196 2367 413 2416 legislator.
447 2368 561 2412 Quod
582 2368 970 2418 videturfiguratum
994 2380 1075 2404 esse
1106 2368 1276 2404 Levitico
1292 2368 1436 2415 XXIV,
1452 2377 1512 2415 10,

196 2425 259 2460 ubi
272 2425 539 2475 legitu7⁸filius
552 2426 726 2461 mulieris
741 2426 972 2462 Israelitidis
999 2438 1107 2475 quem
1127 2433 1340 2485 pepererat
1364 2426 1410 2461 de
1427 2425 1511 2461 viro

196 2482 381 2533 Egypcio
414 2484 594 2533 iurgatus
617 2491 671 2520 est
693 2495 778 2519 cum
804 2484 886 2520 viro
919 2484 1130 2520 Israelitico
1166 2491 1201 2519 et
1230 2483 1512 2533 blasphemavit

267 2672 291 2701 3.
312 2675 340 2701 A
360 2675 390 2701 in
412 2682 525 2709 marg:
548 2682 576 2702 2.
649 2684 676 2710 7.
697 2675 735 2702 B:
758 2675 993 2704 z'nsuadandum.
1080 2684 1119 2711 17.
1140 2677 1184 2704 A:
1208 2677 1395 2712 quandoque
1414 2676 1507 2703 deest.

197 2708 244 2736 26.
265 2709 303 2736 B:
324 2711 506 2745 conceperit.
597 2708 641 2745 37.
663 2710 700 2737 B:
720 2711 851 2746 peperit.

271 2814 320 2835 11.
348 2804 399 2835 Cf.
426 2805 476 2835 De
502 2804 717 2836 Eucharistia
742 2816 774 2847 p.
804 2815 879 2844 222,
907 2806 929 2837 l.
958 2815 1011 2837 20.
1045 2806 1160 2847 Opera
1186 2806 1391 2838 Parisiensis
1423 2805 1507 2838 mihi

198 2850 239 2880 ad
268 2860 409 2881 manum
437 2861 504 2882 uon
532 2858 620 2882 suut.
700 2862 750 2892 14.
777 2852 826 2883 De
853 2852 946 2884 Eccl.
974 2863 1006 2893 p.
1042 2852 1114 2884 151.
1206 2852 1255 2884 18.
1283 2853 1338 2884 ΡΒ.
1363 2853 1403 2893 X,
1432 2852 1461 2883 5.

1550 1765 1619 1791 sake
1640 1764 1674 1791 of
1691 1764 1770 1798 gaiu.
