1986 3289
152 210 225 245 172

148 1356 214 1383 Our
234 1359 410 1390 opponents

179 1390 239 1417 wil¹
263 1395 315 1417 not
338 1398 391 1417 sav

750 206 868 237 OPUS
894 206 1230 237 EVANGELICUM
1260 206 1343 237 LIB.
1370 206 1424 237 III.
1496 194 1601 248 [CAP-
1623 204 1742 231 XLVII.

432 312 499 360 qui
552 312 591 347 in
635 321 747 359 parte
800 320 1087 359 cognoscerent
1132 311 1251 347 fidem
1297 311 1420 357 illam,
1472 321 1744 360 rogaruntque

432 370 463 406 si
496 369 699 406 sentencia
746 382 815 405 sua
864 369 913 405 sit
952 369 1140 413 heretica,
1194 370 1303 417 quod
1347 369 1530 406 iuvarent
1574 378 1616 405 ut
1660 370 1745 417 ipsa

433 427 639 464 sentencia
680 429 1012 475 condempnetur,
1066 436 1103 463 et
1148 426 1179 462 si
1224 426 1273 463 sit
1319 427 1518 463 catholica
1561 427 1745 463 iuvarent

433 487 541 533 quod
585 485 625 521 in
661 485 857 521 militante
891 484 1057 521 ecclesia
1103 484 1377 521 confirmatur.
1433 486 1549 521 Unde
1581 485 1746 532 quidam

434 543 568 578 fideles
603 542 718 579 huius
752 542 844 579 fidei
877 551 967 578 sunt
1002 555 1045 578 ex
1077 542 1281 579 evidencia
1320 541 1467 590 triplici
1500 542 1540 578 in
1573 542 1779 580 Domin05

435 600 664 646 confortati,
699 600 831 648 primo
865 613 906 636 ex
940 601 1016 636 hoc
1050 601 1158 648 quod
1192 612 1332 636 ornnes
1366 601 1620 636 adversantes
1653 600 1747 648 ipsis

433 658 474 694 in
507 659 582 694 hoc
616 658 693 694 fide
744 659 806 695 vel
849 671 931 694 non
975 659 1126 694 audent
1170 658 1231 694 vel
1263 657 1446 694 nesciunt
1486 657 1617 694 dicere
1650 658 1748 706 quid

433 715 483 752 sit
514 715 600 764 ipsa
634 715 764 752 hostia
788 725 1039 764 consecrata3
1073 724 1110 751 et
1142 728 1221 752 non
1254 715 1419 751 dubium
1453 715 1550 763 quin
1582 728 1748 752 consen-

434 773 541 810 ciant
572 784 666 810 tunc
704 773 882 822 predicte
927 773 1054 809 heresi
1099 773 1234 821 aliquo
1278 785 1343 809 sex
1382 775 1608 819 modorum,
1656 772 1751 821 quia

434 833 654 867 secundum
702 831 899 868 catholica
944 831 1050 867 dicta
1097 841 1327 867 sanctorum
1369 840 1406 867 et
1437 832 1542 879 leges
1587 832 1808 879 papales1o

434 902 507 925 non
540 897 649 925 caret
679 890 864 938 scrupulo
896 889 1088 925 societatis
1120 890 1278 934 occulte,
1317 889 1383 937 qui
1413 889 1620 937 manifesto
1643 889 1750 937 saci-

434 948 522 983 nori
558 947 695 983 desinit
732 948 900 985 obviare.
951 947 1050 982 Cum
1096 959 1189 994 ergo
1227 947 1300 983 iste
1338 946 1387 982 sit
1426 947 1578 983 fructus
1625 946 1749 994 preci-

434 1018 535 1053 puus
595 1017 711 1052 quem
767 1004 900 1041 clerici
961 1014 997 1041 et
1053 1005 1194 1052 prelati
1247 1004 1436 1052 precipue
1486 1005 1751 1053 inpenderent

434 1062 598 1099 brachio
632 1063 814 1107 seculari,
848 1062 1006 1098 videtur
1039 1064 1146 1110 quod
1181 1064 1440 1098 mutesceudo
1474 1062 1514 1098 in
1546 1062 1621 1098 isto
1654 1062 1751 1098 inci-

435 1122 533 1156 dunt
557 1120 811 1168 culpabiliter
845 1120 885 1155 in
920 1133 1159 1156 consensum
1186 1120 1333 1156 heresis
1358 1133 1478 1168 quam
1513 1120 1568 1156 sic
1600 1129 1749 1156 tacent.
1771 1126 1806 1158 15

433 1179 493 1214 Ad
518 1179 770 1226 probandum
806 1187 941 1214 autem
967 1187 1100 1214 utrum
1136 1179 1211 1214 hoc
1244 1180 1485 1214 antecedens
1518 1178 1567 1213 sit
1597 1191 1749 1224 verum,

434 1236 551 1272 facile
584 1246 641 1272 est
675 1236 870 1284 reliquam
896 1237 1105 1272 ecclesiam
1140 1238 1312 1283 petendo
1347 1236 1466 1272 fidem
1501 1235 1670 1272 faciliter
1702 1237 1750 1272 ab

435 1293 738 1330 adversantibus
771 1294 1004 1341 practizare.

494 1353 723 1388 Secundum
769 1351 925 1399 signum
971 1351 1013 1387 in
1059 1364 1137 1399 quo
1172 1361 1228 1388 est
1274 1364 1364 1399 pars
1397 1351 1471 1388 ista
1504 1351 1544 1387 in
1578 1351 1753 1387 Domino

145 1425 227 1452 what
246 1425 327 1452 their
346 1420 419 1452 fasth
437 1411 644 1446 consolata
677 1419 734 1446 est
766 1409 875 1446 istud
908 1412 1016 1458 quod
1051 1409 1136 1457 ipsa
1160 1411 1279 1445 audet
1314 1419 1350 1445 et
1383 1409 1456 1445 scit
1488 1409 1529 1445 in
1561 1409 1636 1445 ista
1669 1421 1751 1445 ma-
1770 1426 1811 1447 20

192 1460 235 1493 is;
256 1468 302 1486 we
323 1459 372 1487 do.

151 2105 237 2140 They
259 2110 417 2140 persecute

192 2141 279 2167 those
300 2140 370 2166 who

186 2175 305 2209 profess
327 2183 383 2201 our

156 2210 242 2243 fanni,
265 2210 316 2236 but
337 2210 411 2238 keep

146 2244 224 2272 their
245 2253 314 2271 own
330 2245 420 2271 close.

436 1467 535 1503 teria
582 1468 699 1503 fidem
745 1480 858 1503 suam
904 1467 1122 1504 christiano
1174 1467 1335 1504 cuilibet
1388 1467 1606 1515 publicare.
1660 1469 1754 1503 Pars

437 1534 571 1561 autem
617 1525 820 1562 contraria
864 1538 937 1561 nec
991 1525 1064 1561 scit
1096 1537 1169 1561 nec
1214 1527 1334 1562 audet
1381 1527 1525 1561 docere
1559 1525 1751 1573 populum

437 1583 555 1619 fidem
591 1596 717 1628 suam,
764 1585 831 1619 secl
864 1596 943 1619 una
976 1592 1089 1631 parte
1122 1583 1205 1619 eius
1251 1582 1376 1619 divisa
1410 1596 1430 1619 a
1465 1582 1619 1631 reliqua
1658 1582 1754 1618 dicit

437 1641 497 1677 vel
528 1642 650 1677 verba
683 1641 915 1677 communia
961 1643 1070 1689 quod
1117 1640 1242 1677 credit
1275 1640 1377 1677 sicut
1411 1642 1573 1677 credere
1607 1642 1754 1676 debent

438 1699 638 1745 catholici,
677 1700 746 1735 sed
791 1699 886 1747 quid
932 1699 1057 1735 credit
1099 1698 1139 1734 in
1173 1699 1245 1735 isto
1279 1699 1449 1735 articulo
1481 1698 1603 1734 nimis
1636 1707 1751 1734 tacet.
1772 1704 1810 1736 25

438 1758 516 1793 Sed
550 1757 638 1805 quis
671 1769 809 1793 vecors
843 1769 1061 1793 consensus
1095 1757 1199 1793 foret
1232 1756 1440 1793 catholicis
1474 1757 1561 1804 plus
1594 1768 1753 1804 suspec-

437 1814 525 1850 tus?
569 1816 683 1852 Unde
728 1823 913 1863 potentes
959 1816 1006 1851 de
1053 1814 1218 1851 brachio
1262 1814 1432 1851 seculari
1465 1814 1753 1850 necessitarem

437 1882 565 1908 sectas
597 1872 684 1909 illas
726 1874 776 1908 ad
808 1873 1020 1909 dicendum
1068 1872 1108 1908 in
1140 1872 1215 1908 ista
1262 1872 1428 1908 materia
1473 1872 1593 1908 fidem
1628 1884 1754 1907 suam.

437 1930 572 1978 Aliqui
617 1939 750 1966 autem
796 1931 994 1967 seculares
1040 1930 1191 1966 domini
1226 1931 1369 1966 vellent
1417 1931 1465 1966 ad
1514 1931 1588 1965 hoc
1627 1938 1755 1965 sectas

438 1988 532 2024 istas
567 1990 791 2025 conducere
825 1998 862 2025 et
900 1989 1033 2036 plures
1072 2000 1143 2036 per
1176 1987 1247 2024 Dei
1280 1987 1457 2035 graciam
1492 1989 1753 2035 postmodum
1773 1994 1814 2026 30

439 2045 698 2082 adiuvabunt.

496 2105 610 2140 Unde
642 2103 811 2140 tercium
867 2103 1043 2139 medium
1088 2116 1159 2151 per
1205 2104 1313 2151 quod
1358 2102 1519 2151 quidam
1568 2102 1754 2139 catholici

439 2171 529 2198 sunt
562 2161 602 2197 in
639 2162 714 2198 ista
748 2162 826 2197 fide
870 2163 1123 2197 sacerdotum
1159 2160 1402 2208 simplicium
1450 2160 1664 2197 confortati
1698 2169 1755 2196 est

439 2219 543 2256 istud
577 2221 685 2267 quod
740 2218 954 2254 multitudo
995 2228 1099 2255 secte
1142 2219 1343 2255 contrarie
1397 2231 1440 2254 ex
1492 2219 1567 2254 hoc
1620 2231 1754 2266 prose-

438 2277 573 2326 quitur
612 2277 708 2313 istos
743 2276 945 2324 simplices
980 2278 1089 2324 quod
1122 2277 1330 2324 publicant
1365 2276 1480 2312 istam
1515 2276 1684 2312 heresim
1719 2284 1755 2311 et
1773 2282 1811 2314 35

436 2344 618 2383 patenter
653 2343 830 2371 reserant
876 2335 992 2370 fidem
1043 2347 1169 2373 suam.
1215 2336 1308 2370 Pars
1343 2343 1475 2370 autem
1514 2333 1630 2369 huius
1664 2332 1755 2369 fidei

436 2406 516 2429 non
549 2392 803 2441 persequitur
826 2392 1022 2428 hereticos
1055 2391 1130 2427 sibi
1164 2391 1414 2428 adversarios
1448 2393 1516 2427 sed
1551 2391 1756 2427 humiliter

437 2450 575 2487 scribit
608 2459 645 2487 et
678 2450 878 2487 delucidat
917 2450 1003 2487 viva
1036 2462 1130 2487 voce
1164 2449 1388 2486 evidencias
1435 2449 1525 2485 fidei
1559 2448 1756 2496 scripture

512 2637 536 2664 5.
558 2638 585 2664 Α
606 2637 634 2664 in
657 2645 769 2670 margi:
793 2636 873 2664 Nola
894 2637 967 2663 tria.
1045 2636 1082 2663 15,
1105 2637 1149 2663 A:
1173 2643 1331 2663 consensu.
1430 2644 1470 2670 19.
1492 2636 1520 2662 A
1540 2635 1569 2662 in
1592 2641 1705 2669 marga
1725 2640 1754 2660 2.

437 2680 483 2706 29.
505 2672 542 2698 B:
566 2672 620 2698 has
639 2677 748 2698 sectas.
823 2670 865 2698 32.
887 2672 915 2698 A
936 2671 965 2698 iu
992 2679 1107 2705 marg:
1129 2679 1164 2705 3.

514 2789 562 2809 11.
590 2778 723 2809 Decreti
756 2779 778 2809 I.
806 2788 898 2819 pars,
933 2778 1010 2809 dist.
1039 2777 1219 2816 LXXXIII,
1259 2788 1286 2808 c.
1324 2777 1387 2808 III:
1427 2776 1543 2808 Error
1580 2776 1635 2807 cui
1679 2785 1746 2806 ozon

437 2825 626 2855 resistitur.
