1986 3289
147 194 220 239 154
732 200 850 231 opns
876 199 1212 231 EVANGELICUM
1241 200 1325 231 ΜΒ.
1352 199 1404 230 111.
1521 186 1627 243 [CAP.
1650 197 1739 225 xm.

426 306 689 343 intoxicantes
742 305 945 354 principes
997 314 1102 342 terre
1156 318 1226 353 per
1278 305 1450 342 hostiam
1502 314 1739 343 venenatam

426 364 578 401 faciunt
610 364 738 412 ipsam
775 363 914 400 melius
936 376 1056 411 quam
1091 363 1200 411 prius
1223 364 1352 400 fuerat
1386 372 1632 401 consecrata.
1662 366 1740 401 Sed

428 423 643 459 maledicta
674 422 724 458 sit
756 421 845 458 talis
878 421 1112 457 melioracio
1146 422 1274 458 hostie
1308 430 1549 458 consecrate.

486 479 695 527 Similiter,
741 478 924 528 quamvis
969 479 1055 527 ipsa
1099 479 1231 515 hostia
1283 479 1333 515 sit
1379 479 1419 515 in
1472 487 1617 516 natura
1669 492 1740 516 sua

426 550 542 575 verus
587 537 702 586 panis
747 546 804 573 est
842 546 977 573 tamen
1016 538 1236 573 secundum
1278 549 1361 573 esse
1401 550 1516 573 suum
1550 537 1773 574 excellen-5

431 595 629 633 tissimum
683 595 723 631 in
776 596 884 644 quod
937 595 1245 631 consecracione
1297 595 1543 631 convertitur
1594 607 1740 643 corpus

428 653 587 699 Christi,
634 662 671 690 et
713 652 769 689 ita
815 661 872 689 est
915 654 1123 689 adoranda
1161 654 1278 701 longe
1318 653 1545 689 evidencius
1582 648 1738 705 {quam
1776 655 1844 686 420

428 724 521 749 crux
544 711 706 748 Domini
738 711 799 747 vel
831 710 1025 758 imagines
1059 724 1156 759 quas
1181 710 1350 747 fideliter
1382 712 1599 747 adoramus
1633 720 1670 747 et
1700 711 1740 747 in

427 770 583 818 signum
617 768 730 805 istius
762 768 907 816 legitur
939 769 1037 805 Gen.
1062 770 1230 815 XXXIII,
1268 769 1285 804 3
1323 769 1424 817 quod
1443 766 1563 805 Jacob
1596 769 1739 805 adora-

429 836 538 865 verat
567 828 674 864 Esau
692 828 870 876 fratrem
899 839 1008 863 suum
1043 836 1081 863 et
1112 827 1228 875 longe
1262 826 1488 863 evidencius
1524 827 1740 863 adoramus
1760 841 1799 861 10

427 886 468 922 in
512 885 598 934 ipsa
631 884 762 922 hostia
795 897 941 933 corpus
975 885 1141 932 Christi3
1191 893 1228 921 et
1267 885 1343 921 hoc
1382 893 1580 921 testantur
1619 897 1740 933 genu-

427 944 629 990 flexiones,
675 942 1019 992 decapieiaciones
1063 952 1101 979 et
1146 955 1338 979 manuum
1392 942 1638 979 elevaciones
1690 944 1741 979 ad

429 1002 545 1039 istam
579 1001 752 1038 hostiam
786 1014 808 1037 a
841 1000 1025 1037 fidelibus
1058 1000 1229 1037 fideliter
1263 1000 1420 1037 usitate.

146 1068 237 1107 lquc
258 1068 408 1107 adore-all
489 1062 570 1096 Nec
617 1060 720 1096 valet
765 1058 1032 1095 hereticorum
1077 1058 1192 1095 ficcio
1236 1058 1276 1094 in
1316 1058 1390 1095 ista
1430 1058 1597 1096 materia
1631 1059 1739 1107 quod

139 1103 413 1172 tggogsigrimxgggfilt]
429 1131 509 1154 non
554 1119 726 1154 adorant
772 1116 899 1165 ipsam
943 1116 1116 1153 hostiam
1155 1118 1223 1153 sed
1263 1128 1408 1165 corpus
1441 1116 1589 1153 Christi
1630 1118 1794 1165 quod15

173 1177 374 1235 {Veecguffgffi
430 1175 700 1213 essencialiter
733 1184 790 1211 est
822 1174 985 1222 ibidem,
1019 1174 1112 1223 quia
1149 1176 1207 1222 (ut
1239 1183 1349 1223 patet
1382 1188 1425 1211 ex
1454 1174 1548 1224 fide)
1579 1174 1619 1210 in
1642 1187 1740 1223 quo-

199 1242 354 1281 object—of
428 1234 522 1271 libet
554 1233 747 1270 stramine
779 1234 850 1269 sub
890 1233 1069 1281 pedibus,
1109 1233 1234 1269 immo
1272 1233 1313 1269 in
1346 1233 1524 1281 qualibet
1557 1241 1740 1269 creatura

199 1279 349 1313 worsmp.
429 1301 486 1329 est
518 1292 664 1329 realius
703 1299 849 1328 natura
880 1290 1013 1328 divina
1046 1303 1124 1339 que
1164 1299 1221 1328 est
1261 1291 1404 1328 melior
1436 1303 1557 1339 quam
1593 1303 1738 1338 corpus

428 1350 590 1388 Christi.
638 1351 730 1386 Ideo
777 1349 942 1386 heretici
989 1358 1150 1397 possent
1193 1348 1248 1385 sic
1295 1349 1391 1386 false
1436 1349 1584 1397 fingere
1628 1350 1737 1397 quod

426 1417 604 1445 stramen
649 1416 686 1444 et
731 1407 907 1456 quelibet
950 1416 1095 1444 natura
1139 1407 1300 1444 racione
1339 1416 1481 1444 nature
1521 1406 1651 1444 divine
1691 1407 1739 1443 sit
1757 1421 1798 1442 20

426 1466 545 1504 latria
577 1467 844 1512 adorandum,
877 1466 946 1502 sed
979 1465 1075 1514 quid
1107 1464 1367 1514 undiquaque
1399 1465 1622 1501 infidelius?

148 1522 355 1584 (ἓῑῑδῖῖέᾞὲῃζί
374 1527 403 1550 to
486 1524 691 1569 Similiter,
738 1532 780 1560 ut
824 1533 933 1572 patet
977 1536 1021 1560 ex
1059 1523 1237 1572 practica
1285 1532 1322 1560 et
1365 1536 1470 1572 papa
1513 1522 1643 1560 innuit
1682 1527 1741 1569 (ut

152 1592 238 1618 when
253 1577 355 1618 *water
376 1592 401 1619 is
428 1591 537 1631 patet
561 1585 632 1619 ΙΙΙΟ
648 1581 936 1628 Decretalium)
961 1583 1148 1618 sacerdos
1171 1590 1304 1630 posset
1316 1581 1452 1618 vinum
1476 1580 1737 1618 fortissimum

164 1626 387 1689 ac‘ssssss‘sscffitssge
429 1653 665 1678 consecrare
707 1649 743 1676 et
784 1639 839 1676 ita
877 1639 975 1676 illud
1008 1652 1221 1676 remanens
1254 1641 1362 1688 quod
1395 1639 1593 1676 hereticus
1624 1648 1741 1676 vocat

230 1696 319 1724 wine.
428 1698 673 1745 accidencia,
721 1711 811 1734 cum
844 1697 894 1734 sit
927 1698 1100 1735 activum
1134 1706 1177 1734 ut
1208 1697 1359 1744 vinum,
1405 1696 1625 1734 assimilata
1666 1697 1796 1733 sibi25

429 1766 519 1805 post
558 1755 910 1793 consecracionem
952 1769 1056 1804 aqua
1088 1756 1270 1802 notabili,
1310 1755 1407 1792 illud
1440 1764 1739 1792 sacramentum

428 1824 465 1852 et
511 1828 616 1864 aqua
654 1823 843 1863 poterunt
883 1814 1151 1860 commisceri,
1197 1822 1234 1851 et
1274 1827 1363 1850 cum
1397 1815 1616 1850 secundum
1651 1813 1741 1849 Ari-

427 1873 611 1910 stotelem
660 1872 826 1909 materia
871 1872 1002 1920 prima
1040 1872 1194 1921 appetit
1237 1873 1423 1918 formam,
1464 1871 1565 1908 sicut
1598 1871 1741 1908 mulier

428 1931 582 1980 appetit
603 1931 746 1977 virum,
780 1930 967 1967 induccio
989 1931 1118 1967 forme
1146 1929 1427 1967 substancialis
1457 1929 1496 1965 in
1528 1929 1737 1966 materiam

429 1990 537 2026 illam
572 2002 742 2038 aqueam
775 1989 877 2025 foret
909 1988 1050 2034 facilis,
1084 2001 1174 2025 cum
1208 2001 1290 2025 non
1322 1988 1373 2024 sit
1406 2000 1449 2024 ex
1478 1996 1592 2036 parte
1614 1987 1739 2024 altera
1757 1993 1798 2024 30

429 2047 644 2096 impedicio
683 2060 760 2095 que
802 2046 973 2094 resistat,
1013 2055 1049 2083 et
1088 2046 1145 2083 sic
1178 2047 1276 2083 falsa
1309 2045 1499 2082 mixtione
1531 2045 1592 2082 vel
1623 2057 1740 2093 gene-

430 2105 590 2142 racione
637 2105 866 2142 substancie
910 2105 1010 2141 foret
1054 2104 1286 2141 substancia
1337 2103 1560 2152 composita
1607 2115 1740 2140 sacra—

431 2173 628 2210 mentum,
676 2163 770 2212 quia
818 2164 868 2199 ad
913 2163 1132 2212 quemlibet
1179 2171 1373 2211 punctum
1418 2175 1533 2198 suum
1575 2162 1740 2198 haberet

429 2230 727 2258 sacramentum
763 2220 949 2258 accidens
983 2220 1258 2265 commixtum,
1299 2221 1408 2269 quod
1441 2221 1489 2256 de
1522 2220 1626 2256 facto
1658 2231 1739 2255 non

430 2279 628 2316 desineret
667 2292 750 2316 esse
783 2288 1103 2326 sacramentum3
1153 2288 1190 2315 et
1227 2278 1283 2315 sic
1323 2291 1365 2314 ex
1405 2276 1739 2314 denominacione
1756 2284 1796 2316 35

429 2337 645 2374 accidentis
690 2345 800 2386 patet
843 2337 997 2386 liquido
1046 2338 1252 2385 quomodo
1303 2344 1432 2372 totum
1479 2343 1737 2383 aggregatum

429 2396 529 2432 foret
554 2395 732 2443 corporis
757 2395 919 2432 Domini
943 2403 1254 2432 sacramentum.
1290 2396 1375 2440 Que
1409 2406 1501 2442 ergo
1535 2391 1737 2430 evidencia

430 2453 531 2490 foret
564 2453 696 2490 dicere
730 2453 967 2501 regulariter
999 2455 1108 2501 quod
1141 2460 1439 2489 sacramentum
1482 2450 1617 2488 calicis
1656 2463 1739 2486 non

430 2511 479 2548 sit
524 2511 757 2548 substancia
800 2513 869 2548 sed
921 2511 1108 2549 accidens
1160 2510 1244 2548 sine
1288 2509 1481 2555 subiecto,
1536 2521 1626 2546 cum
1672 2520 1740 2544 aer

1846 643 1860 660 b

498 2733 522 2752 2.
546 2726 567 2752 13
585 2736 590 2752 ε
611 2724 764 2760 facerent.
838 2737 866 2759 ,1.
888 2727 915 2753 Α
937 2727 966 2753 in
984 2734 1098 2760 marga
1120 2732 1147 2752 2.
1204 2725 1228 2753 5.
1251 2725 1287 2752 13:
1317 2728 1418 2752 tamen
1440 2723 1533 2750 deest.
1592 2722 1672 2757 7-8.
1695 2723 1737 2749 A:

429 2769 516 2795 quam
542 2755 700 2795 3f1'del1'ter
720 2761 813 2787 deest.
887 2761 982 2788 3—10.
1006 2761 1047 2787 A:
1070 2763 1098 2787 el
1118 2761 1148 2787 ιή
1162 2776 1186 2779 m
1199 2761 1364 2787 adoramus
1384 2759 1477 2786 deest.
1535 2766 1572 2785 η.
1589 2759 1631 2785 A:
1648 2757 1740 2784 deca-

426 2795 616 2830 pt'cmcimzcs
638 2796 731 2822 deest.
836 2804 878 2823 22.
902 2797 926 2823 A
949 2796 977 2822 in
995 2803 1107 2830 marga
1129 2804 1160 2829 3.
1267 2802 1312 2827 21.
1335 2795 1377 2821 A:
1399 2796 1427 2820 el
1448 2793 1539 2820 circa.
1630 2791 1674 2826 37.
1695 2792 1738 2818 A:

428 2834 653 2856 sacramentum
674 2831 768 2857 deest.
