1986 3289
196 247 282 275 CAP.
313 237 381 291 HL]
577 249 636 280 DE
664 248 978 279 ANTICHRISTO
1007 248 1089 278 LIB.
1117 248 1139 278 I.
1743 249 1782 271 ¹¹

194 368 312 404 super
345 355 419 391 isto
453 356 649 403 dependet
683 354 921 391 absolventis
954 354 1160 399 iudicium,
1205 353 1362 389 videtur
1394 354 1502 400 quod

193 414 242 450 sit
286 413 519 461 blasphema
563 411 777 459 usurpacio
823 412 1091 448 confessorem
1132 411 1314 459 accipere
1348 409 1403 446 sic
1436 412 1502 446 ab-

193 471 437 508 solucionem
486 479 522 506 et
566 470 780 506 salutarem
822 469 1092 506 innuicionem
1126 468 1351 517 penitencie
1384 480 1504 515 super

193 529 337 577 ipsum.
388 527 428 564 Si
473 527 575 564 enim
623 528 826 564 confessus
866 527 915 563 sit
948 527 1143 575 prescitus
1175 527 1235 563 vel
1267 525 1327 562 vir
1360 526 1504 573 duplex

161 587 234 623 Sin
267 585 528 630 confessione,
573 595 668 622 tunc
700 594 865 633 peccata
898 594 1043 621 cuncta
1075 586 1244 621 redeunt
1274 596 1347 620 nec
1380 596 1503 631 opera

192 644 297 680 illius
331 642 567 680 confessoris
600 655 718 691 super
750 642 820 679 tali
843 642 927 679 viro
951 641 1101 690 duplici
1124 642 1340 690 quicquam
1366 650 1502 689 agunt,

193 711 235 738 ut
268 701 330 737 hic
362 701 612 749 supponitur.
657 702 757 737 Cum
804 713 897 748 ergo
929 713 1048 737 nemo
1088 701 1205 736 debet
1238 698 1399 736 mentiri
1431 711 1504 746 pro

191 768 277 796 toto
310 760 460 795 mundo
492 759 694 806 salvando,
729 758 885 794 videtur
917 760 1024 806 quod
1056 758 1260 794 confessor
1283 769 1365 793 non
1388 757 1506 793 debet

192 817 248 854 sic
290 829 465 853 asserere
498 817 606 864 quod
640 815 810 853 absolvit
849 815 1085 863 simpliciter
1116 828 1230 852 suum
1266 814 1504 851 confessum.

141 888 178 909 10
251 874 456 920 Similiter,
500 886 619 910 nemo
665 875 780 910 debet
824 873 1093 921 presumptive
1145 874 1240 909 dare
1291 871 1504 909 audaciam
1563 877 1747 905 Confession

193 931 410 980 peccatori,
442 933 511 968 sed
543 931 599 968 sic
631 931 782 968 faciunt
816 931 1086 968 communiter
1112 931 1377 975 confessores3
1412 942 1506 977 ergo
1523 912 1794 974 b01d¹ssssgssjtffffl

194 990 268 1026 ista
300 1003 363 1026 ars
396 989 625 1026 absolvendi
659 998 716 1025 est
749 989 919 1025 fideliter
950 988 1154 1036 fugienda.
1200 988 1297 1033 Quis
1330 1000 1427 1035 rogo
1459 987 1507 1023 ti-

196 1056 320 1084 meret
363 1059 503 1095 rapere
550 1049 657 1083 bona
701 1046 885 1095 proximi,
930 1048 1101 1094 prodere
1145 1059 1259 1082 suum
1296 1045 1505 1082 dominum

194 1106 255 1141 vel
288 1113 452 1152 peccata
486 1104 631 1141 similia
663 1105 806 1147 facere,
852 1104 883 1140 si
917 1105 1098 1140 crederet
1122 1103 1366 1151 'simpliciter
1398 1104 1506 1151 quod

145 1166 178 1197 15
196 1172 358 1211 propter
402 1163 500 1199 illud
543 1171 752 1210 peccatum
785 1175 866 1198 non
899 1161 1048 1198 subibit
1082 1161 1275 1198 maiorem
1328 1160 1507 1209 peniten-

196 1220 299 1257 ciam
333 1233 453 1269 quam
489 1221 693 1257 confessor
725 1233 819 1256 suus
852 1219 1035 1268 inmugit,
1079 1219 1172 1267 quia
1206 1220 1409 1255 confessor
1442 1231 1507 1255 cu-

196 1278 311 1326 pidus
333 1278 458 1314 eciam
483 1287 646 1326 propter
668 1291 777 1326 spem
803 1277 904 1314 lucri
921 1276 1070 1314 modici
1087 1276 1269 1323 absolvit,
1294 1276 1507 1324 iniungens

196 1335 463 1383 penitenciam
498 1335 592 1372 satis
625 1336 775 1372 levem?
822 1335 863 1372 Si
897 1348 990 1383 ergo
1022 1339 1080 1380 (ut
1113 1343 1287 1382 arguunt
1324 1334 1508 1380 confessi)

197 1393 344 1430 subibit
390 1394 582 1430 maiorem
628 1393 896 1442 penitenciam
941 1393 980 1429 in
1021 1392 1255 1441 purgatorio
1288 1393 1506 1429 secundum

141 1464 182 1484 20
198 1451 377 1487 divinum
429 1451 636 1495 iudicium,
689 1460 784 1488 tunc
838 1451 1099 1488 confunditur
1152 1450 1356 1487 evidencia
1401 1452 1509 1498 quod

123 1558 132 1562 -
198 1518 404 1557 peccatum
439 1509 536 1545 illud
572 1508 801 1554 remittitur,
836 1510 944 1557 quod
976 1521 1156 1557 unquam
1190 1508 1231 1544 in
1253 1504 1506 1560 purgatorio}

70 1560 154 1599 40³⁰
198 1566 413 1603 satisfaciet
456 1567 517 1603 vel
555 1568 661 1615 quod
694 1580 716 1603 a
750 1569 832 1603 Deo
871 1566 998 1603 lenius
1037 1566 1226 1614 punietur
1259 1578 1379 1613 quam
1414 1565 1511 1602 assi-

198 1633 323 1661 stente
345 1633 455 1661 tanta
488 1624 733 1662 contricione
767 1634 802 1660 et
836 1637 956 1672 opere
980 1623 1187 1660 meritorio
1210 1636 1292 1660 non
1314 1623 1508 1659 iniuncto.

255 1682 415 1719 Infinita
437 1691 527 1719 sunt
559 1682 654 1719 talia
677 1682 1003 1719 inconveniencia
1027 1694 1103 1730 que
1136 1681 1340 1718 confessor
1372 1681 1412 1716 in
1436 1681 1511 1717 ista

143 1740 367 1776 25materia
411 1753 492 1777 non
537 1741 686 1776 evadet.
735 1741 812 1776 Sed
845 1739 1000 1777 videtur
1039 1741 1148 1787 quod
1180 1740 1338 1776 laborat
1370 1738 1410 1775 in
1444 1740 1509 1775 de-

200 1797 389 1845 cepcione
435 1798 494 1834 sui
528 1797 698 1834 confessi
732 1811 802 1845 pro
845 1797 1017 1845 pecunia
1056 1798 1116 1834 vel
1153 1796 1334 1833 dominio
1371 1796 1509 1845 acqui-

200 1857 337 1901 rendo⁷
379 1865 416 1892 et
448 1855 502 1892 ita
534 1855 670 1903 alligat
702 1868 821 1903 supra
855 1856 1042 1891 humeros
1075 1854 1342 1903 penitenciam
1388 1867 1511 1891 onera

201 1913 335 1961 gravia
379 1926 455 1961 que
502 1913 577 1961 ipsi
622 1912 786 1950 sufferre
833 1926 913 1949 non
958 1921 1124 1961 possunt
1169 1912 1210 1948 in
1255 1912 1391 1960 gracia
1439 1924 1511 1948 nec

201 1980 362 2019 propter
406 1970 699 2019 longitudinem
746 1970 938 2019 temporis
978 1983 1021 2007 ex
1053 1969 1314 2007 ordinacione
1347 1969 1510 2007 Domini

145 2031 186 2062 30
201 2037 450 2076 supportare.
496 2028 607 2065 Sicut
640 2041 733 2077 ergo
767 2028 948 2065 Christus
987 2027 1155 2064 iniunxit
1188 2028 1368 2065 adultere
1401 2029 1510 2075 quod

202 2086 294 2122 nolit
316 2087 482 2136 amplius
508 2099 684 2136 peccare,
718 2095 760 2122 ut
794 2095 902 2134 patet
932 2087 1019 2122 Joh.
1051 2087 1148 2131 VIII,
1190 2099 1250 2132 1¹,
1278 2085 1333 2122 ita
1355 2085 1512 2122 videtur

204 2144 447 2180 confessores
481 2146 624 2181 debere
647 2143 852 2192 iniungere
875 2143 1142 2192 penitenciam
1170 2143 1393 2190 confitenti,
1426 2152 1510 2179 tum

203 2201 296 2250 quia
329 2203 438 2238 nulla
471 2211 528 2238 est
561 2215 623 2238 ars
656 2201 945 2250 penitenciaria
978 2214 1000 2238 a
1033 2214 1111 2249 qua
1143 2201 1232 2249 capi
1264 2210 1397 2249 potest
1427 2214 1511 2237 cer-

203 2259 286 2295 cior
317 2259 543 2307 penitencia
576 2259 831 2308 iniungenda,
865 2268 949 2295 tum
974 2259 1099 2296 eciam
1124 2259 1218 2307 quia
1241 2260 1316 2296 hoc
1341 2258 1511 2296 maxime

146 2317 186 2351 35
204 2317 379 2353 traheret
423 2330 445 2354 a
490 2326 656 2365 peccato
704 2326 740 2353 et
785 2325 946 2354 sonaret
990 2316 1030 2353 in
1063 2316 1382 2353 misericordiam
1417 2329 1511 2353 con—

203 2375 377 2414 fessoris.
424 2376 639 2420 Quomodo
685 2388 778 2423 ergo
812 2373 983 2411 crudelis
1029 2384 1065 2411 et
1097 2374 1384 2411 immisericors
1417 2386 1512 2411 con·-

202 2432 325 2469 fessor
357 2433 612 2469 necessitaret
644 2434 771 2468 Deum
805 2446 826 2469 a
859 2445 929 2468 suo
971 2432 1120 2469 iudicio
1159 2432 1511 2475 conscendendum,

205 2502 295 2526 cum
328 2492 433 2526 Deus
477 2503 558 2526 non
603 2492 798 2538 approbat
842 2490 961 2526 vitam
1003 2491 1063 2526 vel
1101 2503 1202 2538 opus
1236 2503 1351 2526 suum
1391 2499 1512 2526 teme-

205 2547 354 2584 rarium
388 2548 428 2584 in
462 2549 535 2584 hac
568 2548 705 2596 parte?

275 2764 300 2783 2.
321 2758 364 2784 A:
386 2756 574 2793 conformem
593 2757 746 2797 accszere.
826 2765 867 2784 10.
889 2758 917 2784 A
936 2757 966 2796 igi
988 2765 1101 2791 marga:
1122 2765 1152 2795 ᾳ.
1243 2764 1288 2784 22.
1308 2758 1351 2783 A:
1373 2756 1420 2783 vel
1438 2763 1512 2791 quo-

206 2791 378 2818 dammodo.
435 2792 479 2819 26.
500 2793 544 2818 A:
565 2793 615 2818 vel
627 2791 742 2818 dwino.
815 2799 859 2826 27.
881 2791 918 2818 B:
941 2794 983 2818 tta
1005 2791 1105 2825 deest;
1126 2791 1167 2818 lb.
1189 2791 1226 2818 B:
1247 2799 1349 2826 super.
1406 2789 1449 2817 3².
1464 2790 1509 2817 A:

206 2825 328 2859 quando
349 2826 432 2860 quia.
530 2825 574 2859 34.
597 2827 641 2853 A:
663 2826 795 2855 maxime
815 2826 907 2855 deest.
998 2824 1039 2855 35.
1062 2826 1099 2853 ss:
1122 2826 1308 2854 retraheret.
1399 2823 1442 2853 38⁴
1465 2826 1509 2852 A:

207 2859 288 2889 Deus
309 2859 401 2889 deest.
