1986 3289
202 214 291 242 CAP.
314 202 415 256 xm]
584 216 643 248 DE
670 215 987 247 ANTICHmSTo
1016 215 1099 247 LIB.
1127 215 1150 247 Ι.

202 335 268 360 vos
295 324 511 372 prophetas
536 329 571 358 et
592 321 781 370 sapientes
803 329 838 358 et
859 322 1007 358 scribas
1030 329 1099 361 etc.
1132 321 1329 371 Simulque
1357 322 1520 358 observa

200 380 309 417 iuxta
356 380 582 430 Apostolum
627 380 855 416 scribentem
902 380 954 415 ad
998 380 1219 416 Corinthios
1264 380 1376 415 varia
1421 381 1521 416 dona

200 450 281 474 esse
325 438 602 488 discipulorum
653 437 812 484 Christi,
856 438 954 474 alios
993 438 1209 487 prophetas
1251 438 1317 487 qui
1360 445 1520 474 ventura

195 496 421 545 predicant;
463 496 560 532 alios
602 496 793 544 sapientes
837 496 901 545 qui
942 496 1118 531 noverint
1163 496 1314 544 quando
1361 496 1523 532 debeant

167 555 385 603 §proferre
415 566 647 598 sermonem,
680 553 778 590 alios
809 553 958 589 scribas
990 554 1026 589 in
1060 554 1147 604 lege
1179 553 1441 599 doctissimos;
1473 565 1523 590 ex

199 612 332 660 quibus
355 612 550 661 lapidatus
572 619 627 647 est
652 607 657 664 ἱ
688 611 919 660 Stephanus,
948 611 1094 648 Paulus
1117 611 1276 658 occisus,
1311 611 1523 663 crucifixus

200 670 352 717 Petrus,
366 669 570 720 flagellati
589 669 624 705 in
647 669 793 705 actibus
815 669 1081 718 apostolorum
1107 670 1297 718 discipuli,
1331 677 1367 705 et
1387 681 1520 718 perse-

199 728 275 764 cuti
305 740 368 764 eos
399 735 487 764 sunt
513 728 559 763 de
581 727 735 763 civitate
756 727 792 762 in
816 727 1022 773 civitatem,
1056 728 1294 776 expellentes
1317 728 1363 763 de
1383 727 1520 774 Judea‚

199 793 238 821 ut
269 786 321 821 ad
351 785 529 836 gencium
558 785 747 834 populum
781 785 1126 835 transmigrarent.

146 855 184 875 10
263 843 312 879 Ut
344 844 470 879 veniat
499 855 618 892 super
651 855 718 879 vos
750 843 873 879 omnis
904 843 1067 893 sanguis
1099 843 1220 879 iustus
1252 850 1320 879 etc.
1345 843 1407 878 De
1427 842 1524 878 Abel

198 901 304 936 nulla
337 901 571 952 ambiguitas
604 901 690 950 quin
730 901 761 936 is
799 901 848 937 sit
880 912 988 949 quem
1024 901 1132 937 Caim
1146 901 1287 949 frater
1309 900 1520 938 occiderat.

198 959 324 995 Iustus
355 967 481 995 autem
515 971 587 995 non
619 959 743 995 solum
777 970 828 994 ex
859 958 1020 994 Domini
1049 971 1147 995 nunc
1167 958 1359 995 sentencia
1382 959 1451 994 sed
1472 970 1524 994 ex

204 1017 362 1053 Genesis
394 1017 607 1053 testimonio
640 1016 936 1065 comprobatur,
976 1017 1040 1052 ubi
1075 1024 1231 1066 accepta
1272 1017 1350 1053 eius
1382 1029 1403 1052 a
1436 1017 1522 1052 Deo

199 1082 416 1110 narrantur
444 1087 618 1112 munera.
659 1074 866 1119 Querimus
899 1074 981 1123 quis
1010 1074 1059 1110 sit
1089 1075 1158 1111 iste
1180 1074 1522 1124 Zachariasfilius

147 1133 406 1179 15Barachie‚
451 1133 538 1181 quia
585 1133 726 1169 multos
772 1132 938 1182 legimus
970 1133 1198 1169 Zacharias.
1238 1133 1292 1168 Et
1323 1145 1368 1168 ne
1400 1133 1522 1168 libera

198 1190 304 1226 nobis
335 1191 573 1227 tribueretur
595 1191 746 1227 erroris
759 1190 951 1238 facultas,
985 1191 1159 1226 additum
1183 1198 1258 1226 est:
1287 1203 1397 1239 quem
1422 1190 1521 1226 occi-

199 1248 308 1285 distis
339 1249 441 1285 inter
471 1249 655 1298 templum
689 1256 725 1284 et
755 1248 893 1284 altare.
929 1249 972 1283 In
1005 1249 1170 1284 diversis
1199 1248 1353 1284 diversa
1388 1248 1468 1298 legi
1488 1256 1523 1283 et

201 1306 316 1343 debeo
347 1307 592 1357 singulorum
626 1306 819 1356 opiniones
836 1318 996 1355 ponere.
1029 1307 1109 1342 Alii
1133 1306 1366 1342 Zachariam
1389 1306 1520 1356 filium

200 1365 420 1401 Barachiae
453 1365 582 1401 dicunt
613 1365 678 1413 qui
707 1365 742 1400 in
778 1365 978 1400 duodecim
997 1364 1202 1414 prophetis
1225 1364 1445 1400 undecimus
1467 1371 1521 1400 est

142 1423 399 1472 20patrisque
431 1435 566 1459 nomen
599 1423 635 1458 in
668 1434 710 1459 eo
743 1423 949 1467 consentit;
979 1423 1047 1458 sed
1080 1422 1144 1458 ubi
1174 1422 1320 1459 occisus
1351 1422 1399 1458 sit
1422 1422 1522 1459 inter

201 1481 384 1530 templum
424 1488 460 1517 et
492 1482 629 1527 altare,
667 1480 866 1530 scriptura
899 1493 971 1516 non
1005 1481 1196 1529 loquitur:
1234 1480 1404 1516 maxime
1435 1493 1519 1516 cum

201 1539 436 1587 temporibus
469 1539 549 1575 eius
581 1539 649 1575 vix
672 1539 781 1575 ruine
812 1538 946 1588 templi
965 1538 1133 1587 fuerint.
1173 1538 1252 1574 Alii
1286 1539 1519 1574 Zachariam

194 1604 349 1645 patrem
394 1597 576 1633 Iohannis
619 1597 786 1646 intelligi
817 1597 962 1642 volunt,
1002 1608 1053 1633 ex
1083 1596 1308 1645 quibusdam
1348 1609 1520 1647 apocry-

192 1655 363 1703 phorum
395 1655 565 1704 sompnis
597 1655 859 1704 approbantes
895 1654 999 1703 quod
1034 1662 1243 1704 propterea
1282 1655 1429 1691 occisus
1458 1655 1520 1698 sit,

141 1713 283 1761 25quia
317 1713 536 1749 Salvatoris
562 1713 794 1762 predicarat
824 1713 1043 1748 adventum.
1081 1713 1168 1749 Hoc
1200 1713 1286 1762 quia
1321 1713 1367 1749 de
1397 1713 1521 1762 scrip-

197 1771 295 1807 turis
327 1783 399 1807 non
433 1771 545 1807 habet
577 1772 863 1818 auctoritatem,
895 1771 1029 1807 eadem
1054 1771 1255 1819 facilitate
1286 1771 1520 1820 contempni—

196 1835 260 1863 tur
290 1841 364 1878 qua
391 1829 598 1878 probatur.

254 1887 333 1922 Alii
374 1887 486 1923 istum
532 1887 664 1923 volunt
710 1899 791 1923 esse
834 1886 1067 1923 Zachariam
1113 1886 1178 1935 qui
1213 1886 1361 1923 occisus
1404 1894 1460 1923 est
1497 1900 1517 1922 a

196 1944 283 1980 Ioas
328 1957 424 1995 rege
461 1945 557 1981 Iude
599 1945 699 1981 inter
743 1945 926 1994 templum
965 1952 1000 1980 et
1044 1944 1183 1991 altare,
1222 1945 1320 1981 sicut
1364 1946 1517 1995 Regum

141 2003 181 2035 30
197 2010 336 2038 narrat
368 2003 541 2039 historia.
576 2004 654 2039 Sed
685 2003 969 2039 observandum
993 2003 1095 2052 quod
1121 2002 1186 2038 ille
1207 2003 1423 2039 Zacharias
1445 2015 1517 2038 non

196 2060 244 2095 sit
271 2060 384 2110 filius
420 2061 615 2097 Barachie
652 2062 721 2097 sed
745 2061 860 2110 filius
896 2061 1029 2097 Ioiade
1063 2061 1290 2098 sacerdotis.
1339 2061 1447 2097 Unde
1484 2068 1519 2096 et

196 2118 391 2167 scriptura
431 2119 578 2167 refert:
620 2119 708 2155 Non
738 2119 824 2167 fuit
873 2119 1104 2155 recordatus
1141 2119 1229 2154 Ioas
1270 2119 1397 2167 patris
1440 2119 1518 2154 eius

198 2176 328 2212 Ioiade
366 2177 467 2225 quod
497 2177 570 2213 sibi
597 2177 762 2225 fecisset
793 2178 904 2213 bona.
951 2177 1046 2213 Cum
1079 2188 1176 2226 ergo
1215 2183 1250 2212 et
1281 2176 1515 2212 Zachariam

197 2240 392 2270 teneamus
435 2242 469 2271 et
511 2235 712 2271 occisionis
749 2235 965 2271 consenciat
1004 2235 1123 2281 locus,
1163 2234 1360 2282 querimus
1398 2246 1517 2282 quare

141 2290 180 2324 35
196 2292 392 2328 Barachie
423 2293 577 2328 dicatur
596 2293 709 2342 filius
741 2300 776 2328 et
810 2306 882 2330 non
915 2293 1056 2329 Ioiade.
1091 2292 1289 2328 Barachia
1322 2292 1358 2328 in
1382 2293 1516 2342 lingua

196 2357 329 2386 nostra
381 2351 598 2387 benedictus
641 2351 804 2386 Domini
854 2351 996 2386 dicitur
1038 2357 1074 2386 et
1123 2350 1339 2386 sacerdotis
1385 2350 1518 2386 Ioiade

196 2408 344 2444 iusticia
378 2408 531 2444 Hebreo
568 2420 746 2445 sermone
784 2409 1087 2446 demonstratur.
1128 2408 1170 2443 In
1203 2408 1406 2458 evangelio
1444 2420 1515 2456 quo

197 2473 357 2501 utuntur
388 2466 590 2518 Nazareni
614 2479 692 2515 pro
718 2467 809 2516 filio
841 2466 1036 2502 Barachie
1063 2465 1196 2516 filium
1229 2466 1361 2502 Ioiade
1391 2466 1515 2515 scrip-

199 2531 277 2559 tum
317 2524 544 2573 reperimus.
585 2524 850 2573 Simpliciores
877 2525 1037 2572 fratres
1070 2524 1170 2559 inter
1214 2523 1346 2560 ruinas
1384 2524 1518 2573 templi

141 611 154 628 b

70 623 136 653 412

267 2682 295 2702 o.
319 2674 439 2703 Codd.:
469 2675 744 2711 transmigrarent.
836 2684 868 2703 11.
896 2675 1070 2710 Azfrater
1088 2675 1163 2703 eius.
1278 2683 1319 2707 14.
1340 2677 1516 2703 narrantur

198 2710 349 2737 universa.
430 2710 466 2738 15.
489 2712 532 2737 A:
554 2713 666 2737 multos
686 2711 779 2737 deest.
900 2709 942 2737 23.
964 2710 1003 2737 B:
1020 2711 1136 2745 patris.
1216 2709 1325 2737 31-33.
1346 2712 1390 2738 A:
1411 2719 1515 2738 sacer-

199 2745 448 2772 dotis—Ioiade
468 2744 561 2772 deest.
636 2744 676 2773 35.
698 2746 742 2772 A:
765 2746 796 2772 in
818 2745 913 2772 deest.

273 2839 302 2860 2.
329 2830 351 2860 I.
380 2829 457 2860 Cor.
485 2830 556 2861 VII.
670 2830 719 2863 13.
748 2829 834 2861 Gen.
862 2830 917 2861 IV.
1028 2830 1081 2861 31.
1110 2829 1149 2860 11.
1177 2829 1287 2860 Paral.
1315 2830 1431 2870 XXIV,
1460 2839 1512 2862 22.

1759 221 1808 255 77

1636 836 1720 864 Who

1550 879 1615 898 was
1636 871 1802 899 Zacharias

1583 906 1632 933 the
1654 915 1709 933 son
1730 907 1765 933 of

1583 941 1768 969 Barachion.
