1986 3289
191 208 349 262 CA1>.v.]
574 222 634 253 DE
662 221 975 253 ANTICHRISTO
1003 221 1086 252 ΜΒ.
1114 222 1135 251 1.

191 325 342 375 populi.
375 326 453 374 Ipsi
486 326 590 362 enim
625 339 669 362 ex
700 336 867 374 peccato
890 327 957 363 illo
981 326 1129 375 duplici
1153 328 1349 362 seducunt
1372 339 1498 374 popu-

190 385 286 429 lum,
334 392 370 419 et
418 397 507 420 cum
553 383 631 420 sint
675 385 862 421 doctores
904 393 942 421 et
980 385 1225 432 regulatores
1258 383 1396 432 populi
1428 396 1498 431 per

1741 226 1785 260 19

1561 334 1660 361 Grccd
1682 335 1741 361 and

1542 369 1702 408 vainglory
1722 369 1756 396 of

1531 408 1643 438 prlests
1663 412 1770 430 causes

190 441 293 479 viam
328 454 398 489 per
429 454 549 490 quam
583 442 802 488 ambulant,
836 451 946 490 patet
978 441 1197 479 conclusio.
1246 443 1293 478 Et
1336 442 1408 478 hec
1440 450 1498 478 est
1519 439 1556 466 ³¹¹
1576 437 1782 477 the—people’s

192 512 313 536 causa
357 512 480 547 quare
524 499 705 536 Christus
749 501 929 536 sanando
974 512 1118 548 corpus
1151 512 1220 535 sue
1253 499 1416 536 ecclesie
1449 501 1498 536 ab

158 558 265 594 5hac
297 557 485 594 interiore
517 565 642 605 parte,
687 557 838 594 scilicet
877 557 1164 604 sacerdotibus,
1209 557 1429 603 inchoavit3
1468 557 1499 593 si

191 624 325 652 autem
359 616 585 652 sacerdotes
617 614 657 651 in
690 615 897 663 presencia
929 624 1011 652 tarn
1035 615 1208 663 potentis
1232 614 1376 651 medici
1400 616 1500 657 adeo

191 672 442 718 resistebant,
495 672 592 721 quid
641 672 786 708 mirum
831 673 863 709 si
907 675 1135 710 sacerdotes
1178 685 1284 709 nunc
1330 673 1499 708 multum

191 730 382 767 distantes
415 732 463 767 ab
496 732 570 767 hac
603 730 786 767 doctrina
809 730 924 767 huius
949 730 1095 768 medici
1119 731 1289 766 multum
1312 730 1502 767 resistunt

191 788 341 825 salubri
386 788 566 825 doctrine
609 788 754 825 medici
789 788 1052 834 medicorum,
1100 801 1190 825 cum
1238 797 1390 824 certum
1444 796 1502 824 est

137 858 176 879 10
191 847 299 895 quod
332 859 470 883 omnes
503 845 677 894 apostoli
708 847 769 882 vel
800 846 943 894 prelati
976 846 1099 883 nichil
1136 847 1316 882 fecerunt
1348 857 1370 882 a
1402 854 1501 882 tem-

191 916 287 953 pore
320 903 565 941 ascensionis
598 903 760 940 Domini
793 903 833 940 in
863 903 979 941 istam
1005 913 1155 941 sectam
1179 904 1391 949 letiferam,
1425 903 1501 940 nisi

190 962 232 998 in
263 961 407 999 virtute
440 961 603 998 Domini
636 961 746 1009 prius
778 961 907 1009 passi?
940 965 989 998 Et
1021 964 1093 999 hec
1125 962 1234 998 racio
1267 974 1391 1010 quare
1414 961 1501 1010 qui—

193 1021 284 1056 dam
318 1019 453 1057 fideles
487 1019 543 1056 ita
576 1028 692 1056 acute
724 1019 918 1056 invehunt
950 1029 1089 1057 contra
1120 1019 1347 1068 nequiciam
1372 1031 1501 1056 sacer-

193 1078 332 1114 dotum
376 1086 420 1114 ut
463 1079 570 1114 Deus
615 1089 659 1113 ex
702 1090 774 1113 sua
817 1077 952 1125 gracia
996 1077 1091 1114 velit
1136 1078 1346 1114 moderare
1385 1090 1499 1114 suam

138 1137 175 1172 15
191 1134 419 1183 nequiciam
459 1144 496 1172 et
533 1135 728 1183 populum
768 1136 911 1172 docere
950 1135 1174 1172 doctrinam
1208 1134 1372 1172 Domini
1412 1134 1500 1171 imi-

191 1193 279 1229 tari.

249 1251 435 1287 Secundo
466 1250 623 1286 videtur
655 1251 760 1287 hunc
792 1259 976 1287 sanctum
1010 1249 1216 1287 intendere
1240 1252 1347 1299 quod
1371 1263 1500 1287 sacer-

191 1310 303 1345 dotes
335 1308 534 1345 sciverant
566 1320 609 1344 ex
642 1308 719 1344 fide
751 1308 948 1356 scripture
986 1308 1221 1355 prophetice
1254 1310 1363 1357 quod
1387 1307 1500 1345 Chri-

191 1375 273 1403 stus
306 1365 356 1403 sit
378 1378 493 1403 verus
516 1368 622 1402 Deus
656 1375 693 1402 et
718 1378 832 1403 verus
856 1367 996 1411 homo3
1031 1367 1139 1414 quod
1161 1366 1317 1403 videtur
1338 1365 1524 1414 quibus-t

135 1436 177 1458 20
192 1425 284 1461 dam
318 1423 491 1473 difficile,
526 1436 615 1460 cum
639 1423 712 1460 iste
744 1424 936 1460 articulus
959 1423 1051 1460 fidei
1083 1423 1132 1460 sit
1164 1424 1278 1460 valde
1311 1424 1498 1469 difficilis,

193 1492 231 1519 et
259 1481 373 1518 Judei
416 1494 542 1530 usque
586 1481 704 1518 hodie
748 1481 854 1518 istud
885 1490 1046 1529 negant,
1087 1490 1124 1517 et
1155 1482 1371 1530 Apostolus
1404 1481 1500 1518 dicit

193 1542 220 1577 Ι.
254 1542 366 1578 Corr.
402 1542 447 1586 II,
480 1540 523 1577 8:
557 1540 600 1575 Si
620 1540 901 1590 cognovissent,
925 1552 1116 1589 nunquam
1141 1540 1348 1576 Dominum
1371 1540 1501 1590 glorie

193 1598 489 1648 crucifixissent.
536 1597 646 1634 Licet
678 1607 810 1634 autem
845 1597 1011 1646 quidam
1046 1596 1269 1645 intelligant
1312 1597 1418 1634 istud
1451 1598 1499 1633 de

192 1655 373 1703 gentibus
412 1667 488 1703 que
519 1664 684 1704 propter
716 1664 927 1703 peccatum
967 1654 1166 1703 cupidinis
1199 1655 1319 1692 istum
1353 1654 1499 1692 articu-

135 1713 275 1750 25lum
310 1713 402 1749 fidei
435 1713 686 1761 ignorarunt,
720 1722 857 1750 tamen
889 1713 1044 1750 videtur
1077 1714 1185 1761 quod
1217 1713 1319 1750 sicut
1351 1713 1499 1761 cupido

191 1772 280 1808 illos
324 1770 486 1816 cecavit,
520 1770 575 1807 sic
607 1784 709 1808 vana
742 1771 868 1819 gloria
901 1779 938 1807 et
970 1770 1118 1807 invidia
1158 1772 1205 1807 de
1237 1771 1498 1819 correpcione

193 1829 339 1866 Christi
387 1841 542 1865 cecasse
575 1829 706 1877 potuit
738 1828 947 1877 pontifices
979 1830 1217 1876 Judeorum;
1262 1830 1367 1866 unde
1399 1829 1497 1865 veri-

192 1887 320 1923 simile
355 1895 412 1923 est
444 1888 553 1934 quod
584 1887 641 1923 illi
672 1886 883 1935 pontifices
928 1887 968 1922 in
999 1886 1234 1934 particulari
1266 1899 1348 1923 non
1381 1899 1499 1923 nove—

193 1954 283 1981 rant
315 1943 476 1980 Domini
508 1944 731 1991 veritatem,
764 1944 858 1993 quia
891 1944 1077 1993 superbia
1110 1956 1249 1981 eorum
1283 1953 1320 1980 et
1351 1944 1500 1981 invidia

136 2008 178 2040 30
193 2004 243 2040 ad
274 2011 431 2040 tantum
477 2001 584 2050 ipsos
628 2010 895 2048 excecaverat,
944 2004 1050 2050 quod
1082 2015 1163 2039 non
1196 2011 1383 2050 poterant
1413 2002 1500 2038 uni-

192 2061 385 2098 versalem
430 2060 624 2097 noticiam
670 2073 789 2109 quam
836 2061 1038 2097 habebant
1086 2061 1134 2097 de
1166 2059 1375 2108 principiis
1408 2060 1501 2096 fidei

193 2120 243 2155 ad
276 2117 479 2155 Christum
511 2118 727 2155 scientifice
774 2127 811 2154 et
848 2118 1144 2166 particulariter
1190 2118 1404 2166 applicare.
1453 2120 1502 2154 Et

193 2175 283 2213 talis
316 2175 460 2212 cecitas
493 2184 550 2212 est
581 2176 622 2212 in
654 2176 801 2212 nostris
824 2175 1081 2223 pontificibus
1105 2184 1142 2212 et
1164 2175 1372 2224 phariseis,
1406 2175 1501 2224 quia

194 2234 235 2270 in
266 2242 421 2270 tantum
457 2242 666 2270 creverunt
710 2234 773 2270 isti
823 2233 987 2270 heretici
1019 2234 1060 2270 in
1094 2233 1267 2270 avaricia
1299 2243 1500 2282 tempora-

138 2295 177 2328 35
194 2292 292 2328 lium
325 2292 432 2340 quod
464 2304 544 2328 non
577 2293 760 2328 obstante
792 2299 877 2328 tota
916 2291 1100 2328 doctrina
1146 2291 1293 2328 Christi
1337 2291 1378 2328 in
1420 2291 1497 2328 vita

196 2358 233 2386 et
264 2350 350 2397 lege
382 2350 522 2385 nolunt
555 2351 776 2386 concedere
818 2349 914 2397 quin
949 2349 1003 2385 eis
1035 2349 1084 2385 sit
1122 2349 1276 2385 licitum
1311 2357 1349 2385 et
1381 2348 1499 2384 meri-

194 2406 343 2443 torium
389 2407 444 2443 sic
487 2406 719 2443 seculariter
763 2407 986 2455 temporale
1019 2406 1242 2443 dominium
1282 2406 1499 2454 possidere.

195 2467 278 2501 Nec
320 2474 450 2513 potest
491 2464 568 2501 ista
599 2464 747 2501 heresis
780 2464 963 2502 evacuari
996 2466 1045 2501 ab
1085 2464 1170 2500 istis
1202 2464 1378 2512 perfidis,
1423 2464 1501 2500 nisi

196 2524 301 2559 Deus
335 2535 378 2559 ex
411 2535 556 2571 magna
587 2522 721 2571 gracia
754 2535 824 2559 sua
856 2522 1069 2559 immiserit
1091 2522 1168 2558 illis
1191 2522 1378 2558 timorem
1401 2530 1501 2558 tem-

136 2599 182 2631 40
196 2580 346 2628 poralis
379 2580 532 2617 brachii
565 2581 626 2618 vel
657 2580 967 2629 inspiracionem
1001 2580 1120 2617 aliam
1153 2580 1383 2628 specialem.

266 2809 305 2835 17.
335 2802 363 2828 A
391 2801 421 2828 in
456 2809 571 2835 marg:
605 2808 632 2828 2.
740 2809 783 2828 22.
819 2802 862 2828 A:
896 2800 988 2832 Cor.,·
1025 2800 1164 2836 sequitur
1195 2801 1318 2834 lacuna;
1349 2800 1378 2827 Il
1408 2800 1500 2827 deest.

199 2842 244 2870 29.
267 2836 305 2863 B:
328 2835 455 2863 Domini
472 2835 628 2863 deitatem.
726 2835 771 2869 34.
793 2836 833 2863 B:
853 2834 894 2862 ad
912 2838 1040 2863 mulum.

1315 2884 1363 2913 23.-

1617 481 1674 500 Sln.

1577 1256 1730 1291 Question

1547 1291 1685 1318 whether
1705 1291 1756 1317 the

1544 1326 1655 1361 priests
1676 1326 1764 1352 knew

1528 1362 1579 1388 hat
1599 1360 1706 1388 Christ
1725 1368 1789 1387 was

1527 1395 1597 1423 God
1618 1395 1677 1422 and
1698 1403 1779 1422 man.

1553 1777 1582 1805 [f
1599 1782 1663 1811 not,
1684 1777 1754 1812 they

1536 1820 1615 1839 were
1635 1811 1758 1839 blinded

1541 1847 1579 1883 by
1600 1847 1678 1874 their
1698 1847 1757 1874 sin.

1557 2171 1598 2198 So
1619 2178 1669 2197 are
1689 2178 1746 2197 our

1551 2205 1663 2240 priests
1684 2205 1754 2231 who

1530 2240 1679 2267 maintain
1699 2239 1779 2266 their

1591 2275 1671 2310 right
1691 2279 1721 2301 10

1582 2309 1733 2344 lordship.
