1986 3289
211 205 299 233 CAP.
320 201 416 246 XIX.]
587 209 645 240 DE
673 209 989 241 ANTICHRISTO
1019 210 1101 242 LIB.
1129 211 1151 242 Ι.

210 314 451 351 suadebant?
483 315 564 350 Nec
597 315 693 350 enim
735 322 790 350 est
811 315 918 364 fides
941 328 1011 364 que
1044 329 1095 352 ex
1117 318 1339 354 necessitate
1371 318 1522 354 timoris

204 372 384 422 procedit
414 380 480 408 aut
512 372 705 408 desiderio
737 373 907 409 muneris
939 374 1101 410 alicuius
1132 376 1289 411 terreni.
1325 376 1402 412 Sed
1432 376 1524 412 bene

211 430 388 466 docentes
422 437 458 465 et
499 430 635 466 melius
667 431 847 477 viventes,
900 438 939 466 ut
977 439 1011 467 et
1053 432 1179 468 verbis
1211 440 1245 468 et
1269 434 1405 482 factis,
1450 446 1522 470 non

211 488 334 524 minas
360 488 629 537 proponebant
672 488 850 524 carnales
892 490 962 525 sed
991 490 1178 538 futurum
1218 489 1297 527 Dei
1338 491 1520 527 iudicium

178 546 462 594 5exponebant.
532 546 619 582 Non
670 546 881 582 mundialia
933 548 1030 583 bona
1085 548 1154 584 sed
1198 560 1322 598 regna
1366 549 1520 585 celestia

210 603 422 640 hominibus
447 604 728 653 proponebant.
769 604 812 639 Si
849 605 916 641 hec
937 606 1096 653 faciunt
1128 606 1299 653 heretici,
1331 618 1421 642 vere
1441 607 1523 656 filii

208 668 296 696 sunt
341 663 639 711 prophetarum,
691 662 956 710 apostolorum
1002 671 1037 699 et
1069 670 1309 714 martyrum,
1361 665 1426 713 qui
1468 665 1519 700 ita

209 720 417 767 fecerunt;
446 720 480 755 si
509 726 635 755 autem
660 719 757 755 alios
784 729 1084 770 persequuntur,
1117 722 1217 757 alios
1239 728 1401 769 terrent,
1433 722 1520 759 aliis

203 777 447 825 promittunt,
484 777 651 813 aliorum
691 777 788 812 bona
827 777 1025 827 diripiunt,
1078 779 1164 815 aliis
1195 787 1321 816 autem
1362 781 1518 825 donant,

156 835 287 870 10sine
319 835 431 871 dubio
483 835 557 884 ipsi
613 835 660 870 de
695 847 736 871 se
766 835 1021 872 testimonium
1068 837 1160 872 dant
1203 838 1305 885 quod
1329 838 1412 887 filii
1448 850 1520 873 non

207 900 296 929 sunt
322 893 620 942 prophetarum,
653 893 920 942 apostolorum
953 901 989 930 et
1020 902 1261 945 martyrum.

266 951 320 987 Et
342 963 408 987 vos
431 951 586 1000 implete
607 963 828 987 mensuram
847 959 1006 1000 patrum
1039 959 1271 990 vestrorum.
1307 954 1519 1002 Proplzetat

209 1008 286 1045 illis
319 1017 534 1055 venturum,
580 1015 620 1044 ut
663 1010 986 1057 quemadmodum
1032 1017 1172 1059 patres
1222 1023 1354 1047 eorum
1401 1011 1518 1047 inter-

201 1066 388 1114 fecerunt
414 1067 642 1116 prophetas,
695 1066 750 1102 sic
782 1074 816 1102 et
854 1067 928 1116 ipsi
957 1067 1219 1118 interficerent
1254 1067 1451 1105 Christum
1485 1077 1517 1105 et

89 1130 171 1167 411c
210 1124 407 1173 apostolos
450 1132 485 1160 et
513 1121 518 1176 Ι
546 1131 695 1160 ceteros
725 1132 890 1161 sanctos.
944 1125 1031 1161 Non
1072 1126 1171 1162 iubet
1209 1138 1272 1162 eos
1304 1127 1520 1175 ut-faciant

209 1183 312 1230 quod
353 1182 512 1231 facturi
549 1194 621 1218 non
661 1189 771 1218 erant
815 1182 890 1218 nisi
919 1183 1111 1229 iussisset;
1160 1185 1229 1220 sed
1272 1184 1437 1220 ostendit
1469 1185 1520 1220 eis

209 1240 295 1288 quia
341 1240 483 1277 sciehat
514 1240 616 1288 quod
647 1247 770 1290 essent
791 1240 961 1289 facturi,
1007 1248 1046 1276 ut
1073 1249 1184 1290 puta,
1218 1242 1253 1277 si
1282 1249 1417 1278 contra
1450 1242 1521 1278 ali-

209 1310 317 1346 quem
363 1298 491 1348 litiges
534 1298 807 1334 adversarium
853 1298 918 1346 qui
965 1299 1112 1348 aliquid
1148 1300 1295 1350 cogitat
1332 1301 1521 1336 adversus

209 1362 256 1402 te,
291 1356 385 1392 dicis
417 1356 494 1391 illi:
522 1356 598 1404 fac
629 1355 724 1391 mihi
754 1357 855 1404 quod
871 1368 910 1392 es
930 1357 1133 1404 facturus,
1171 1369 1244 1393 non
1276 1357 1381 1394 iubes
1411 1358 1519 1394 illum

153 1424 194 1445 20
210 1421 250 1449 ut
271 1414 402 1462 saciat
433 1414 501 1449 sed
533 1413 702 1449 ostendis
740 1421 775 1450 te
812 1414 1033 1464 intelligere
1063 1416 1167 1463 quod
1198 1415 1344 1465 cogitat
1363 1416 1518 1463 facere.

211 1471 274 1508 Sic
306 1479 341 1507 et
362 1471 554 1507 Dominus
575 1472 627 1506 ad
647 1471 788 1507 Judam
813 1472 984 1508 dicebat:
1022 1473 1137 1516 Quod
1159 1473 1270 1521 facis
1292 1474 1368 1521 fac
1390 1474 1520 1520 cicius,

210 1537 245 1565 et
294 1541 408 1579 quam
453 1530 544 1565 bene
585 1529 706 1565 dixit:
757 1530 937 1579 [inplete.-
994 1537 1029 1566 et
1080 1543 1174 1567 non:
1221 1531 1516 1580 Superinzplete.

217 1587 410 1631 Quantum
427 1587 523 1623 enim
548 1588 600 1622 ad
614 1587 827 1634 veritatem,
851 1595 1102 1624 excesserunt
1117 1600 1339 1625 mensuram
1357 1596 1518 1638 patrum

208 1657 380 1681 suorum.
427 1645 493 1680 Illi
522 1645 620 1681 enim
653 1645 825 1681 homines
857 1645 1093 1692 occiderunt,
1134 1646 1198 1682 isti
1227 1647 1354 1683 Deum
1394 1647 1519 1683 cruci-

153 1704 191 1736 25
217 1703 405 1750 fixerunt,
437 1703 496 1738 illi
521 1702 731 1750 ministros,
763 1703 828 1739 isti
847 1715 994 1753 regem.
1029 1703 1106 1740 Sed
1128 1704 1213 1752 quia
1236 1705 1431 1741 voluntate
1451 1717 1519 1740 sua

210 1760 401 1797 descendit
433 1761 469 1796 in
508 1767 686 1807 mortem,
720 1773 792 1797 non
821 1761 984 1810 imputat
1015 1761 1091 1798 illis
1121 1774 1188 1798 sue
1219 1762 1356 1798 mortis
1382 1774 1520 1811 pecca-

208 1825 302 1865 tum,
333 1818 431 1854 sicut
452 1825 487 1854 et
519 1818 555 1854 in
578 1830 693 1854 cruce
715 1819 870 1867 petebat
896 1831 974 1868 pro
998 1819 1070 1855 eis:
1102 1819 1221 1855 Pater
1249 1820 1400 1856 remitte
1431 1820 1520 1863 illis,

209 1876 379 1912 nesciunt
410 1876 501 1925 quid
526 1876 697 1925 faciunt.
750 1877 920 1925 Imputat
963 1884 1089 1912 autem
1134 1877 1212 1913 illis
1248 1878 1516 1927 apostolorum

209 1941 370 1970 mortem
404 1941 697 1983 ceterorumque
723 1941 947 1970 sanctorum
987 1934 1052 1983 qui
1082 1935 1251 1971 nolentes
1272 1936 1389 1972 occisi
1418 1944 1516 1972 sunt.

152 1993 192 2024 50
209 1992 297 2028 Ideo
331 1992 422 2028 dicit
453 1992 614 2041 Implete
646 1999 681 2028 et
718 2004 790 2028 non
823 1991 1118 2041 Superimplete.
1163 1993 1265 2029 Nam
1299 2000 1335 2029 et
1365 1994 1521 2044 benigni

207 2057 242 2085 et
280 2049 369 2086 iusti
398 2049 533 2085 iudicis
571 2057 626 2086 est
657 2062 748 2086 suas
792 2050 951 2085 iniurias
984 2057 1255 2099 contempnere
1285 2058 1321 2087 et
1352 2051 1518 2087 aliorum

206 2107 366 2143 iniurias
418 2107 626 2143 vindicare.
686 2107 763 2151 Qui
805 2115 931 2143 autem
974 2120 1066 2143 suas
1116 2108 1285 2144 vindicat
1346 2110 1520 2157 quamvis

207 2165 296 2201 iusti
328 2165 504 2212 vindicet,
543 2177 749 2214 numquam
782 2172 909 2200 tamen
942 2165 1061 2201 iudex
1083 2165 1203 2202 iustus
1235 2178 1316 2202 esse
1341 2174 1517 2216 putatur.

212 2223 494 2271 Consequenter
525 2223 704 2258 hereticis
736 2223 880 2258 dicitur
922 2222 1014 2258 hoc:
1044 2223 1174 2272 Ipsum
1207 2224 1359 2273 quidem
1392 2225 1517 2261 Deum

150 2280 357 2329 35patrem
402 2280 642 2330 confitentur,
684 2280 815 2330 filium
860 2280 983 2329 ipsum
1016 2281 1143 2317 Deum
1188 2294 1269 2318 esse
1309 2290 1453 2332 negant
1485 2291 1520 2319 et

208 2338 394 2387 Spiritum
418 2338 601 2374 Sanctum
624 2338 746 2387 ipsum
773 2338 895 2374 Deum
920 2350 1001 2374 esse
1023 2346 1178 2389 negant.
1208 2340 1397 2384 Quoniam
1421 2341 1518 2377 enim

208 2392 313 2432 vides
347 2396 536 2432 hereticos
580 2403 659 2431 tres
686 2407 761 2444 per
793 2396 919 2431 omnia
952 2396 1107 2444 equales
1139 2397 1317 2441 dicentes,
1350 2397 1518 2434 eiusdem

205 2453 433 2501 substancie,
465 2453 633 2490 eiusdem
665 2453 921 2497 auctoritatis,
952 2453 1035 2490 sine
1058 2454 1265 2505 principio,
1298 2467 1430 2492 omnes
1451 2457 1519 2493 hos

274 2641 300 2660 2.
322 2634 365 2660 A:
388 2632 543 2660 desiderio
564 2633 658 2659 deest.
766 2640 808 2660 10.
835 2633 879 2660 A:
900 2633 968 2660 sine
986 2633 1076 2661 dubio
1099 2634 1191 2661 deest.
1289 2633 1328 2661 13.
1348 2634 1389 2662 B:
1411 2642 1518 2663 eorum

205 2667 300 2695 deest.
391 2676 430 2702 17.
452 2668 491 2694 B:
514 2667 753 2702 erantfacturi.
856 2667 971 2699 24-25.
1004 2669 1048 2695 A:
1070 2669 1122 2695 ille
1135 2684 1168 2688 -
1181 2668 1405 2704 crucifixerunt
1423 2669 1516 2697 deest.

206 2702 407 2764 &affingi-quia
428 2702 521 2729 deest.
619 2701 716 2730 36—5.
738 2701 855 2729 Codd.:
880 2701 1034 2737 Quoniam
1062 2703 1140 2730 enim
1153 2719 1186 2722 —
1200 2703 1297 2731 Deum
1308 2702 1414 2738 filium
1435 2705 1519 2732 deest

279 2829 330 2854 21.
356 2818 434 2852 Joh.
462 2819 549 2859 XIII,
577 2829 629 2862 27.
751 2829 803 2862 27.
832 2820 947 2853 Lucae
973 2820 1089 2859 XXIII,
1118 2821 1170 2862 34.

1581 961 1638 990 Fin
1659 971 1700 998 up
1720 963 1770 989 the

1565 1005 1706 1025 measure
1725 1001 1783 1024 etc.

1591 1031 1670 1059 This
1690 1033 1716 1059 is
1736 1040 1753 1059 a

1555 1068 1719 1102 prophecy‚
1740 1071 1793 1094 not

1574 1111 1578 1127 I
1600 1102 1778 1129 command.
