1986 3289
191 211 393 264 CARIJH]
577 223 635 253 DE
664 221 1137 254 ANTnstffusT01Jss.L

190 337 226 364 et
271 328 342 364 iste
388 329 550 364 morbus
588 327 792 375 litargicus
834 337 890 364 est
929 328 1291 376 periculosissimus
1342 329 1507 365 ecclesie

190 385 391 422 militanti.

247 445 296 479 Et
339 443 428 479 ideo
461 442 663 490 signanter
708 452 974 491 exposuerunt
1017 444 1142 480 sancti
1188 444 1358 492 predicti
1399 447 1506 493 quod

190 501 370 538 Christus
403 500 466 537 hic
488 500 664 549 loquitur
697 502 744 537 de
777 501 1011 549 pestilencia
1046 501 1264 549 spirituali3
1298 514 1390 538 narn
1423 515 1506 539 cor-

155 558 337 608 5p0ralis
371 558 620 606 pestilencia,
670 571 758 595 cum
804 559 1027 607 periculum
1074 560 1153 596 tale
1195 572 1273 596 non
1308 560 1452 608 ingerit
1485 574 1507 597 a

188 616 375 663 Domino,
422 616 625 653 modicum
667 625 725 653 est
758 626 907 653 curata.
961 617 1140 653 Timeret
1173 629 1267 665 ergo
1301 617 1363 655 hic
1395 618 1507 655 Anti-

187 674 369 721 christus,
404 674 435 710 si
468 687 548 711 non
580 675 681 711 foret
713 674 882 722 perfidia
916 674 1115 711 diabolica
1148 674 1371 721 induratus,
1416 689 1505 712 curn

187 732 370 769 Christus
402 734 509 768 Deus
542 740 680 769 noster
717 734 826 780 apud
868 745 985 781 quem
1020 745 1103 769 non
1136 742 1267 781 potest
1301 746 1384 770 esse
1417 746 1506 782 per-

186 803 376 827 sonarum
416 790 617 839 accepcio,
663 791 771 838 quod
819 803 899 827 non
952 790 1092 827 odiens
1144 792 1217 827 hec
1269 800 1421 839 septem
1469 801 1506 828 et

133 864 170 885 ιο
186 848 388 885 Christum
422 848 664 896 prediligens
695 861 777 884 non
822 856 953 896 potest
986 861 1069 885 esse
1104 848 1251 885 Christi
1285 849 1504 897 discipulus

185 918 276 942 cum
308 905 385 942 illis
419 905 582 954 paribus
621 918 695 942 nec
728 906 894 952 salvari;
947 915 984 942 et
1019 907 1144 943 multo
1178 906 1403 944 evidencius
1437 907 1505 956 qui

186 964 273 1011 plus
298 963 428 1012 diligit
451 965 622 1000 honores
644 964 705 1000 vel
727 964 877 1000 famam
903 963 1026 1000 seculi
1059 973 1127 1001 aut
1151 964 1290 1000 mundi
1324 964 1502 1010 divicias,

186 1021 289 1057 sicut
320 1021 471 1058 faciunt
495 1034 610 1069 pape,
644 1021 807 1058 indubie
831 1034 911 1058 non
934 1031 1065 1070 potest
1099 1035 1181 1059 esse
1207 1021 1354 1059 Christi
1387 1022 1506 1060 disci-

184 1079 301 1126 pulus
347 1091 436 1115 cum
471 1079 546 1115 illis
592 1079 756 1127 paribus
801 1080 862 1116 vel
906 1080 1062 1116 salvari.
1125 1082 1174 1116 Et
1217 1080 1273 1116 sic
1319 1080 1351 1116 si
1405 1082 1503 1118 bene

130 1147 167 1180 15
185 1136 442 1182 discuciatur,
478 1137 575 1173 tales
609 1137 752 1185 prelati
777 1137 919 1174 cesarii
952 1147 1179 1186 repugnant
1202 1137 1364 1174 cuilibet
1397 1138 1500 1186 parti

184 1194 378 1242 evangelii
412 1203 448 1231 et
473 1203 564 1231 sunt
587 1195 702 1243 plene
726 1195 917 1232 contrarii
950 1195 1028 1232 vite
1054 1195 1206 1232 domini
1229 1197 1319 1232 Jesu
1338 1196 1500 1233 Christi.

688 1342 827 1383 CAP.
861 1342 986 1383 LIII.

241 1436 431 1485 Sequitur
463 1437 501 1472 in
535 1446 642 1473 textu
672 1437 858 1474 Matthei:
900 1438 1004 1474 Tunc
1036 1438 1071 1474 si
1091 1439 1173 1487 quis
1206 1439 1311 1475 vobis
1335 1439 1499 1476 dixerit:

180 1495 283 1531 Ecce
305 1495 364 1531 hic
386 1502 442 1531 est
461 1495 660 1539 Christus;
681 1496 796 1531 nolite
814 1496 986 1534 credere.
1012 1496 1185 1546 Sui-gent
1206 1497 1303 1532 enim
1332 1499 1498 1546 pseudo-

123 1574 165 1594 20
180 1553 317 1588 christi
359 1559 394 1588 et
446 1553 786 1602 pseudoprophete
829 1560 865 1589 et
921 1554 1064 1589 dabunt
1106 1554 1219 1605 signa
1276 1567 1419 1605 magna
1465 1563 1499 1592 et

176 1610 377 1660 prodigia,
410 1611 461 1646 ita
486 1618 524 1646 ut
546 1611 581 1646 in
615 1623 790 1646 errorem
821 1611 1053 1647 inducantur
1073 1612 1214 1661 sifieri
1229 1620 1357 1661 potest
1379 1613 1497 1650 eciam

180 1668 300 1705 electi.
333 1668 436 1704 Ecce
461 1669 626 1718 predixi
657 1669 775 1708 vobis.
809 1669 852 1704 Si
883 1681 980 1720 ergo
1013 1669 1185 1705 dixerint
1217 1671 1344 1707 vobis:
1397 1671 1499 1708 Ecce

181 1726 217 1761 in
251 1727 401 1762 deserto
434 1734 500 1773 est,
546 1726 664 1762 nolite
695 1727 826 1771 exire;
871 1739 956 1763 ecce
987 1727 1023 1763 in
1050 1728 1328 1776 penetralibus,
1381 1729 1498 1765 nolite

179 1784 352 1823 credere.
387 1785 515 1831 Super
548 1797 626 1832 quo
649 1786 903 1832 Jeronyrnus:
939 1785 1058 1821 Multi
1087 1786 1322 1834 captivitatis
1337 1786 1497 1824 Judaice

123 1848 161 1879 25
178 1848 351 1891 tempore
377 1842 575 1891 principes
607 1842 772 1878 extitere
802 1843 868 1891 qui
896 1855 936 1879 se
964 1843 1163 1879 Christum
1197 1856 1278 1880 esse
1311 1844 1494 1892 dicerent,

177 1899 228 1934 ita
262 1906 300 1935 ut
344 1899 602 1935 obsidentibus
635 1900 821 1936 Romanis
852 1908 932 1936 tres
976 1901 1076 1937 intus
1097 1902 1254 1949 suerint
1275 1902 1492 1950 facciones.

179 1957 255 1992 Sed
287 1957 422 1993 melius
454 1958 499 1993 de
531 1958 820 1994 consumacione
866 1959 1001 1994 mundi
1030 1959 1274 2010 intelligitur.
1321 1960 1494 2010 Surgent

1721 228 1794 264 103

1539 453 1643 480 Christ
1664 455 1774 488 speaks

1562 489 1596 514 of
1613 489 1751 524 spiritual

1569 524 1743 558 pestilence.

1525 1966 1592 1994 The
1613 1969 1770 2005 prophecy

1562 2002 1626 2029 that
1646 2004 1721 2030 false

178 2015 274 2050 enini
304 2015 592 2064 pseudochristi
621 2022 688 2051 etc.
733 2016 951 2064 Tripliciter
982 2018 1040 2064 (ut
1070 2024 1158 2053 ante
1190 2018 1266 2053 iam
1301 2017 1492 2069 diximus)
1510 2037 1659 2071 prophets
1680 2040 1782 2066 would

178 2072 282 2108 locus
315 2073 375 2108 hic
408 2073 656 2109 disserendus
689 2081 756 2120 est,
789 2082 854 2108 aut
888 2075 933 2109 de
965 2082 1141 2124 tempore
1173 2075 1382 2111 obsidionis
1415 2077 1491 2112 Ro-

121 2138 161 2169 30
178 2142 288 2165 mane
320 2137 385 2165 aut
418 2131 464 2166 de
507 2131 838 2167 consummacione
869 2132 1005 2167 mundi
1046 2140 1112 2167 aut
1145 2133 1191 2168 de
1234 2133 1490 2170 hereticorum

177 2195 310 2223 contra
340 2187 538 2224 ecclesiam
567 2201 704 2239 pugna
738 2197 772 2224 et
803 2189 1021 2225 istiusmodi
1049 2190 1298 2227 Antichristis
1330 2192 1394 2239 qui
1423 2193 1491 2228 sub

177 2245 352 2293 opinione
374 2245 485 2293 false
515 2246 674 2281 sciencie
706 2253 840 2282 contra
870 2247 1067 2283 Christum
1093 2248 1285 2284 dimicant.
1322 2249 1364 2284 Si
1394 2249 1491 2300 erg'o

177 2302 349 2338 dixerint
382 2304 507 2339 vobis:
549 2304 652 2340 Ecce
698 2304 733 2339 in
767 2305 918 2340 deserto
952 2312 1021 2341 etc.
1076 2305 1120 2340 Si
1149 2306 1233 2354 quis
1261 2307 1491 2355 promiserit

177 2360 282 2396 vobis
305 2361 406 2409 quod
428 2361 463 2396 in
498 2362 650 2397 deserto
670 2362 871 2412 gentilium
905 2370 940 2398 et
957 2363 1281 2412 philosophorum
1306 2364 1490 2414 dogmate

120 2425 158 2457 35
182 2417 360 2454 Christus
393 2426 568 2454 moretur
590 2426 655 2454 aut
687 2419 722 2455 in
747 2420 1003 2455 hereticorum
1032 2422 1297 2469 penetralibus
1329 2423 1393 2470 qui
1414 2423 1491 2458 Dei

132 2500 135 2501 ν
171 2475 408 2524 pollicentur
440 2488 600 2522 arcana,
633 2477 748 2513 nolite
780 2477 902 2524 exire,
936 2478 1053 2514 nolite
1084 2480 1257 2526 credere,
1289 2479 1369 2515 sive
1400 2480 1487 2528 quia

242 2631 322 2665 7—8.
344 2631 384 2659 B:
406 2633 490 2667 quod
510 2632 653 2660 Christus
673 2633 763 2661 Deus.
784 2633 887 2661 Recte:
909 2642 975 2661 cum
997 2634 1137 2662 Christus
1161 2635 1241 2662 Deus
1266 2638 1373 2674 noster
1392 2637 1482 2663 dixit.

171 2665 421 2734 Jgrfissssss'astoe
439 2669 566 2729 &Zp-2⁶33·
582 2703 625 2729 A:
648 2668 1010 2737 εὲζνὲό-Εῖ-’ἴαξζέὲιὲ
1020 2671 1118 2731 ᾏὲἑὲ.
1196 2678 1244 2703 ²⁴·
1264 2671 1292 2698 Α
1313 2678 1343 2698 ¹⁰
1365 2679 1479 2706 marg*

243 2793 273 2824 7.
302 2784 386 2816 Luc.
413 2785 501 2824 XIV,
529 2784 581 2817 26.
684 2786 732 2817 18.
752 2786 870 2818 Matth.
889 2787 1008 2827 XXIV,
1030 2787 1175 2820 23—25.
1267 2798 1320 2829 24.
1342 2789 1480 2820 Comm.

174 2829 207 2859 in
230 2829 349 2861 Matth.
377 2830 398 2861 1.
423 2840 450 2862 c.
474 2841 551 2872 pag.
579 2831 650 2874 196.

1304 2893 1340 2925 13

1560 2079 1640 2098 asise
1661 2080 1732 2108 may

1519 2106 1612 2142 apply
1632 2107 1662 2134 in
1683 2108 1766 2135 three

1519 2147 1726 2204 W³y1³=³t<¹2¹¹ffiss
1743 2144 1776 2170 ⁰f

1568 2183 1711 2238 gliei-etics.
