1986 3289
189 167 268 200 280

211 976 268 1003 We
290 976 364 1003 need
386 981 437 1003 not

257 1019 390 1038 concern

193 1048 350 1073 ourselves
371 1054 403 1073 as
423 1050 453 1073 to

295 1082 346 1108 the

203 1115 442 1142 circumstances

237 1151 271 1176 of
288 1151 337 1177 lhe
357 1151 415 1177 last

237 1184 406 1220 judgment.

257 2365 388 2393 Jcrorne.

798 174 915 205 opos
942 174 1276 205 EVANGELICUM
1308 174 1389 204 [ΑΒ.
1418 174 1468 204 111.
1516 160 1784 215 [CAR'Lxxw.

476 278 639 314 hominis
683 279 741 314 sitv
794 280 980 327 Quodque
1021 280 1218 328 sequitur:
1269 281 1418 315 Statuet
1462 292 1550 315 oves
1582 280 1730 327 quidem
1763 293 1784 315 a

476 336 650 372 dexteris
676 337 767 381 suis,
801 337 919 372 hedos
946 345 1072 373 autem
1102 350 1123 373 a
1147 338 1326 384 sinistris,
1360 337 1468 373 iuxta
1493 338 1591 372 illud
1615 337 1787 387 intellige

474 394 577 441 quod
627 394 721 429 alibi
757 395 875 444 legis:
931 395 1010 430 Cor
1052 396 1233 443 sapientis
1277 396 1312 430 in
1346 396 1487 430 dextra
1531 395 1611 430 eius
1654 402 1689 430 et
1720 407 1788 431 cor

475 451 584 486 stulti
614 451 650 486 in
682 452 839 487 sinistra
863 452 977 490 illius.
1012 453 1064 487 Et
1092 465 1212 501 supra
1245 453 1281 488 in
1305 454 1374 489 lzoc
1408 454 1539 488 eodem
1564 453 1787 503 evangelio.-

476 508 633 543 Nesciat
682 509 839 545 sinistra
884 517 948 545 tua
993 511 1085 559 quid
1118 511 1247 559 saciat
1287 511 1449 546 dextera
1484 518 1559 546 tua.
1619 510 1718 546 Oves
1750 510 1785 545 in

471 574 588 614 parte
631 566 819 603 iustorum
852 575 959 603 stare
991 568 1167 604 iubentur
1199 569 1250 603 ad
1284 569 1500 605 dexteram.
1558 568 1671 614 Hedi,
1717 569 1787 604 lzoc

475 631 541 668 est,
583 632 810 672 peccatores
862 626 914 661 ad
958 626 1169 671 sinistram,
1222 626 1286 673 qui
1327 638 1477 675 semper
1515 638 1591 674 pro
1626 633 1786 674 peccato

476 682 691 729 offerantur
723 682 758 718 in
793 683 891 733 lege.
927 684 1007 719 Nec
1040 684 1163 719 dixit:
1202 684 1352 732 Capreis
1375 696 1444 732 que
1462 691 1624 732 possunt
1647 684 1788 719 habere

476 740 587 787 setus
630 747 665 775 et
708 747 814 776 tonse
851 741 1109 791 egrediuntur
1151 742 1196 776 de
1234 742 1405 785 lavacro,
1450 753 1579 777 omnes
1610 741 1788 791 gemellis

478 797 627 844 fetibus
675 805 708 833 et
760 799 904 834 sterilis
948 799 1052 834 nulla
1099 800 1198 835 inter
1230 811 1307 845 eas,
1369 800 1437 835 sed
1477 800 1567 835 edos
1600 799 1784 835 lascivum

474 854 620 889 animal
651 862 685 890 et
712 857 906 904 petulcum
948 864 982 892 et
1008 857 1176 905 fervens
1218 869 1371 906 semper
1408 858 1459 892 cid
1498 857 1650 894 coitum.
1704 858 1787 892 Hec

476 913 727 959 jeronymus

534 969 701 1006 Videtur
724 971 844 1007 istum
869 980 1051 1007 sanetum
1088 985 1131 1008 ex
1166 980 1273 1008 textu
1298 972 1439 1008 elicere
1473 973 1581 1020 quod
1605 971 1787 1008 Christus

478 1026 540 1063 hic
591 1028 769 1076 loquitur
814 1031 861 1064 de
884 1029 1015 1074 ⁸*finali
1048 1029 1197 1066 iudicio
1243 1039 1279 1066 et
1312 1031 1420 1078 quod
1454 1030 1661 1077 paululum
1696 1038 1787 1066 ante

478 1085 704 1132 passionem
740 1086 923 1123 Christus
970 1088 1105 1124 docuit
1151 1089 1356 1135 apostolos
1401 1088 1476 1124 ista
1521 1089 1661 1133 verba3
1714 1100 1786 1124 nec

477 1143 633 1179 videtur
672 1157 907 1192 repugnare,
956 1158 1045 1181 cum
1081 1146 1262 1182 Christus
1314 1154 1429 1182 vocat
1474 1145 1537 1181 hie
1582 1158 1622 1181 se
1654 1145 1784 1193 ipsum

477 1201 603 1237 filium
637 1202 825 1249 hominis,
868 1205 975 1251 quod
1009 1203 1185 1251 loquitur
1218 1206 1265 1240 de
1297 1203 1446 1240 iudicio
1480 1202 1694 1251 corporali,
1728 1202 1785 1250 ip-

475 1272 561 1295 sum
614 1268 749 1296 tamen
800 1260 993 1297 iudicium
1044 1261 1270 1299 necessario
1325 1260 1540 1298 comitatur
1591 1260 1783 1297 iudicium

475 1316 700 1364 spirituale3
734 1330 806 1354 nec
841 1318 996 1354 videtur
1030 1319 1167 1356 efficax
1202 1319 1385 1356 fidelibus
1418 1318 1610 1355 solicitari
1634 1318 1674 1355 in
1707 1331 1785 1366 quo

476 1375 566 1411 loco
590 1374 665 1411 erit
688 1375 786 1412 illud
810 1376 1019 1419 iudicium,
1054 1390 1188 1413 versus
1213 1390 1331 1426 quam
1359 1376 1632 1413 differenciarn
1666 1376 1785 1413 facies

477 1432 631 1468 domini
675 1433 863 1483 erigetur7
908 1435 968 1470 vel
1008 1437 1212 1482 quomodo
1258 1447 1430 1483 corpora
1475 1444 1634 1471 mortua
1674 1443 1786 1470 motu

477 1499 559 1526 tam
605 1491 722 1527 celeri
757 1500 872 1528 erunt
912 1494 960 1528 ad
995 1492 1112 1529 finale
1152 1493 1344 1529 iudicium
1380 1502 1632 1540 congregata.
1680 1494 1785 1528 Deus

475 1547 580 1584 enirn
615 1548 734 1585 faciat
768 1549 874 1585 istud
908 1550 1141 1598 angelorum
1179 1550 1416 1595 ministerio,
1451 1559 1493 1586 ut
1526 1549 1713 1598 placebit.

533 1606 724 1653 Sequitur
756 1607 797 1643 in
831 1616 959 1645 textu:
1000 1609 1103 1644 Tunc
1137 1609 1236 1645 dicet
1268 1621 1342 1644 rex
1371 1609 1453 1644 istis
1485 1608 1549 1657 qui
1578 1621 1599 1643 α
1634 1608 1786 1643 dextris

473 1663 552 1699 eius
585 1672 718 1700 erunt:
766 1665 893 1701 Venite
924 1666 1110 1702 benedicti
1149 1667 1277 1715 patris
1311 1667 1394 1713 mei,
1430 1666 1624 1715 possidete
1662 1678 1784 1715 para-

474 1729 552 1757 tum
598 1722 702 1758 vobis
747 1735 911 1772 regnum
951 1737 972 1758 cz
1006 1725 1278 1760 constitucione
1312 1724 1454 1760 mundi.
1495 1724 1658 1760 Esurivi
1688 1723 1783 1759 enim

473 1787 508 1814 et
560 1779 716 1816 dedistis
762 1781 876 1816 michi
926 1782 1182 1817 manducare:
1233 1782 1336 1818 sitivi
1385 1790 1418 1817 et
1470 1781 1627 1817 dedistis
1672 1781 1787 1817 miclzi

473 1837 623 1872 hibere:
654 1838 791 1886 hospes
823 1851 929 1874 eram
964 1847 999 1875 et
1028 1840 1238 1890 collegistis
1271 1852 1350 1876 me:
1381 1840 1504 1875 nudus
1536 1847 1572 1875 et
1603 1851 1784 1888 cooperu-

473 1895 554 1930 istis
589 1907 659 1939 me,
694 1896 871 1945 infirmus
906 1904 940 1932 et
971 1897 1151 1934 visitastis
1183 1910 1260 1934 me:
1298 1898 1334 1933 in
1367 1909 1526 1934 carcere
1557 1904 1592 1933 et
1631 1897 1786 1933 venistis

473 1953 524 1987 ad
546 1965 617 1988 me.
646 1954 745 1989 Tunc
768 1955 1050 2003 respondebunt
1073 1955 1107 1990 ei
1127 1956 1216 1991 iusti
1237 1956 1422 1991 dicentes:
1445 1955 1612 1991 Domine
1632 1955 1785 2003 quando

472 2018 508 2045 te
540 2010 704 2047 vidimus
727 2012 952 2048 esurientem
978 2020 1012 2048 et
1040 2013 1219 2061 pavimus
1246 2021 1300 2049 te:
1331 2013 1523 2049 sicientem
1554 2020 1588 2048 et
1611 2012 1786 2048 dedimus

474 2068 541 2103 tibi
566 2069 733 2116 potum?
771 2070 935 2113 Quando
967 2077 1091 2106 autem
1125 2071 1288 2107 vidimus
1320 2079 1355 2107 te
1386 2071 1571 2119 hospitem
1606 2077 1640 2106 et
1671 2070 1785 2106 colle-

472 2126 603 2175 gimus
654 2127 719 2162 te?
765 2135 830 2163 aut
874 2129 1017 2164 nudum
1057 2136 1091 2164 et
1123 2129 1391 2177 cooperuimus
1423 2129 1487 2164 te?
1537 2135 1602 2163 aut
1633 2128 1784 2176 quando

475 2183 639 2220 vidimus
683 2192 717 2219 te
761 2185 956 2234 infirmum
1001 2194 1067 2221 aut
1105 2187 1140 2221 in
1173 2198 1331 2222 carcere
1363 2194 1397 2222 et
1431 2186 1600 2222 venimus
1638 2186 1689 2221 ad
1721 2186 1785 2221 te?

474 2241 525 2275 Et
558 2242 793 2290 respondens
845 2244 942 2279 dicet
985 2244 1082 2280 illis:
1126 2245 1245 2280 Amen
1291 2244 1374 2280 dico
1408 2244 1532 2280 vobis:
1590 2243 1783 2287 Quamdiu

473 2299 630 2346 fecistis
663 2300 728 2335 uni
748 2312 799 2335 ex
820 2301 892 2337 hiis
912 2303 1118 2349 fratribus
1152 2302 1244 2338 meis
1267 2302 1445 2347 minimis,
1479 2301 1595 2337 michi
1615 2301 1781 2349 fecistis.

533 2358 662 2404 Super
694 2370 772 2405 quo
805 2359 1062 2406 Jeronymus:
1111 2360 1196 2396 Hoc
1240 2360 1349 2395 iuxta
1390 2359 1668 2408 prescienciam
1710 2358 1785 2394 Dei

474 2415 736 2463 accipiendum
771 2417 876 2464 apud
906 2430 1016 2465 quem
1041 2417 1189 2465 futura
1223 2418 1297 2452 iam
1320 2418 1435 2466 facta
1467 2425 1567 2453 sunt.

545 2590 583 2609 ιο.
608 2583 645 2609 Β;
669 2592 730 2609 non
752 2586 797 2609 est
815 2584 897 2610 inter
916 2592 977 2610 eas.
1088 2593 1121 2611 11.
1150 2586 1192 2611 A:
1213 2585 1415 2619 peculentum.
1519 2583 1555 2611 13.
1580 2585 1604 2611 A
1626 2583 1654 2610 in
1680 2592 1781 2618 marg:

472 2616 641 2644 ,lohannes
733 2617 773 2645 25.
798 2618 834 2644 ss:
857 2619 926 2645 hiis.
1030 2618 1071 2653 37.
1096 2621 1122 2646 A
1145 2620 1173 2646 in
1198 2627 1284 2653 marg
1306 2627 1310 2644 :
1333 2620 1527 2653 Jeronymus.

545 2689 572 2720 3.
612 2689 743 2719 Eccles.
782 2690 822 2729 X,
863 2700 891 2721 2.
1039 2691 1066 2721 ἓ.
1104 2692 1213 2731 Supra
1246 2691 1302 2720 Vl.
1338 2692 1366 2722 3.
1507 2689 1538 2720 8.
1572 2690 1680 2721 Exod.
1714 2690 1783 2720 ΧΗ.

473 2745 503 2775 ς).
533 2735 629 2765 Cant.
661 2735 713 2767 lV.
859 2746 912 2775 24.
941 2737 1058 2770 Matth.
1085 2738 1188 2776 XXV,
1219 2737 1362 2770 33—-35.
1503 2738 1555 2777 37.
1584 2737 1721 2767 Comm.
1750 2736 1781 2765 in

474 2779 591 2810 Marrh.
621 2781 638 2810 Ι.
669 2791 684 2811 c
725 2791 800 2822 pag.
831 2792 1023 2825 ’.νων-210.

1807 812 1844 831 10

1808 1090 1842 1121 15

1803 1388 1843 1409 20

1802 1668 1841 1699 25

1802 1958 1816 1969 f,

1801 1968 1842 1990 30

1801 2245 1839 2278 35
