1986 3289
156 209 236 248 274

182 447 248 475 The
268 447 400 482 begging

246 482 337 510 friars

204 517 383 552 blaspheme

236 551 352 583 Christ,

217 1087 274 1114 and
298 1086 369 1113 visit

192 1122 322 1149 widows
343 1120 402 1148 and

201 1158 339 1191 orphans
358 1160 388 1183 to

210 1192 264 1218 rob
285 1191 380 1218 them.

743 205 861 236 OPUS
887 204 1222 236 EVANGELICUM
1251 204 1335 236 LIB.
1363 205 1418 236 ΙΙΙ.
1492 192 1598 246 [CAP-
1620 201 1753 230 LXXIII·

444 319 554 359 patet
586 312 634 347 de
667 312 807 347 ordine
841 311 1168 347 Mendicancium
1202 310 1271 359 qui
1305 310 1407 347 sicut
1439 320 1613 347 renuunt
1647 323 1757 347 men-

444 381 579 405 suram
613 377 651 405 et
682 381 897 405 numerum
923 368 1086 405 Domini
1120 369 1176 405 sic
1206 377 1242 405 et
1265 369 1435 417 pondus.
1470 369 1758 416 Blasphemant

445 427 551 463 enirn
585 426 718 475 primo
751 426 791 462 in
822 429 972 471 Jesum,
1007 426 1183 463 dicentes
1208 428 1315 475 quod
1348 426 1483 463 taliter
1516 425 1759 463 mendicavit

446 493 483 521 et
515 497 586 533 per
610 485 807 521 cautelam
842 484 955 521 istius
987 484 1212 532 blasphemi
1246 484 1446 520 mendacii
1479 483 1656 532 spoliant
1687 497 1759 532 po-

445 543 585 591 pulum
618 555 851 591 pauperem,
887 542 965 579 alia
989 543 1224 590 blasphema
1248 542 1459 579 mendacia
1493 542 1792 589 cumulando&

445 600 501 637 sic
534 602 643 649 quod
669 601 736 637 ubi
758 602 931 637 Jacobus
962 600 1075 637 dicit:
1111 600 1266 650 Religio
1290 602 1431 636 munda
1455 609 1491 636 et
1512 600 1759 636 immaculata

445 659 549 708 apud
598 659 726 694 Deum
773 665 807 695 et
847 666 1017 708 patrem,
1072 659 1142 694 lzoc
1186 666 1253 708 est7
1313 658 1472 694 visitare
1508 658 1683 707 pupillos
1726 665 1761 693 et

446 717 581 752 viduas
625 716 661 752 in
697 716 950 752 tribulacione
983 728 1115 752 eornm
1150 723 1184 752 et
1222 716 1513 752 immaculatum
1556 727 1597 752 se
1636 723 1759 751 custo-

446 775 531 809 dire
579 775 626 810 ab
671 775 742 810 hoc
777 775 919 819 seculo,
974 773 1148 822 religiosi
1193 773 1361 821 predicti
1410 774 1529 810 nimis
1580 769 1757 826 sinistre}

448 841 680 880 pervertunt
712 841 838 869 totam
875 832 991 869 istam
1026 831 1293 878 sentenciam,
1328 845 1418 868 cum
1452 832 1546 868 licet
1578 832 1760 879 quando·
1796 820 1881 865 431b

446 902 523 938 que
554 890 714 926 visitent
738 890 914 938 pupillos
949 899 985 926 et
1017 890 1171 935 viduas,
1206 903 1286 926 non
1319 899 1455 926 tamen
1478 899 1520 926 ut
1544 889 1620 926 illis
1643 891 1761 926 bene-

446 948 605 999 faciant,
650 949 719 985 sed
763 948 904 996 pocius
952 957 994 984 ut
1033 948 1206 996 spolient
1239 961 1260 985 a
1293 948 1475 984 terrenis.
1529 949 1620 984 Non
1654 947 1759 984 enim

446 1007 586 1043 volunt
619 1006 739 1042 fidem
780 1008 828 1042 de
861 1005 1079 1043 eukaristia
1112 1014 1297 1055 patenter
1339 1006 1560 1055 exprimere
1594 1007 1663 1042 sed
1696 1006 1762 1041 he-

449 1077 554 1101 reses
588 1066 872 1113 commiscere3
908 1073 945 1101 et
977 1064 1033 1101 sic
1067 1077 1149 1100 non
1180 1064 1345 1101 visitant
1378 1064 1581 1113 predictos
1615 1076 1761 1111 egenos

447 1122 487 1158 in
520 1135 591 1159 sua
624 1123 891 1160 tribulacione
925 1122 1127 1170 spirituali
1166 1131 1209 1158 ut
1242 1122 1348 1170 ipsos
1382 1123 1559 1159 relevent
1592 1123 1659 1158 sed
1693 1134 1762 1170 po·
1783 1124 1819 1156 15

449 1180 531 1217 cius
565 1189 607 1216 ut
642 1182 976 1229 depauperandos
999 1180 1107 1228 ipsos
1141 1180 1324 1228 peiorent
1349 1189 1385 1217 et
1409 1193 1480 1229 per
1513 1192 1762 1228 consequens

448 1251 530 1275 non
563 1239 796 1276 custodiunt
819 1252 858 1275 se
882 1239 990 1287 ipsos
1024 1239 1308 1275 immaculatos
1332 1240 1380 1275 ab
1414 1240 1490 1275 hoc
1523 1239 1657 1275 seculo
1689 1250 1763 1274 nec

448 1297 488 1333 in
511 1296 641 1344 patria
671 1309 744 1334 nec
765 1297 804 1334 in
828 1298 1022 1342 claustr03
1056 1297 1183 1333 immo
1217 1297 1374 1333 videtur
1408 1299 1513 1341 (cum
1547 1296 1625 1333 sint
1658 1295 1763 1333 solli-

449 1354 515 1391 citi
550 1354 656 1391 circa
685 1356 757 1392 hec
790 1355 934 1404 spolia)
970 1356 1077 1403 quod
1112 1355 1332 1391 claustrum
1365 1368 1444 1392 non
1468 1355 1573 1391 valet
1603 1354 1680 1391 nisi
1713 1354 1764 1390 ad

448 1412 667 1461 ypocrisim
708 1413 1000 1459 simulandam3
1055 1422 1092 1449 et
1145 1413 1200 1449 ita
1244 1413 1426 1449 videbitis
1472 1421 1601 1449 totum
1641 1424 1763 1460 genus
1781 1424 1822 1445 20

449 1472 704 1507 sacerdotum
737 1472 940 1508 Christum
974 1471 1115 1507 odiens
1148 1480 1186 1507 et
1218 1471 1419 1519 privatum
1454 1480 1671 1519 patronum
1707 1470 1764 1506 di-

448 1528 572 1576 ligens
617 1542 663 1565 ac
707 1529 738 1565 si
783 1538 1020 1578 patronatus
1054 1542 1160 1576 suus,
1213 1530 1350 1577 regula
1395 1538 1431 1565 et
1474 1537 1582 1565 secta
1633 1529 1765 1564 forent

449 1587 580 1623 minus
625 1589 782 1635 ydonea
827 1596 864 1624 et
908 1601 1011 1624 nova
1055 1600 1176 1636 quam
1219 1587 1444 1635 preeligunt
1484 1586 1611 1635 magis
1643 1588 1760 1622 bona.

448 1645 574 1681 Aliter
607 1645 712 1681 enim
746 1646 879 1682 forent
912 1645 951 1682 in
984 1645 1039 1682 sic
1072 1644 1256 1682 faciendo
1280 1645 1425 1682 stolide
1458 1644 1651 1681 infideles.
1686 1644 1764 1680 Sed

450 1712 615 1740 caveant
648 1712 685 1740 et
718 1703 887 1741 timeant
921 1705 969 1740 de
1008 1703 1139 1740 verbis
1179 1703 1439 1752 sequentibus
1472 1703 1512 1739 in
1546 1703 1624 1739 fine
1656 1701 1763 1738 illius
1781 1705 1821 1737 25

450 1761 653 1808 parabole,
700 1761 767 1798 ubi
802 1761 984 1799 Christus
1018 1770 1236 1810 antequam
1271 1761 1451 1799 ascendit
1482 1760 1762 1798 Jerosolimam

449 1818 504 1855 ita
538 1819 653 1856 dixit:
696 1820 967 1856 Verumtamen
1000 1820 1175 1856 inimicos
1208 1832 1312 1856 meos
1344 1820 1432 1856 illos
1464 1819 1528 1868 qui
1558 1819 1765 1855 noluerunt

450 1889 510 1913 me
543 1890 714 1928 regnare
744 1891 863 1927 super
893 1891 933 1914 se
965 1878 1145 1914 adducite
1167 1878 1239 1914 huc
1271 1885 1307 1914 et
1338 1877 1543 1927 interficite
1573 1884 1661 1913 ante
1692 1888 1762 1912 me.

450 1935 567 1971 Tales
621 1944 755 1972 autem
803 1935 905 1973 servi
950 1936 1131 1972 infideles
1165 1944 1202 1972 et
1234 1935 1338 1984 pigri
1384 1935 1478 1971 mali
1518 1943 1555 1971 et
1588 1933 1764 1983 perversi

451 2002 542 2029 sunt
588 2002 718 2030 morte
765 1995 941 2030 secunda
989 2007 1011 2030 a
1056 1994 1230 2030 Domino
1281 1992 1549 2031 interficiendi
1593 1992 1670 2028 nisi
1714 1992 1764 2028 ad
1782 1994 1823 2026 30

453 2051 601 2087 Christi
634 2051 921 2100 gratitudinem
955 2052 1033 2088 sint
1066 2051 1259 2089 conversi.

910 2235 1046 2277 CAP.
1079 2235 1307 2275 LXXIII.

511 2331 701 2380 Sequitur
734 2330 772 2366 in
806 2339 912 2367 textu
932 2330 1117 2367 Matthei:
1165 2330 1303 2367 Tollite
1334 2330 1463 2377 itaque
1494 2330 1540 2364 ab
1573 2341 1615 2365 eo
1648 2329 1766 2364 talen-

454 2398 532 2425 tum
577 2397 611 2425 et
657 2390 743 2425 date
787 2389 846 2424 illi
886 2390 952 2438 qui
994 2389 1107 2424 habet
1146 2389 1273 2424 decem
1307 2388 1463 2423 talenta.
1523 2386 1638 2422 Omni
1667 2387 1765 2422 enim

454 2447 609 2483 habenti
630 2447 786 2482 dabitur
808 2454 842 2483 et
864 2446 1112 2494 lzabundabit,
1145 2454 1180 2482 et
1213 2446 1247 2481 ei
1274 2446 1338 2494 qui
1359 2458 1431 2481 non
1456 2445 1568 2481 habet
1600 2452 1634 2480 et
1666 2445 1768 2493 quod
1784 2446 1823 2480 35

455 2505 609 2542 videtur
641 2505 783 2541 habere
813 2505 1021 2553 auferetur
1052 2505 1097 2540 ab
1131 2516 1185 2540 eo.

527 2742 550 2769 3.
572 2744 614 2770 A:
637 2743 699 2769 nisi
714 2742 826 2777 primo.
918 2740 940 2769 5.
963 2743 1005 2769 A:
1029 2742 1251 2769 mendicancm.
1348 2740 1392 2768 32.
1414 2741 1457 2767 A:
1481 2740 1556 2774 Cap.
1578 2739 1679 2766 LXXI.

525 2825 555 2856 (Β.
575 2826 692 2857 jacobi
715 2825 736 2860 1,
757 2835 808 2865 27.
874 2834 925 2865 27.
943 2826 1056 2855 Lucae
1072 2825 1158 2861 XIX,
1180 2834 1231 2861 27.
1296 2825 1347 2856 33.
1364 2822 1485 2854 Matth.
1499 2823 1601 2862 XXV,
1621 2821 1766 2864 28-29,
