1986 3289
145 210 226 237 220
709 206 827 237 OPUS
854 205 1190 237 EVANGELICUM
1222 205 1307 236 ΜΒ.
1335 205 1390 236 111.
1547 192 1654 246 [CAP.
1675 200 1738 228 Lx.

432 312 523 348 bene
545 318 769 361 operantur,
803 311 871 347 alii
901 311 1023 357 male,·
1044 311 1112 346 alii
1131 311 1203 347 sibi
1223 311 1367 347 amicos
1389 310 1547 359 faciunt
1569 311 1616 346 de
1637 323 1743 347 nam-

432 382 545 406 mona
578 369 786 418 iniquitatis
808 382 830 404 a
853 369 986 417 quibus
1009 368 1244 418 recipiantur
1266 369 1302 404 in
1326 369 1576 405 tabernacula
1600 375 1744 414 eterna,

433 428 566 476 quibus
599 428 768 463 dicetur:
799 427 963 463 Esurivi
992 434 1027 462 et
1058 427 1218 463 dedistis
1250 427 1367 462 michi
1398 428 1648 473 manducare,
1681 426 1749 461 alii

433 485 506 520 ista
540 485 745 535 negligunt
775 485 910 534 quibus
943 485 1092 521 dicetur
1124 484 1193 520 ibi:
1225 484 1386 521 Esurivi
1417 491 1451 520 et
1483 497 1555 520 non
1590 484 1748 520 dedistis

435 543 550 578 michi
599 543 849 581 manducare,
903 543 1073 579 Proinde
1110 542 1197 591 quia
1237 542 1308 578 hiis
1351 542 1418 591 qui
1460 549 1666 579 versantur
1711 542 1780 577 inf»

435 600 606 650 negociis
637 608 672 636 et
704 601 883 650 operibus
916 600 1027 636 huius
1058 601 1202 645 mundi,
1236 600 1305 635 alii
1332 600 1500 650 diligunt
1522 600 1749 648 benefacere

435 658 707 708 indigentibus,
740 659 809 694 alii
829 658 1036 709 negligunt
1058 665 1252 706 tamquam
1287 659 1333 694 de
1365 658 1513 694 duabus
1535 657 1570 693 in
1604 657 1747 693 molen-

436 716 538 762 dino,
572 728 646 751 una
679 724 901 752 assumetur
944 724 979 752 et
1011 729 1084 751 una
1124 716 1373 765 relinquetur.
1428 715 1586 751 Lectum
1620 722 1746 751 autem

430 774 639 823 prestitum
672 774 849 810 arbitror
875 786 952 823 pro
975 774 1109 823 quiete,
1144 773 1230 823 quia
1262 781 1349 809 sunt
1379 773 1446 822 qui
1477 784 1594 823 neque
1625 773 1748 808 accio-

435 844 499 868 nes
531 832 666 867 mundi
690 832 777 881 pati
808 832 952 878 volunt,
991 832 1089 868 sicut
1128 839 1216 868 sunt
1248 831 1447 881 coniugati
1477 831 1649 867 homines
1680 830 1807 866 hcl-10

436 890 563 926 bentes
597 890 744 935 domos,
768 890 965 938 familias,
1001 890 1125 939 filios,
1179 902 1298 938 neque
1329 889 1475 938 aliquid
1507 889 1543 925 in
1588 888 1747 925 ecclesia

436 955 571 998 agunt,
621 948 719 984 sicut
746 948 948 997 prepositi,
997 948 1114 983 veluti
1145 948 1180 983 in
1220 947 1467 998 agricultura
1509 947 1751 989 laborantes;

435 1006 503 1041 sed
535 1005 638 1041 velut
670 1007 721 1041 ad
753 1006 824 1042 hoc
856 1005 1003 1056 infirmi
1021 1007 1203 1042 secedunt
1237 1006 1289 1041 ad
1321 1005 1443 1041 ocium
1467 1011 1502 1040 et
1534 1004 1650 1053 quieti
1670 1016 1751 1040 esse

437 1063 604 1113 diligunt
637 1063 755 1099 veluti
785 1075 975 1100 memores
1018 1063 1255 1114 infirmitatis
1298 1076 1364 1099 sue
1396 1075 1468 1099 non
1508 1074 1548 1099 se
1579 1061 1751 1098 commit-

437 1128 558 1157 tentes
601 1123 756 1172 magnis
799 1121 1017 1158 accionibus
1061 1129 1096 1157 et
1126 1121 1411 1171 quodammodo
1456 1120 1492 1156 in
1539 1127 1664 1156 strato
1697 1119 1807 1155 in-15

435 1179 644 1228 firmitatis
677 1187 863 1230 rogantes
891 1180 1032 1225 Deum,
1066 1187 1101 1215 et
1133 1179 1215 1228 ipsa
1243 1179 1441 1228 professio
1476 1178 1588 1214 habet
1620 1178 1750 1224 bonos,

437 1237 550 1272 habet
582 1244 617 1272 et
636 1237 779 1286 fict0s;
816 1237 983 1286 proinde
1028 1237 1146 1273 eciam
1200 1249 1250 1273 ex
1282 1237 1354 1273 lziis
1398 1248 1494 1272 unus
1533 1242 1753 1272 assumetur

438 1302 473 1331 et
506 1307 602 1331 umis
635 1295 875 1343 relinquetur
905 1296 957 1331 ad
988 1302 1250 1344 quamcun'que
1283 1303 1318 1330 te
1345 1293 1633 1344 professionem
1666 1305 1752 1329 con-

440 1353 605 1389 verteris
631 1365 736 1402 para
768 1360 804 1389 te
829 1354 917 1402 pati
934 1354 1074 1403 fict0s3
1108 1353 1274 1401 alioquin
1308 1353 1342 1389 si
1372 1359 1407 1389 te
1439 1364 1511 1387 non
1529 1351 1751 1401 paraveris,

441 1411 609 1447 invenies
641 1411 744 1459 quod
776 1423 848 1447 non
880 1412 1067 1460 sperabas
1099 1419 1135 1447 et
1167 1411 1318 1460 deficies
1351 1417 1416 1446 aut
1444 1408 1753 1459 perturbaberis.
1770 1420 1812 1441 20

442 1470 525 1505 Hec
557 1468 816 1516 Augustinus,

198 1530 372 1568 Augustino
496 1526 664 1563 Videtur
695 1526 815 1563 istum
850 1535 1031 1563 sanctum
1066 1539 1136 1574 per
1168 1526 1288 1562 istum
1321 1534 1470 1562 textum
1506 1524 1754 1573 evangelium

170 1564 416 1627 1·{2(t)ertls¹etlit‡lrteeext
440 1584 662 1633 intelligere
712 1597 784 1633 per
835 1584 1018 1621 ordinem
1055 1584 1222 1621 clericos
1255 1583 1462 1632 operarios
1501 1592 1538 1619 et
1572 1582 1756 1619 dominos

182 1634 396 1696 ranckhsussighrhe
440 1643 705 1691 temporale83
760 1651 796 1679 et
829 1642 1038 1691 probabile
1068 1642 1225 1679 videtur
1259 1643 1366 1691 quod
1399 1643 1446 1679 de
1479 1640 1612 1689 prima
1644 1649 1756 1689 parte

442 1700 607 1737 ecclesie
639 1700 802 1749 plurimi
835 1700 1125 1749 relinquentur,
1165 1700 1259 1749 quia
1292 1701 1478 1736 laborant
1517 1698 1558 1735 in
1592 1698 1757 1735 ecelesia
1774 1703 1814 1736 25

441 1767 608 1807 propter
639 1759 815 1805 luc1-um3
850 1758 954 1795 sicut
986 1758 1168 1795 inserunt
1201 1758 1291 1795 illos
1325 1757 1491 1794 clericos
1525 1756 1565 1793 in
1590 1756 1757 1793 ecclesia

443 1816 510 1864 qui
544 1817 717 1865 amplius
750 1817 890 1853 volunt
925 1817 1032 1853 dare.

960 2022 1097 2063 CAP.
1130 2022 1234 2062 LX.

502 2129 690 2177 Sequitur
722 2129 762 2165 in
792 2138 899 2166 textu
928 2129 1117 2166 Matthei:
1150 2130 1316 2179 Vigilate
1345 2141 1456 2179 ergo,
1489 2128 1576 2177 quia
1609 2127 1760 2163 nescitis

445 2200 515 2236 qua
550 2188 646 2223 hora
671 2188 846 2224 dominus
880 2195 1006 2224 vester
1035 2196 1218 2223 venturus
1248 2187 1308 2225 sit.
1345 2187 1447 2222 Illud
1468 2193 1593 2222 autem
1627 2185 1760 2221 scitote
1777 2195 1818 2217 >0

445 2246 545 2293 quia,
579 2246 613 2281 si
642 2246 760 2282 sciret
786 2245 1080 2294 paterfamilias
1102 2258 1175 2294 qua
1210 2245 1308 2280 liora
1330 2245 1409 2293 fur
1442 2251 1626 2280 venturus
1649 2250 1758 2287 esset,

446 2303 630 2353 vigilaret
674 2304 811 2351 utique,
858 2311 898 2338 ut
941 2316 1014 2339 non
1057 2303 1200 2339 sineret
1240 2303 1404 2352 perfodi
1447 2302 1601 2338 domum
1635 2313 1757 2336 suam.

446 2361 609 2409 Ideoque
641 2369 674 2396 et
708 2374 773 2397 vos
805 2369 923 2397 estote
949 2361 1104 2410 parati;
1154 2361 1242 2409 quia
1275 2372 1347 2408 qua
1381 2360 1478 2396 liora
1512 2371 1584 2395 non
1612 2358 1760 2407 putatis

446 2419 558 2467 filius
591 2419 756 2454 hominis
789 2427 974 2455 venturus
1007 2426 1074 2455 est.

519 2663 564 2691 28.
586 2665 613 2691 A
634 2665 663 2691 in
686 2672 799 2699 mai-gs
821 2664 990 2691 Jolmnnes,
1115 2671 1161 2697 29.
1183 2663 1228 2690 A:
1256 2662 1329 2697 Cap.
1350 2661 1463 2691 LVIII:
1498 2662 1533 2688 ss:
1558 2658 1619 2693 60:
1657 2661 1697 2687 ib.
1721 2660 1756 2687 B:

451 2707 530 2733 ergo
552 2699 646 2726 deest.

521 2806 573 2847 39.
601 2805 717 2836 Matth.
744 2806 863 2845 XXIV,
889 2815 1038 2845 42—24.
