1986 3289
149 217 221 253 108
735 225 852 256 opus
878 225 1212 257 EVANGELICUM
1241 226 1324 256 ΜΒ.
1352 226 1404 257 111.
1497 214 1603 268 [CAP.
1628 223 1737 251 xxix.

146 339 201 379 Legt
221 339 271 367 the
290 338 405 378 ρωποι]
432 332 491 368 vel
524 332 813 368 revelacionem
838 333 907 368 sed
930 331 1177 368 evidenciam
1202 331 1451 380 probabilem
1477 344 1520 368 ex
1550 332 1740 381 operibus

153 374 401 444 ρὲυῖἕὲχιςὲἶέἳῃ
429 402 506 438 que
549 389 794 426 fructificant
834 398 870 426 et
909 388 1028 438 gestis
1062 402 1138 438 que
1176 391 1395 426 secundum
1437 390 1584 426 famam
1619 390 1740 427 seculi

175 418 378 513 pggesflfgjtg'hd
430 447 693 484 auctorizant.
728 447 819 484 Scio
844 456 977 483 autem
1002 449 1109 495 quod
1134 447 1314 484 Christus
1343 444 1348 501 Ι
1376 447 1450 484 fuit
1478 447 1739 494 humillimus,
1776 447 1857 487 415⁰

181 513 299 558 ‘regarqd
321 513 369 540 for
429 505 709 553 pauperrimus
763 513 800 542 et
852 507 936 542 Deo
999 504 1353 542 obedientissimus
1405 506 1527 542 homo
1581 505 1740 554 mundi3

165 547 295 574 (3¹⁸⁵OE
316 548 384 574 law.
429 563 579 599 iudicet
632 572 765 600 autem
820 563 995 599 militans
1048 563 1217 600 ecclesia
1269 563 1300 599 si
1358 576 1465 611 papa
1516 563 1565 600 sit
1617 564 1771 600 homoS

429 620 689 668 humillimus,
735 620 968 669 recipiendo
1008 620 1173 657 iniurias
1212 621 1286 657 sibi
1325 621 1465 657 factas.
1498 620 1649 658 Iudicet
1681 633 1740 658 se-

429 680 561 715 cundo
605 679 637 715 si
676 691 782 727 papa
820 678 871 716 sit
909 680 1030 715 homo
1069 678 1350 727 pauperrimus
1389 680 1523 727 quoad
1562 679 1739 716 seculare

428 736 666 781 dominium,
714 736 884 773 maxime
923 736 1064 773 odiens
1110 748 1151 773 se
1195 736 1396 784 implicari
1441 749 1531 773 cum
1571 736 1739 785 negocio

426 794 609 840 seculari,
657 803 694 831 et
735 794 884 831 iudicet
916 794 1040 831 tercio
1079 794 1110 830 si
1150 807 1255 842 papa
1290 794 1339 830 sit
1373 796 1457 831 Deo
1491 803 1528 831 et
1559 794 1637 843 legi
1670 806 1739 831 sue

427 852 791 899 obedientissimus,
832 852 1003 889 maxime
1037 853 1084 888 de
1117 851 1213 900 legis
1252 865 1320 889 sue
1352 851 1545 888 limitibus
1578 861 1738 889 conten·
1759 868 1798 888 10

427 919 545 957 tatus,
579 923 658 947 non
690 922 925 958 presumens
959 911 1008 946 ad
1031 911 1159 958 legem
1193 923 1305 946 suam
1340 911 1486 947 addere
1517 911 1578 946 vel
1611 911 1660 947 ab
1694 922 1739 947 ea

429 968 607 1005 minuere
646 969 714 1005 sed
747 970 855 1016 quod
889 969 1018 1005 honor
1050 967 1121 1004 Dei
1160 968 1200 1004 in
1239 967 1336 1016 legis
1375 980 1444 1004 sue
1477 967 1739 1005 observancia

427 1026 514 1062 aliis
553 1026 788 1074 postpositis
822 1034 972 1063 crescat
1011 1025 1051 1061 in
1084 1025 1251 1062 ecclesia
1286 1024 1496 1062 militante.
1531 1025 1572 1062 Si
1605 1034 1738 1062 autem

426 1097 531 1132 papa
579 1097 649 1132 pre
694 1083 781 1121 aliis
825 1083 945 1121 faciat
989 1082 1078 1130 ista,
1124 1092 1218 1120 tunc
1264 1092 1320 1120 est
1358 1095 1428 1131 pre
1467 1082 1554 1120 aliis
1593 1096 1739 1132 sequax

148 1134 398 1204 ogisgffitiesotfhgn
428 1141 597 1189 Christi3
642 1141 673 1178 si
719 1150 853 1178 autem
899 1154 969 1190 pre
1003 1141 1091 1178 aliis
1129 1141 1224 1178 facit
1257 1140 1518 1192 contrarium,
1552 1149 1648 1177 tunc
1681 1144 1794 1178 est15

188 1204 258 1243 this,
280 1204 371 1252 begis,
428 1212 498 1248 pre
522 1199 608 1236 aliis
630 1199 914 1246 Antichristus,
949 1208 986 1236 et
1015 1199 1245 1247 specialiter
1267 1199 1299 1235 si
1323 1198 1579 1247 persequitur
1601 1200 1737 1235 fideles

182 1239 364 1266 Annchnst.
427 1257 677 1306 publicantes
710 1258 837 1306 Iegem
863 1257 1025 1294 Domini
1059 1266 1096 1293 et
1127 1265 1241 1294 vexat
1271 1256 1510 1294 christianos
1533 1256 1738 1305 tyrannice

426 1317 645 1352 secundum
681 1315 924 1352 tradiciones
956 1328 1036 1351 non
1069 1324 1254 1363 acceptas
1287 1327 1331 1351 ex
1362 1315 1449 1363 lege
1481 1322 1518 1351 et
1551 1314 1738 1363 operibus

424 1376 514 1410 Jesu
549 1373 710 1410 Christi.

173 1478 178 1483 ῃ
220 1435 310 1462 Falso
484 1433 532 1468 Et
556 1440 751 1480 quantum
776 1432 827 1468 ad
851 1431 1033 1479 argucias
1057 1431 1182 1468 factas
1206 1444 1278 1479 pro
1302 1438 1416 1479 parte
1439 1443 1510 1467 sua
1534 1442 1577 1467 ex
1600 1442 1737 1479 super·
1754 1444 1796 1465 20

145 1471 391 1539 antuemsffgssscfsor
427 1489 515 1525 ficie
559 1491 774 1526 verborum
821 1488 1019 1537 scripture
1064 1497 1221 1525 constat
1274 1488 1462 1537 sophistis
1507 1489 1615 1536 quod
1655 1501 1737 1525 non

171 1547 366 1575 supremacy.
426 1548 572 1584 habent
615 1547 830 1584 scintillam
885 1546 1029 1583 coloris
1082 1548 1151 1583 sed
1202 1559 1292 1583 cum
1342 1545 1445 1583 veris
1491 1546 1738 1582 concludunt

425 1605 671 1642 contrarium
718 1604 1015 1641 attendentibus
1060 1604 1146 1652 ipsa
1189 1617 1293 1643 vera.
1340 1603 1584 1640 Conceditur
1616 1603 1738 1652 igitur

425 1664 533 1711 quod
567 1665 719 1709 Petrus,
767 1664 916 1699 habens
950 1662 1118 1699 Paulum
1152 1671 1189 1699 et
1222 1663 1449 1698 Barnabam
1481 1674 1574 1698 suos
1607 1661 1737 1698 socios

425 1726 482 1767 (ut
514 1729 624 1769 patet
657 1721 741 1759 Gal.
774 1722 837 1768 II),
883 1720 985 1757 sicut
1019 1720 1200 1756 Christus
1246 1720 1385 1756 habuit
1429 1728 1595 1756 cunctos
1641 1732 1736 1768 apo·
1753 1722 1793 1754 25

425 1779 550 1815 stolos
582 1779 723 1816 fratres
756 1791 848 1815 suos
882 1787 919 1815 et
951 1777 1105 1815 amicos
1152 1780 1210 1824 (ut
1242 1786 1353 1826 patet
1385 1777 1552 1814 Matthei
1584 1779 1668 1813 XIII
1700 1786 1737 1814 et

172 1841 258 1880 Peter
278 1841 336 1880 hqd
359 1850 374 1868 a
424 1838 512 1873 Joh.
545 1837 642 1882 XV),
683 1836 822 1873 habuit
854 1837 1058 1884 quandam
1093 1835 1387 1884 prerogativam
1422 1835 1463 1871 in
1496 1835 1735 1880 humilitate,

136 1880 411 1938 certizgnvifsstrssrgacy
426 1894 632 1942 paciencia
665 1903 702 1931 et
735 1894 822 1931 aliis
854 1893 1067 1931 virtutibus
1100 1894 1140 1930 in
1169 1894 1370 1942 pascendo
1400 1893 1608 1930 ecclesiam
1633 1892 1735 1929 mili-

425 1962 592 1999 tantem,
645 1965 735 1989 cum
789 1951 861 1988 fuit
912 1952 1113 1989 fructuose
1172 1963 1402 1988 memorans
1460 1950 1576 1987 istius
1626 1950 1736 1987 verbi

426 2010 587 2047 Domini
619 2011 707 2046 Joh.
731 2009 894 2047 ultimo:
928 2011 970 2046 Si
1002 2010 1135 2061 diligis
1167 2022 1239 2056 me,
1265 2021 1383 2058 pasce
1414 2021 1503 2045 oves
1538 2021 1654 2045 meas.
1688 2010 1737 2045 Et
1753 2012 1795 2045 30

425 2068 585 2105 evidens
619 2076 677 2105 est
709 2069 817 2116 quod
851 2069 990 2104 Petrus
1029 2076 1184 2104 tantum
1225 2080 1246 2103 a
1280 2069 1427 2103 Sancto
1460 2066 1611 2114 Spiritu
1649 2065 1736 2102 illu-

424 2134 571 2163 stratus
602 2138 684 2162 non
717 2126 819 2162 foret
851 2138 1007 2162 memor
1038 2125 1151 2162 istius
1181 2124 1292 2161 verbi
1324 2123 1455 2161 ultimi
1478 2123 1626 2161 Christi
1654 2132 1735 2160 tam

147 2185 241 2213 What
261 2187 315 2213 has
336 2186 386 2214 1¹¹0
425 2183 618 2221 salutiferi
642 2183 928 2220 commendati.
953 2185 1030 2220 Sed
1054 2184 1084 2219 si
1109 2195 1214 2231 papa
1236 2195 1317 2219 non
1335 2181 1515 2230 sequitur
1532 2181 1734 2219 Christum

152 2221 383 2288 Wriffffissrffi
424 2241 464 2277 in
498 2241 676 2278 moribus
721 2253 794 2278 nec
826 2241 1008 2278 imitatur
1042 2243 1200 2278 Petrum
1236 2240 1276 2276 in
1315 2239 1625 2277 conversacione
1663 2239 1736 2276 ista

187 2290 349 2353 ¹gisffssirf5n{†
424 2301 492 2336 sed
531 2299 636 2336 vivat
668 2299 834 2336 omnino
867 2299 1081 2346 contrarie,
1122 2298 1217 2347 quid
1258 2297 1332 2334 sibi
1366 2306 1403 2334 et
1436 2299 1565 2343 Petro,
1610 2305 1653 2333 ut
1692 2309 1734 2333 ex
1751 2299 1791 2333 35

422 2357 503 2394 vita
536 2357 641 2393 Petri
675 2358 819 2394 habeat
856 2356 954 2393 illud
993 2356 1164 2393 nomen?
1208 2355 1423 2392 Evidencia
1461 2355 1623 2403 quidem
1663 2363 1733 2401 est,

424 2427 512 2451 cum
571 2427 643 2451 nec
689 2415 871 2451 Christus
915 2427 988 2452 nec
1032 2416 1172 2450 Petrus
1218 2412 1381 2450 canduit
1432 2412 1501 2449 tali
1546 2411 1734 2460 cupidine

425 2474 722 2509 mundanorum
768 2484 841 2509 nec
880 2474 1138 2521 premebatur
1177 2471 1322 2508 talibus
1360 2469 1471 2508 viciis
1509 2469 1733 2506 cuiusmodi

491 2640 516 2668 5.
536 2641 564 2668 A
585 2641 614 2668 in
637 2648 750 2676 marg.:
773 2649 797 2668 ι.
853 2641 880 2668 6.
902 2641 930 2668 A
946 2640 975 2667 in
992 2648 1105 2675 marg.=
1127 2646 1154 2667 2.
1211 2648 1239 2676 9.
1261 2639 1333 2667 Ain
1349 2647 1463 2675 marg.:
1484 2648 1516 2674 3.
1573 2638 1612 2674 13,
1633 2639 1733 2672 14.A:

423 2675 487 2703 Sed
504 2678 534 2703 et
547 2683 644 2711 papa.
743 2675 781 2703 15.
808 2676 853 2702 A:
883 2678 955 2703 lunc
974 2675 1054 2702 enim
1073 2678 1126 2702 est.
1230 2674 1271 2702 16.
1292 2675 1337 2701 A:
1361 2682 1421 2709 pro
1440 2674 1524 2702 aliis.
1625 2681 1671 2700 20.
1694 2673 1733 2700 B:

424 2718 461 2737 ex
475 2713 572 2745 parte
595 2718 663 2737 sua.
753 2708 799 2737 38.
821 2711 865 2737 A:
886 2710 1124 2742 mandatorum;
1143 2709 1183 2736 ib.
1204 2709 1248 2736 A:
1268 2709 1354 2736 modi
1372 2709 1465 2736 deest.

499 2792 548 2825 15.
576 2793 627 2825 Cf.
655 2793 706 2824 De
726 2792 864 2825 Christo
891 2799 924 2825 et
950 2803 1014 2824 suo
1034 2793 1231 2824 adversario
1252 2791 1464 2823 Antichristo
1490 2802 1567 2834 pag.
1585 2790 1650 2833 673
1671 2797 1733 2823 etc.

426 2840 478 2873 30.
505 2839 581 2871 Joh.
609 2839 694 2879 XXI,
723 2838 776 2871 26.
