1986 3289
128 867 164 887 [Ο

126 1152 160 1184 15

122 1450 163 1471 20

123 1726 163 1759 25

183 228 272 256 CAP-
292 219 347 273 IL]
549 232 608 263 DE
636 231 951 262 ANTICHRISTO
980 231 1062 262 Llss.
1090 230 1128 261 ΙΙ.

181 336 255 373 sibi
289 336 418 373 inesse
463 336 582 373 finale
628 339 778 373 bonum
813 338 921 385 quod
955 345 1013 373 est
1046 335 1272 381 beatitud03
1329 344 1365 371 et
1399 348 1488 371 cum

181 394 278 430 illud
312 394 352 430 in
385 394 546 431 racione
580 394 796 442 exemplari
826 407 906 431 non
929 393 1095 442 suscipit
1122 394 1215 441 plus
1248 394 1309 429 vel
1346 392 1488 438 minus,

180 451 360 500 sequitur
394 454 501 501 quod
535 451 695 499 deitatis
728 452 896 488 dileccio
921 453 1054 500 quoad
1087 451 1185 487 illud
1209 464 1289 487 non
1323 450 1488 498 suscipit

181 510 268 557 plus
300 510 360 546 vel
395 509 538 548 minus.
584 509 710 546 Aliter
758 510 862 546 enim
896 510 998 550 foret
1038 509 1164 545 deitas
1197 509 1236 544 in
1269 508 1489 545 dileccione

181 576 218 603 et
250 567 343 603 odio
389 580 546 604 summe
589 567 792 604 variabilis
826 566 1189 615 proporcionaliter
1230 575 1273 603 ut
1306 575 1489 603 creatura

180 624 220 661 in
254 625 431 662 bonitate
462 626 523 662 vel
563 625 724 662 malicia
756 625 948 662 variatur.
1003 626 1080 661 Sed
1126 637 1216 660 cum
1251 627 1356 660 Deus
1390 633 1490 660 eter-

179 682 323 719 naliter
366 682 514 731 prescit
562 692 644 719 tam
690 684 825 719 datam
861 682 1081 719 bonitatem
1116 695 1235 730 quam
1272 682 1486 727 maliciam,

180 740 410 777 eternaliter
442 740 572 777 noscit
604 741 727 787 illam,
782 750 818 776 et
863 753 933 788 per
980 752 1231 788 consequens
1264 740 1489 776 necessario

179 797 306 846 ipsam
349 798 476 846 diligit
521 798 600 834 sive
645 798 749 842 odit3
799 807 836 834 et
868 798 923 834 sic
956 797 1123 845 intelligi
1163 806 1295 845 potest
1337 798 1485 834 dictum

180 857 272 903 Sap.
307 856 366 902 Xl,
414 867 485 904 25:
533 856 664 892 Nichil
696 856 810 892 odisti
851 868 983 892 eorum
1018 867 1087 904 que
1109 856 1256 904 fecisti,
1310 856 1385 892 hoc
1418 864 1488 902 est,

179 913 331 950 nullam
356 922 581 950 creaturam
611 925 709 961 pure
741 912 873 958 odisti,
908 913 1002 962 quia
1024 914 1099 950 hoc
1133 922 1234 949 esset
1257 912 1487 961 oppositum

178 970 219 1007 in
251 971 421 1017 adiecto,
466 971 617 1008 scilicet
661 972 769 1019 quod
803 980 985 1008 creatura
1018 972 1181 1007 haberet
1222 983 1304 1007 esse
1338 973 1487 1008 bonum

178 1037 355 1065 creatum
391 1038 427 1065 et
459 1042 539 1065 non
571 1030 735 1065 haberet
768 1029 932 1076 aliquod
965 1029 1044 1065 tale
1077 1041 1173 1065 esse.

235 1088 283 1122 Et
306 1098 349 1123 ex
371 1086 446 1123 isto
471 1087 605 1123 fideles
638 1087 741 1123 ultra
774 1086 936 1123 eliciunt
969 1087 1077 1135 quod
1110 1089 1215 1122 Deus
1248 1088 1376 1122 bonus
1408 1099 1489 1123 non

177 1152 309 1191 potest
342 1156 424 1181 esse
457 1153 597 1181 auctor
630 1144 975 1194 adnichilacionss,
1014 1144 1116 1180 sicut
1149 1153 1205 1180 est
1238 1146 1343 1180 Deus
1380 1156 1487 1181 crea-

177 1201 314 1247 cionis,
361 1201 454 1250 quia
505 1202 535 1238 si
575 1200 790 1251 quicquam
832 1201 1063 1247 adnichilet‚
1116 1210 1209 1238 tunc
1242 1201 1349 1238 iuxta
1382 1202 1488 1238 dicta

177 1259 407 1296 eternaliter
439 1260 524 1296 odit
556 1260 701 1308 ipsum,
737 1269 772 1296 et
806 1272 895 1296 cum
928 1259 1060 1308 ipsum
1094 1259 1300 1304 creaverit,
1335 1267 1488 1296 eterna-

177 1316 267 1353 liter
311 1325 420 1354 amat
465 1317 592 1365 ipsum
648 1326 684 1353 et
727 1317 823 1353 talia
869 1317 1020 1354 scilicet
1058 1317 1196 1354 odium
1237 1326 1274 1353 et
1306 1330 1485 1354 amorem

178 1374 305 1411 inesse
343 1377 426 1411 Deo
463 1375 581 1412 simul
617 1383 801 1423 respectu
838 1375 1015 1412 eiusdem
1050 1374 1286 1423 simpliciter
1320 1384 1377 1411 est
1430 1387 1487 1411 re-

179 1432 405 1480 pugnancia
432 1433 654 1469 manifesta.
690 1434 863 1478 Quando
897 1433 1001 1469 enim
1028 1435 1133 1469 Deus
1166 1434 1248 1469 vult
1281 1432 1487 1469 hominem

180 1490 408 1526 eternaliter
442 1490 669 1538 dampnari,
704 1491 934 1527 eternaliter
957 1500 1065 1527 amat
1098 1491 1245 1538 ipsum,
1280 1490 1371 1539 quia
1405 1491 1488 1527 vult

180 1547 253 1583 sibi
277 1548 507 1585 eternaliter
531 1550 677 1585 bonum
703 1561 817 1596 pene,
852 1557 889 1585 et
923 1548 1151 1585 accidencia
1177 1560 1252 1597 que
1277 1551 1382 1584 Deus
1406 1549 1488 1585 vult

181 1604 375 1651 desinere,
410 1608 515 1642 Deus
539 1606 769 1643 eternaliter
790 1607 872 1643 vult
895 1608 1042 1643 habere
1076 1606 1194 1643 aliam
1232 1606 1486 1642 existenciam

179 1662 219 1699 in
252 1663 450 1709 subiecto;
496 1663 714 1700 accidentis
760 1664 865 1700 enim
908 1676 992 1701 esse
1037 1676 1119 1700 non
1164 1672 1221 1700 est
1253 1663 1328 1700 nisi
1362 1663 1488 1700 inesse

179 1721 409 1757 substancie
442 1730 485 1757 ut
518 1734 718 1769 suppono.
774 1722 1015 1759 Accidencia
1048 1721 1153 1758 enirn
1189 1734 1270 1757 non
1303 1730 1393 1757 sunt
1427 1734 1487 1758 res

179 1790 250 1826 per
292 1791 332 1814 se
384 1779 593 1827 possibiles
645 1780 706 1816 vel
744 1792 815 1827 per
859 1792 899 1816 se
944 1779 1171 1828 signabiles,
1219 1788 1263 1815 ut
1296 1778 1488 1816 hereticat

179 1835 463 1874 Antichristus.
498 1839 544 1873 Et
578 1837 633 1873 sic
667 1837 841 1885 quelibet
875 1837 945 1874 Dei
980 1837 1146 1874 dileccio
1181 1838 1484 1885 quodammodo

180 1895 230 1929 ad
263 1894 532 1931 substanciam
579 1895 838 1941 terminatum
890 1895 1016 1932 immo
1062 1894 1359 1931 considerando
1393 1907 1484 1942 pro-

179 1951 338 1987 fundius
372 1952 549 2000 quelibet
583 1953 653 1989 Dei
687 1952 854 1989 dileccio
888 1954 1192 2001 quodammodo
1226 1953 1276 1989 ad
1309 1952 1483 1988 divinam

124 2016 165 2048 30
181 2009 398 2046 essenciam
445 2010 705 2057 terminatum
752 2019 789 2047 et
821 2010 877 2047 sic
909 2011 1011 2047 forte
1044 2010 1235 2047 intellexit
1267 2010 1484 2058 Apostolus

123 2305 162 2339 35

180 2069 341 2114 quando
374 2067 488 2104 dixit:
522 2069 629 2104 Deus
661 2076 716 2104 est
747 2068 874 2104 omnia
908 2069 943 2105 in
976 2068 1163 2105 omnibus.

237 2126 280 2160 In
322 2124 397 2162 ista
441 2125 610 2162 materia
654 2135 815 2174 oportet
847 2126 1072 2175 relinquere
1120 2126 1266 2162 multas
1297 2125 1484 2162 veritates

179 2183 433 2219 absconditas
456 2196 529 2231 pro
559 2183 638 2220 alio
661 2184 749 2220 loco
772 2184 832 2220 vel
861 2183 948 2220 aliis
972 2179 1290 2232 pertractandas,
1315 2184 1484 2231 Oportet

179 2239 284 2276 enim
318 2242 426 2289 quod
459 2242 499 2277 in
543 2254 731 2289 suprema
764 2241 952 2289 potencia
982 2241 1160 2278 volutiva
1192 2242 1368 2277 reluceat
1400 2249 1480 2277 tam

180 2306 335 2334 creator
368 2311 489 2347 quam
523 2299 650 2335 eciam
683 2299 859 2347 quelibet
893 2308 1088 2336 creatura.

236 2356 313 2392 Sed
345 2356 471 2393 tercio
495 2356 659 2393 eliciunt
691 2357 856 2405 quidam
891 2358 999 2405 quod
1023 2356 1203 2394 Christus
1235 2356 1350 2393 simul
1378 2359 1483 2392 Deus

179 2421 215 2448 et
260 2414 381 2450 homo
428 2427 508 2450 non
552 2414 635 2450 sine
681 2427 800 2451 causa
842 2414 1010 2451 notabili
1055 2414 1110 2451 sic
1149 2414 1243 2450 lavit
1276 2413 1482 2461 discipulis

1698 232 1776 270 293

1512 1094 1580 1121 (lod
1602 1099 1716 1122 cannot
1738 1095 1772 1121 be

1521 1130 1572 1156 the
1592 1130 1703 1157 author
1723 1131 1758 1158 of

1528 1165 1742 1193 annihilation.

1555 1731 1723 1759 Accidents

1572 1770 1698 1806 ¹cannot

1532 1806 1609 1828 exist
1630 1805 1726 1836 apart.

1561 2368 1657 2395 Moral
1678 2372 1710 2397 ot

1574 2402 1706 2430 Christ's

1533 2438 1629 2472 rising
1648 2439 1728 2466 from

177 2470 257 2506 suis
290 2472 422 2519 pedes,
455 2484 544 2508 cum
571 2484 650 2508 non
673 2473 786 2520 fregit
810 2472 999 2509 faceciam
1025 2473 1225 2520 surgendo
1259 2485 1280 2507 a
1314 2472 1484 2519 prandio
1500 2480 1615 2507 supper
1634 2477 1665 2499 10
1686 2471 1771 2500 wash

248 2650 328 2686 3-4.
348 2653 392 2679 A:
413 2653 698 2688 sequitur—minus
718 2644 813 2680 deest.
922 2661 963 2686 ¹4-
986 2654 1012 2680 A
1033 2652 1063 2680 in
1085 2661 1197 2687 marg:
1226 2653 1309 2686 quod
1328 2652 1409 2679 Deus
1437 2652 1487 2679 Im-

179 2694 234 2713 nus
264 2694 324 2713 non
355 2690 457 2722 potest
486 2695 553 2715 esse
582 2691 694 2715 auctor
728 2687 986 2715 adniclzilaciomte
1015 2688 1093 2714 sicut
1123 2691 1167 2714 est
1196 2687 1276 2714 Deus
1306 2687 1485 2714 creacionis.

179 2721 219 2748 25.
243 2721 282 2748 ss:
303 2721 461 2749 substanti.
564 2724 657 2762 ²7·,A
678 2722 707 2749 in
724 2730 836 2762 marg:
863 2722 947 2757 qnod
964 2723 1094 2757 quelibet
1116 2722 1176 2749 Dei
1194 2722 1320 2749 dileccio
1341 2721 1486 2757 quodam-

178 2756 267 2782 modo
288 2756 329 2783 ad
347 2756 483 2783 divinam
504 2764 668 2784 essencmm
688 2760 884 2784 termmatur.

329 2839 352 2870 Ι.
379 2840 455 2871 Cor.
483 2841 555 2880 XV,
582 2839 635 2871 28.

1569 2507 1619 2534 the
1638 2507 1706 2535 feet.
