1986 3289
156 219 176 245 2
770 217 887 249 OPUS
913 218 1250 250 EVANGELICUM
1279 220 1361 252 Llss.
1390 220 1443 251 ΙΙΙ.
1606 209 1712 262 [CAP.
1736 219 1758 245 1.

441 323 493 358 ad
531 323 733 371 populum,
781 323 930 359 dicens:
978 324 1104 373 Super
1148 325 1373 361 cathedram
1408 326 1545 376 Moysi
1581 326 1765 361 sederunt

441 380 568 415 scribe
615 388 649 415 et
688 381 876 428 pharisei,
922 388 961 416 ut
1007 382 1164 417 illorum
1218 383 1391 431 confusio
1444 383 1605 419 istorum
1646 384 1767 433 fieret

444 437 659 486 disciplina.
707 439 999 486 Infructuosum
1047 452 1208 488 namque
1251 448 1306 476 est
1347 441 1504 476 verbum
1539 441 1574 476 in
1606 453 1680 489 quo
1712 441 1765 477 sic

444 496 546 531 alter
578 495 835 543 confunditur
867 503 906 531 ut
938 497 1040 532 alter
1071 509 1143 533 11011
1177 499 1391 534 erudiatur.
1444 499 1544 534 Nam
1592 506 1626 534 et
1659 500 1766 534 Deus

444 565 517 589 non
557 561 725 602 propter
770 554 895 590 malos
939 555 1240 604 castigacionem
1285 568 1403 604 super
1446 563 1594 592 terrani
1641 564 1800 595 trans-5

444 610 570 657 mittit,
603 612 672 647 sed
698 619 866 660 propter
898 612 1027 649 bonos.
1070 613 1149 649 Scit
1187 614 1284 649 enim
1318 615 1419 662 quod
1451 614 1575 650 malos
1596 614 1766 664 flagella

444 681 517 704 non
551 669 771 719 corrigunt,
805 670 873 705 sed
896 669 1003 706 Deus
1027 672 1151 707 malos
1183 672 1351 721 castigat
1373 679 1413 707 ut
1435 673 1615 722 corrigat
1636 673 1766 715 bonos,

445 727 530 774 quia
593 727 712 763 bonus
775 727 848 763 nisi
904 728 1125 764 admonitus
1167 729 1298 777 fuerit
1351 742 1426 778 per
1482 730 1765 780 negligenciam

176 793 395 832 'Punishment
446 785 647 820 evanescit.
710 785 908 833 Numquid
959 798 1055 836 ergo
1113 786 1292 823 Christus
1342 800 1414 823 non
1463 788 1590 836 potuit
1633 800 1765 824 eorum

155 829 425 894 ἐέὲιῗῦυυῖἳὲΓἯῇ
447 842 782 892 interrogaciones
829 844 1129 893 contempnere?
1172 845 1249 881 Sed
1286 845 1405 881 voluit
1437 846 1617 896 indignos
1650 846 1768 896 digne
1789 864 1826 884 ιο

198 898 391 960 ΞΗΚΘΟΟὲῐῙῚῡ
448 901 598 945 docere,
646 908 685 935 ut
730 901 871 951 dignos
917 902 1034 952 digne
1079 902 1289 952 edificaret.
1325 903 1431 939 Sicut
1462 903 1498 939 in
1530 904 1768 939 secularibus

246 939 264 966 g
288 941 305 959 Ο
333 954 338 958 ’
447 958 483 993 in
529 970 571 993 eo
613 959 716 1007 quod
749 959 850 995 alter
878 960 1126 1008 pauperescit
1169 962 1272 997 alter
1303 961 1466 1007 ditatur,
1500 969 1535 997 et
1567 962 1640 997 nisi
1669 962 1770 997 alter

448 1017 696 1052 descenderet
739 1017 840 1052 alter
886 1030 959 1053 non
1004 1019 1241 1065 ascenderet,
1279 1019 1333 1054 sic
1366 1026 1400 1055 et
1432 1019 1467 1054 in
1503 1019 1770 1068 spiritualibus

447 1086 489 1109 eo
522 1075 624 1121 quod
655 1074 757 1110 alter
788 1075 1047 1124 confunditur
1090 1077 1189 1112 alius
1233 1078 1472 1112 emendatur.
1527 1077 1630 1121 Quid
1673 1089 1770 1128 ergo

448 1131 538 1167 dicit
584 1132 630 1167 de
660 1133 958 1169 sacerdotibus?
1002 1134 1129 1183 Super
1161 1135 1388 1170 cathedram
1422 1135 1560 1187 Moysi
1590 1136 1773 1172 sederunt
1793 1145 1827 1176 15

447 1190 571 1225 scribe
603 1198 639 1226 et
665 1190 856 1239 pharisei,
892 1191 931 1226 id
963 1199 1031 1238 est,
1066 1193 1179 1227 multi
1208 1194 1432 1229 sacerdotes
1455 1201 1489 1228 et
1507 1194 1626 1242 pauci
1645 1205 1772 1229 sacer-

449 1248 567 1292 dotes,
613 1248 727 1284 multi
768 1249 804 1284 in
852 1249 1003 1285 nomine
1041 1257 1075 1285 et
1101 1251 1221 1299 pauci
1258 1251 1293 1286 in
1327 1263 1453 1300 opere.
1517 1251 1645 1288 Videte
1676 1263 1773 1301 ergo

448 1306 639 1354 quomodo
684 1307 851 1343 sedeatis
894 1320 1012 1355 super
1055 1320 1154 1354 eam,
1199 1309 1285 1357 quia
1331 1309 1518 1345 cathedra
1563 1322 1636 1345 non
1667 1309 1773 1358 facit

448 1364 689 1400 sacerdotem
722 1365 791 1400 sed
821 1366 1007 1401 sacerdos
1039 1367 1278 1403 cathedram.
1312 1368 1398 1403 Non
1432 1367 1538 1403 locus
1560 1368 1774 1417 sanctificat

449 1422 640 1458 hominem
686 1423 754 1458 sed
799 1424 912 1459 homo
958 1424 1097 1459 locum.
1162 1425 1248 1460 Non
1281 1425 1405 1461 omnis
1448 1426 1634 1462 sacerdos
1665 1437 1757 1462 sanc
1790 1444 1833 1465 20

449 1487 510 1516 tus
547 1488 602 1516 est
645 1481 714 1516 sed
764 1481 886 1516 omnis
928 1490 1082 1517 sanctus
1126 1483 1321 1519 sacerdos.
1380 1483 1457 1526 Qui
1497 1484 1589 1519 bene
1630 1483 1774 1519 sederit

450 1550 569 1586 super
600 1538 828 1574 cathedram
870 1540 1055 1576 honorem
1089 1540 1270 1589 accipiet·,·
1316 1541 1381 1589 qui
1410 1542 1512 1577 male
1542 1542 1686 1577 sederit
1718 1541 1772 1576 in-

451 1596 590 1631 iuriam
615 1596 723 1644 facit
755 1597 951 1633 cathedre.
990 1598 1155 1647 Ideoque
1193 1599 1318 1634 malus
1350 1600 1535 1635 sacerdos
1567 1600 1613 1635 de
1644 1611 1773 1635 sacer-

454 1654 562 1690 docio
605 1667 674 1690 suo
726 1655 872 1690 crimen
917 1656 1089 1704 adquirit
1135 1668 1208 1692 non
1253 1657 1493 1706 dignitatem.
1548 1657 1590 1693 In
1635 1656 1775 1692 iudicio

452 1711 549 1747 enim
601 1713 737 1748 sedens
779 1713 814 1749 si
854 1713 1006 1762 quidem
1053 1714 1145 1750 bene
1198 1714 1346 1751 vixeris
1397 1722 1432 1750 et
1475 1715 1566 1751 bene
1599 1715 1777 1751 docueris
1792 1724 1832 1756 25

452 1770 619 1805 omnium
672 1771 793 1806 iudex
837 1772 925 1807 eris.
981 1771 1024 1807 Si
1065 1780 1191 1808 autem
1237 1773 1329 1808 bene
1373 1773 1552 1809 docueris
1595 1781 1630 1809 et
1674 1773 1777 1810 male

454 1827 600 1864 vixeris
644 1829 701 1863 tui
742 1829 872 1864 solius.
923 1830 1023 1865 Nam
1072 1831 1168 1867 bene
1213 1831 1374 1866 vivendo
1415 1838 1450 1867 et
1482 1831 1572 1867 bene
1605 1831 1776 1867 docendo

449 1886 637 1934 populum
672 1887 833 1922 instruis
865 1888 1055 1935 quomodo
1090 1889 1225 1924 debeat
1257 1889 1399 1934 vivere,
1434 1896 1468 1924 et
1491 1889 1592 1924 male
1614 1889 1776 1925 vivendo

453 1944 644 1991 quomodo
679 1944 813 1980 debeat
857 1946 1144 1994 condempnari.
1197 1947 1259 1981 Ad
1284 1947 1472 1996 populum
1525 1954 1651 1983 autem
1703 1947 1778 1983 sic.-

460 2000 597 2036 Omnia
632 2014 851 2051 quecunque
883 2003 1031 2038 dixerit
1064 2004 1168 2040 vobis
1212 2012 1366 2040 servate
1397 2012 1433 2040 et
1456 2004 1597 2053 facite,
1640 2017 1772 2041 secun·
1793 2014 1834 2046 30

456 2060 545 2094 dum
569 2060 685 2107 sacta
720 2072 812 2096 vero
846 2073 980 2096 eorum
1015 2061 1131 2097 nolite
1154 2062 1319 2109 facere;
1350 2062 1389 2097 id
1422 2070 1490 2109 est,
1526 2075 1592 2099 vos
1624 2063 1688 2111 qui
1717 2075 1776 2099 se-

456 2117 551 2152 detis
584 2118 620 2152 in
653 2118 811 2153 ecclesia
845 2119 955 2167 quasi
985 2119 1129 2155 iudices
1151 2121 1399 2156 sacerdotum
1425 2127 1459 2156 et
1482 2133 1554 2156 non
1578 2122 1777 2156 auditores

454 2174 578 2210 aliena
629 2176 877 2212 discucientes
921 2185 956 2212 et
983 2178 1151 2226 propria
1184 2190 1256 2214 non
1295 2179 1581 2214 considerantes
1614 2179 1778 2214 iudicate

456 2233 502 2268 de
545 2234 826 2272 sacerdotibus.
875 2235 982 2270 Sicut
1015 2247 1082 2271 vos
1125 2248 1255 2272 omnes
1304 2236 1445 2272 auditis
1477 2243 1512 2272 et
1543 2249 1615 2272 non
1639 2236 1779 2285 facitis

455 2302 584 2326 omnes
615 2292 717 2340 quod
761 2292 914 2342 auditis,
957 2293 1012 2328 sic
1055 2301 1090 2329 et
1126 2295 1351 2330 sacerdotes
1390 2306 1514 2330 onmes
1547 2295 1681 2330 docent
1711 2295 1780 2330 sed
1795 2304 1832 2335 35

456 2360 528 2383 11011
563 2361 693 2384 omnes
713 2349 873 2397 faciunt
904 2351 1007 2398 quod
1040 2351 1187 2387 docent.
1236 2352 1336 2387 Nam
1371 2352 1408 2387 in
1444 2352 1659 2388 hominibus
1692 2352 1777 2402 dig-

457 2406 554 2441 nitas
587 2407 738 2454 quidem
775 2408 928 2443 diversa
963 2416 1029 2453 est,
1070 2409 1237 2444 omnium
1272 2417 1397 2445 autem
1432 2417 1570 2445 natura
1604 2423 1676 2446 una
1710 2417 1776 2445 est.

546 2622 633 2649 513:
667 2622 992 2659 infructuo.s·issimunz.
1065 2635 1092 2660 ,1.
1122 2627 1159 2654 Ιὲε
1192 2627 1259 2654 Non
1281 2629 1360 2655 enim
1382 2629 1474 2656 Deus.
1548 2629 1575 2654 (5.
1604 2630 1642 2655 15:
1674 2630 1778 2656 Scien-

459 2656 529 2683 dum
550 2658 640 2684 enim.
716 2667 757 2691 ¹4-
781 2659 818 2685 13:
841 2659 871 2686 in
892 2668 938 2687 eo.
1022 2669 1059 2695 17.
1082 2663 1126 2688 A:
1148 2664 1178 2688 et
1197 2664 1294 2689 multi.
1371 2672 1411 2698 19.
1433 2665 1461 2690 A
1482 2663 1510 2690 in
1534 2671 1647 2697 marga
1669 2663 1777 2691 Sacer-

459 2694 531 2722 dos;
554 2692 637 2726 quod
661 2694 749 2720 mulli
765 2696 837 2720 sunt
853 2696 1028 2723 sacerdotes
1053 2699 1081 2723 et
1103 2697 1199 2731 pauci
1216 2700 1287 2723 sunt
1305 2698 1480 2725 sacerdotes
1504 2700 1559 2724 elc.
1595 2698 1659 2724 Non
1681 2699 1780 2725 omnis

459 2727 605 2752 sacerdos
624 2731 749 2754 sanctus
774 2731 818 2755 cst
837 2729 892 2755 sed
911 2731 1008 2762 omnis
1038 2735 1162 2757 sanctus
1187 2733 1335 2758 sacerdos
1355 2736 1408 2759 etc.
1512 2740 1550 2759 21.
1574 2733 1609 2758 B:
1632 2736 1686 2759 est.
1708 2733 1776 2767 Qui.

461 2760 498 2785 ili.
523 2762 565 2787 A:
586 2761 626 2800 'lu'l
646 2763 707 2796 qui.
806 2764 921 2796 27-28.
943 2766 986 2791 A:
1015 2766 1144 2792 virendo
1172 2782 1189 2784 —
1204 2766 1310 2793 debeat
1331 2768 1434 2793 virere
1455 2767 1546 2793 deest.
1637 2768 1681 2794 28.
1695 2769 1737 2794 A:
1751 2771 1779 2794 el

461 2795 540 2821 male
560 2797 687 2823 vivendo
709 2797 801 2823 dccsi.
824 2798 1021 2826 Rcctczmale
1039 2802 1166 2826 vivendo
1190 2801 1284 2827 Deum
1305 2802 1433 2828 instruis
1451 2802 1604 2835 quomodo
1625 2805 1653 2828 le
1672 2803 1782 2829 debeat

461 2830 697 2864 condempnare.
779 2831 823 2858 30.
847 2835 874 2859 A
896 2834 925 2859 iu
948 2842 1061 2868 marga
1082 2834 1173 2862 Nola.
1266 2834 1312 2868 34.
1335 2836 1372 2862 ss:
1395 2836 1537 2862 audistis.
