1986 3289
746 272 1109 306 INTRODUCTION.

69 387 287 423 leccionem
321 393 359 421 ct
401 383 559 420 mandat
602 383 685 419 eius
723 381 898 417 intellec-

70 457 235 492 cionem.
278 455 376 500 Quis
400 466 497 501 ergo
530 452 656 488 fidelis
691 451 901 487 dimitteret

70 525 181 560 istam
215 524 301 560 talis
333 523 505 559 mandati
528 522 672 558 domini
704 522 797 557 tanti
829 521 899 556 im-

70 594 314 643 plecionem?
358 592 453 629 Ideo
495 605 579 628 cum
614 593 902 638 protestacione

66 665 263 710 premissa
278 664 376 706 dico,
403 670 443 697 ut
456 674 554 711 sepe
569 661 679 707 alias,
704 668 901 708 tamquam

72 733 187 769 michi
231 731 456 781 probabile,
502 731 608 780 quod
649 730 800 767 Cristus
843 731 900 765 in-

73 801 212 849 telligit
242 814 316 851 per
346 802 421 838 hec
464 800 590 837 verba
633 813 779 850 papam
818 800 902 836 sive

73 871 293 907 Romanum
316 870 552 920 pontificem.
585 870 676 919 Ipse
710 869 810 905 enim
843 876 904 904 est

74 940 184 976 radix
216 941 342 976 tocius
374 941 486 976 huius
517 940 681 983 malicie,
716 952 802 975 cum
833 939 902 973 im-

74 1009 289 1046 mediacius
334 1023 356 1045 a
399 1010 565 1058 sequela
598 1009 742 1045 Christi
779 1009 903 1056 dege-

75 1086 200 1116 nerat.
251 1079 343 1128 Ipse
391 1080 489 1114 enim
529 1086 589 1114 est
627 1078 903 1115 abhominacio

77 1148 343 1184 desolacionis
387 1150 423 1184 in
468 1148 685 1192 abstracto,
741 1161 825 1184 cum
859 1160 906 1184 ex

77 1230 149 1253 sua
180 1219 340 1266 antiqua
361 1219 524 1262 malicia,
559 1219 608 1254 sit
637 1219 673 1254 in
706 1218 906 1267 perversi-

77 1294 156 1323 tate
197 1287 344 1324 diaboli
388 1287 603 1325 induratus.
662 1288 735 1324 Est
778 1295 905 1324 autem

759 1358 905 1393 veritas

81 1355 372 1401 abhomfflacio,
600 1358 701 1393 sicut

444 1357 535 1405 quia

81 1437 157 1473 que
201 1433 262 1461 est
304 1425 526 1475 adequacio
571 1427 627 1462 rei
661 1426 709 1462 ad
742 1427 906 1476 primum

79 1494 326 1539 intellectum,
362 1504 422 1531 est
453 1508 601 1532 summe
635 1496 905 1540 consolabilis,

81 1564 138 1600 sic
160 1564 404 1600 mendacium
427 1577 549 1614 super
582 1565 721 1601 eadem
742 1567 907 1602 veritate

81 1633 119 1668 in
150 1633 307 1669 homine
351 1633 524 1681 fingente
557 1647 601 1670 se
639 1647 730 1671 esse
764 1634 907 1670 Christi

80 1703 278 1747 vicarium,
308 1703 450 1739 nedum
475 1712 535 1740 est
555 1717 704 1740 summe
728 1704 907 1740 abhomi-

81 1771 224 1816 nabile,
248 1772 320 1808 sed
336 1771 612 1809 abhominacio
635 1774 673 1809 in
689 1773 907 1810 abstracto.

83 1840 133 1875 Et
183 1841 276 1889 quid
323 1850 458 1891 potest
507 1855 599 1879 esse
651 1842 909 1879 desolabilius

83 1910 234 1946 miseris
278 1912 362 1947 sine
413 1913 673 1961 proteccione
715 1912 910 1949 viantibus

84 1993 200 2028 quam
231 1980 367 2017 videre
410 1982 487 2017 tale
520 1990 638 2031 caput
675 1981 837 2030 dyaboli
868 1994 913 2017 se

87 2061 177 2085 esse
220 2050 366 2086 vicarie
417 2059 548 2100 caput,
602 2051 709 2100 quod
762 2051 913 2087 Cristus

87 2126 147 2154 est
190 2131 338 2155 summe
383 2120 630 2157 consolabile
673 2120 916 2157 mendaciter

88 2188 376 2236 confingendo?
419 2190 506 2226 Hec
552 2203 650 2238 ergo
690 2199 750 2227 est
787 2190 914 2227 abho-

88 2257 255 2294 minacio
307 2258 576 2296 desolacionis
626 2261 664 2296 in
710 2259 914 2296 abstracto

88 2339 204 2374 quam
235 2327 376 2364 Daniel
406 2329 670 2378 prophetavit.
702 2330 752 2365 Et
782 2342 916 2365 manu-

89 2397 178 2433 duci
210 2407 379 2447 possunt
421 2398 559 2435 fideles
604 2400 641 2435 in
680 2411 917 2435 consensum

88 2467 198 2503 istius
242 2468 444 2504 sentencie
487 2481 560 2518 per
603 2469 834 2519 exemplum,
880 2477 920 2504 ut

89 2537 122 2572 si
162 2538 248 2585 quis
292 2539 444 2587 hospes
490 2538 650 2575 solebat
691 2539 729 2574 in
775 2538 920 2575 donum

90 2607 202 2642 unius
236 2608 392 2656 patroni
424 2620 625 2657 prospere
656 2608 850 2657 hospitari
883 2616 922 2643 et

92 2675 285 2712 succedet
320 2677 357 2712 in
403 2677 494 2713 loco
540 2678 598 2713 sui
635 2685 822 2725 tyrannus
857 2678 921 2725 qui

94 2753 235 2781 tractet
265 2747 466 2793 tyrannice
497 2747 677 2796 hospites
700 2748 738 2782 in
759 2746 823 2783 illo
848 2747 920 2782 ho-

94 2816 220 2865 spicio
253 2817 518 2866 hospitantes:
563 2819 704 2855 Nonne
747 2818 924 2855 dicerent

96 2885 145 2922 de
188 2886 252 2922 illo
297 2894 411 2936 patre
462 2886 637 2932 familias,
701 2887 810 2937 quod
864 2896 924 2924 est

1647 261 1796 297 XXVII

969 380 1187 416 leccionem
1232 387 1271 415 et
1312 377 1471 414 mandat
1503 379 1585 414 eius
1622 377 1798 412 intellec-

971 450 1137 486 cionem.
1172 449 1271 494 Quis
1301 460 1399 495 ergo
1433 447 1558 483 fidelis
1593 447 1802 482 dimitteret

970 520 1082 556 istam
1115 519 1201 555 talis
1230 518 1401 554 mandati
1432 518 1527 554 tanti
1556 517 1700 554 domini
1731 517 1800 552 im-

972 589 1215 638 plecionem?
1255 588 1351 624 Ideo
1386 600 1471 623 cum
1504 587 1802 636 protestacione

973 659 1168 708 premissa
1199 657 1291 694 dicit
1318 657 1519 707 predictus
1546 656 1672 692 fidelis
1704 663 1802 691 tam-

974 740 1090 777 quam
1122 727 1198 764 sibi
1230 727 1456 777 probabile,
1492 725 1599 776 quod
1624 725 1803 762 Christus

973 797 1151 845 intelligit
1178 810 1251 847 per
1282 798 1356 833 hec
1387 796 1513 834 verba
1544 808 1689 846 papam
1721 795 1805 831 sive

974 868 1194 903 Romanum
1217 867 1454 917 pontificem.
1488 867 1580 916 Ipse
1613 865 1712 901 enim
1747 872 1808 900 est

975 936 1086 973 radix
1107 938 1234 973 tocius
1257 937 1369 973 huius
1392 936 1558 979 malicie,
1589 947 1675 971 cum
1697 946 1806 969 men-

977 1006 1112 1042 dacius
1146 1007 1236 1054 (εἰσ)
1271 1019 1293 1042 a
1325 1006 1492 1054 sequela
1515 1005 1659 1041 Christi
1682 1003 1805 1051 dege-

977 1084 1101 1112 nerat.
1146 1077 1237 1125 Ipse
1286 1076 1385 1112 enim
1429 1082 1489 1111 est
1529 1073 1806 1111 abhominacio

979 1147 1249 1182 desolacionis
1291 1147 1327 1181 in
1368 1145 1586 1188 abstracto,
1641 1156 1727 1179 cuin
1762 1155 1810 1179 ex

978 1229 1050 1252 sua
1082 1217 1242 1265 antiqua
1274 1216 1428 1252 malicia
1459 1216 1510 1251 sit
1540 1215 1577 1250 in
1608 1213 1809 1263 perversi-

978 1294 1096 1321 tatem
1130 1285 1278 1322 diaboli
1309 1285 1526 1321 induratus.
1575 1284 1648 1319 Est
1680 1290 1807 1318 autem

979 1355 1270 1398 abhominacio,
1340 1355 1431 1402 quia
1487 1354 1588 1389 sicut
1648 1352 1808 1395 veritas,

980 1437 1057 1473 que
1090 1432 1151 1460 est
1194 1423 1417 1473 adequacio
1457 1423 1513 1459 rei
1559 1421 1609 1458 ad
1648 1421 1809 1470 primum

979 1494 1228 1537 intellectum,
1264 1501 1324 1529 est
1355 1504 1504 1528 summe
1538 1489 1810 1533 consolabilis,

980 1565 1036 1600 sic
1058 1563 1305 1599 mendacium
1329 1574 1450 1611 super
1484 1561 1623 1597 eadem
1646 1559 1812 1596 veritate

979 1636 1016 1670 in
1039 1634 1196 1669 homine
1219 1632 1391 1679 fingente
1425 1643 1469 1667 se
1503 1642 1595 1666 esse
1617 1640 1806 1665 summum

981 1703 1126 1739 Christi
1156 1703 1356 1746 vicarium,
1397 1700 1540 1736 nedum
1573 1706 1633 1735 est
1664 1709 1813 1734 summe

981 1771 1289 1815 abhominabile,
1335 1770 1408 1807 sed
1452 1767 1729 1806 abhominacio
1776 1767 1813 1801 in

985 1843 1201 1881 abstracto.
1240 1842 1290 1877 Et
1322 1840 1414 1890 quid
1453 1846 1589 1890 potest
1621 1849 1714 1873 esse
1747 1836 1813 1871 de-

984 1911 1190 1949 solabilius
1211 1911 1364 1947 miseris
1385 1910 1468 1945 sine
1483 1907 1744 1958 proteccione
1757 1906 1814 1942 vi-

986 1981 1153 2026 antibus,
1179 1993 1295 2029 quam
1320 1979 1456 2016 videre
1479 1978 1555 2013 tale
1584 1983 1704 2025 caput
1731 1974 1814 2010 dia-

985 2053 1067 2089 boli
1100 2052 1233 2087 dicere
1278 2063 1322 2086 se
1368 2061 1459 2085 esse
1502 2047 1650 2084 vicarie
1683 2052 1813 2094 caput,

988 2120 1096 2170 quod
1128 2120 1307 2156 Christus
1346 2126 1406 2154 est
1436 2128 1586 2153 summe
1630 2114 1816 2151 consola-

1725 2184 1816 2219 Hoc

988 2258 1080 2311 (sic)
1116 2271 1215 2307 ergo
1250 2266 1311 2294 est
1342 2255 1619 2293 abhominacio
1659 2252 1819 2290 desola-

986 2190 1065 2226 bile
1108 2188 1351 2225 mendaciter
1394 2184 1674 2233 confingendO.

989 2330 1113 2366 cionis
1134 2330 1173 2365 in
1194 2327 1410 2370 abstracto,
1435 2338 1550 2374 quam
1560 2323 1702 2360 Daniel
1723 2335 1818 2372 pro-

990 2399 1176 2449 phetavit.
1210 2398 1261 2433 Et
1291 2395 1499 2432 manuduci
1521 2400 1691 2444 possunt
1721 2392 1819 2428 fide-

990 2470 1047 2505 les
1099 2470 1136 2504 in
1182 2479 1420 2503 consensum
1463 2465 1574 2501 istius
1618 2463 1821 2500 sentencie

991 2552 1065 2589 per
1104 2537 1337 2586 exemplum,
1390 2543 1432 2571 ut
1473 2535 1506 2570 si
1550 2534 1637 2582 quis
1669 2534 1821 2582 hospes

992 2608 1152 2645 solebat
1200 2607 1238 2642 in
1295 2605 1453 2641 domum
1501 2604 1613 2639 unius
1666 2602 1822 2652 patroni

993 2690 1194 2729 prospere
1238 2675 1432 2725 hospitari
1477 2682 1514 2710 et
1558 2672 1749 2709 succedat
1785 2672 1822 2707 in

992 2749 1084 2785 loco
1125 2748 1185 2784 sui
1228 2754 1428 2795 tyrannus,
1477 2745 1542 2793 qui
1584 2750 1727 2779 tractet
1763 2749 1822 2790 ty-

994 2818 1155 2854 rannice
1177 2816 1358 2865 hospites
1389 2814 1454 2850 illo
1477 2813 1660 2863 hospicio
1685 2811 1822 2860 hospi-

995 2895 1141 2923 tantes:
1174 2886 1315 2922 Nonne
1337 2884 1515 2920 dicerent
1547 2878 1641 2933 (sic)
1676 2881 1724 2916 de
1756 2880 1821 2916 illo
