1986 3289
216 229 304 257 CAP-
326 221 422 274 XIII]
586 233 644 264 DE
671 232 984 263 ANTICHRISTO
1013 233 1095 263 LIB.
1122 233 1160 263 II.

278 338 382 381 Quid
409 346 463 373 est
494 345 643 373 autem.-
675 350 782 386 quem
808 338 994 388 diligebat
1013 338 1153 373 Jesus?
1190 337 1315 387 Qtasi
1334 338 1431 373 alios
1454 350 1525 373 non

217 396 410 446 diligeret,
456 396 502 431 de
534 396 666 443 quibus
698 396 796 431 idem
830 396 910 444 ipse
939 395 1132 431 Jolzannes
1171 396 1348 444 superius
1379 395 1452 430 ait:
1484 396 1525 430 In

205 453 327 502 finem
363 453 499 489 dilexit
532 466 608 489 eos.
643 453 696 488 Et
729 453 808 502 ipse
829 453 1040 489 Dominus:
1062 453 1253 489 Maiorem
1288 454 1359 488 liac
1382 453 1524 488 carita-

216 519 288 547 tem
323 523 430 546 nenio
454 511 566 546 habet
597 523 707 559 quani
744 518 783 545 ut
815 511 982 546 animam
1006 524 1115 546 suam
1145 519 1267 560 ponat
1293 523 1369 559 pro
1392 510 1526 546 amicis

184 569 305 604 §suis
338 569 390 604 Et
422 569 503 617 quis
535 575 731 604 enumeret
763 569 889 604 onmia
922 569 1141 604 divinarum
1175 568 1390 604 testimonia
1409 568 1526 617 pagi-

216 638 353 661 narum
386 626 519 675 quibus
543 627 734 662 Dominus
764 627 874 662 Jesus
907 638 979 661 non
1014 627 1116 662 illius
1148 639 1264 675 neque
1296 638 1428 662 eorum
1458 638 1527 674 que

215 691 302 719 tunc
334 692 444 719 erant
477 691 623 720 tantum
655 685 723 720 sed
754 684 872 719 eciam
892 691 981 732 post
1002 685 1237 732 futurorum
1263 684 1525 719 membrorum

214 754 372 777 suorum
408 749 442 777 et
473 743 593 777 tocius
616 741 771 778 ecclesie
795 742 959 778 dilector
977 742 1214 777 ostenditur?
1247 742 1324 777 Sed
1345 742 1525 790 profecto

215 800 307 835 latet
340 800 398 835 liic
429 800 576 847 aliquid
607 807 642 835 et
668 799 838 849 pertinet
870 800 921 835 ad
951 799 1075 835 sinum
1109 800 1144 834 in
1177 812 1249 848 quo
1282 799 1527 835 recumbebat

162 871 198 891 10
214 857 278 905 qui
307 857 377 893 ista
412 857 571 893 dicebat.
617 859 693 893 Per
737 857 860 892 sinum
894 857 1031 906 quippe
1063 857 1153 905 quid
1195 857 1303 892 aliud
1345 857 1527 906 signatur

212 926 325 963 quam
349 922 552 951 secretum.
588 915 665 950 Sed
686 914 785 951 nlius
817 922 873 950 est
905 915 1162 964 opportunior
1184 915 1301 958 locus,
1336 914 1399 949 ubi
1420 914 1527 950 nobis

214 973 403 1008 Dominus
418 973 563 1020 aliquid
578 973 691 1008 donet
706 973 751 1008 de
766 973 837 1008 hoc
850 980 998 1009 secreto
1014 980 1194 1021 quantum
1210 972 1369 1021 sufficit,
1386 972 1524 1009 dicere.

271 1030 397 1066 Innuit
430 1043 527 1080 ergo
561 1031 690 1066 Simon
724 1030 865 1066 Petrus
898 1038 933 1066 et
966 1031 1057 1066 dicit
1090 1030 1142 1065 ei:
1176 1030 1356 1066 Notanda
1381 1030 1526 1066 locucio

213 1095 288 1123 est:
319 1088 424 1124 Dicit
446 1088 602 1137 aliquid,
637 1100 709 1124 non
732 1088 904 1124 sonando
934 1089 1001 1124 sed
1024 1088 1288 1124 tantmnnzodo
1321 1087 1524 1123 innuendo.

161 1145 352 1193 15Innuit‚
397 1146 527 1194 inquit,
571 1153 606 1181 et
639 1145 749 1181 dicit:
793 1146 919 1194 utique
962 1146 1151 1182 innuendo
1198 1146 1298 1181 dicit.
1355 1145 1398 1180 Si
1428 1145 1524 1181 enim

213 1203 421 1253 cogitando
445 1204 591 1252 aliquid
614 1203 766 1249 dicitur,
790 1204 887 1239 sicut
900 1204 1097 1252 scriptura
1122 1203 1527 1251 loquitur:Dixerunt

212 1262 316 1310 apud
346 1261 592 1310 semetipsos:
636 1268 774 1309 quanto
807 1261 934 1311 magis
967 1261 1169 1306 innuendo,
1203 1260 1266 1296 ubi
1302 1260 1377 1296 iam
1405 1260 1527 1308 foras

213 1319 534 1368 qualibuscunque
565 1319 688 1369 signis
716 1319 915 1367 promitur
937 1320 1039 1367 quod
1061 1319 1203 1367 fuerat
1234 1319 1269 1353 in
1293 1319 1411 1354 corde
1439 1330 1525 1354 con-

214 1384 375 1425 ceptum.
418 1377 521 1420 Quid
552 1388 649 1427 ergo
687 1376 788 1412 dixit
824 1377 1044 1413 innuendo?
1085 1376 1189 1419 Quid
1229 1377 1301 1411 nisi
1338 1377 1439 1424 quod
1469 1387 1526 1412 se—

157 1447 198 1467 20
215 1434 363 1483 quitur:
400 1435 503 1478 Quid
534 1441 589 1470 est
622 1435 667 1470 de
697 1446 770 1483 quo
804 1434 924 1470 dicit?
955 1434 1040 1470 Hec
1073 1435 1188 1470 verba
1222 1434 1362 1469 Petrus
1394 1433 1526 1479 innuit,

214 1492 299 1540 quia
333 1504 405 1528 non
438 1505 531 1529 sono
564 1493 666 1528 vocis
698 1493 766 1528 sed
799 1500 902 1529 motu
938 1492 1115 1541 corporis
1139 1492 1248 1528 dixit.
1282 1492 1414 1540 Itaque
1442 1504 1526 1527 cum

214 1550 449 1586 recubuisset
481 1550 546 1586 ille
576 1562 694 1599 supra
722 1557 857 1599 pectus
888 1550 991 1596 Jesu,
1025 1550 1083 1585 liic
1116 1557 1171 1585 est
1204 1550 1329 1598 utique
1356 1549 1528 1598 pectoris

212 1608 329 1654 sinus,
361 1608 550 1657 sapiencie
580 1607 784 1654 secretum,
824 1608 915 1643 dicit
948 1608 999 1643 ei:
1039 1607 1203 1643 Domine
1231 1607 1313 1655 quis
1345 1607 1414 1643 es?
1452 1607 1526 1642 Re-

212 1666 368 1715 spondit
397 1666 526 1701 Jesus:
558 1666 629 1701 Ille
651 1673 706 1702 est
738 1666 799 1702 cui
829 1678 901 1716 ego
934 1666 1089 1701 tinctum
1119 1678 1259 1714 panem
1289 1676 1526 1714 porrexero.

158 1725 197 1757 25
215 1724 266 1759 Et
299 1736 382 1759 cum
416 1724 595 1760 tinxisset
613 1736 766 1772 panem,
801 1724 905 1759 dedit
938 1724 1031 1759 Iude
1054 1723 1219 1758 Simonis
1244 1723 1442 1758 Scariotis.
1478 1722 1529 1757 Et

209 1789 300 1830 post
325 1794 467 1830 panem
501 1789 588 1817 tunc
620 1781 793 1817 introivit
814 1781 850 1816 in
885 1782 991 1817 illum
1021 1788 1190 1819 satanas.
1222 1781 1451 1829 Expressus
1474 1787 1529 1815 est

215 1839 399 1885 traditor,
433 1840 575 1875 nudate
596 1846 684 1875 sunt
706 1839 854 1875 latebre
876 1840 1135 1876 tenebrarum.
1169 1839 1320 1874 Bonum
1350 1845 1404 1874 est
1427 1838 1529 1886 quod

215 1897 361 1946 accepit
391 1898 460 1933 sed
481 1897 583 1933 malo
614 1910 683 1933 suo
716 1897 883 1946 accepit‚·
915 1897 1016 1932 male
1049 1897 1185 1932 bonum
1210 1896 1336 1931 malus
1368 1895 1526 1944 accepit.

221 1953 362 1991 Verum
397 1955 443 1991 de
475 1955 546 1990 isto
573 1966 675 2003 pane
707 1954 825 1990 tincto
858 1955 922 2002 qui
946 1962 1156 2003 porrectus
1188 1961 1243 1990 est
1264 1954 1376 2003 ficto,
1415 1961 1450 1989 et
1482 1954 1528 1989 de

158 2014 199 2046 30
215 2012 286 2048 hiis
318 2024 388 2061 que
418 2020 629 2061 sequuntur
661 2013 781 2048 multa
805 2012 965 2048 dicenda
997 2019 1085 2048 sunt
1106 2012 1240 2061 quibus
1269 2011 1525 2047 necessarium

215 2078 269 2106 est
295 2071 387 2119 plus
419 2070 602 2120 temporis
648 2083 761 2118 quani
794 2083 892 2106 nunc
924 2070 1106 2106 habemus
1137 2070 1212 2105 iam
1246 2069 1281 2104 in
1315 2069 1423 2105 istius
1443 2068 1528 2118 fine

213 2128 415 2164 sermonis.
451 2130 533 2164 Hec
567 2127 825 2175 Augustinus.

272 2185 440 2221 Videtur
472 2185 739 2233 Augustinum
775 2184 985 2232 concipere
1019 2186 1127 2232 quod
1159 2183 1341 2220 tui-bacio
1378 2183 1525 2219 Christi

215 2244 262 2279 de
296 2243 480 2279 Scarioth
524 2243 595 2279 fuit
639 2243 828 2291 precipue
872 2252 1036 2290 propter
1079 2251 1288 2290 peccatum
1339 2254 1455 2277 suum
1490 2250 1527 2277 et

160 2306 198 2338 35
215 2310 319 2336 secte
352 2313 420 2336 sue
450 2301 623 2337 heretice
657 2314 776 2348 quam
812 2300 966 2336 mistice
1000 2300 1211 2347 figurabat.
1247 2300 1396 2335 Omnes
1420 2298 1526 2334 enim

216 2358 381 2394 heretici
414 2367 624 2406 sequentes
657 2360 899 2404 sacerdotes,
949 2357 1129 2406 episcopi
1173 2358 1233 2393 vel
1266 2356 1421 2404 prelati,
1458 2357 1526 2404 qui

217 2429 298 2452 non
330 2425 553 2464 sequuntur
577 2416 778 2452 Christum
810 2418 878 2451 sed
904 2416 1088 2451 Scarioth
1110 2415 1150 2450 in
1181 2414 1366 2462 cupidine
1402 2415 1526 2450 hono-

218 2474 269 2509 ris
317 2473 510 2510 mundani
562 2483 598 2510 et
647 2473 946 2521 temporalium,
1000 2473 1040 2508 in
1086 2472 1273 2509 scarioth
1317 2481 1525 2520 tamquam

287 2692 327 2710 10.
357 2685 399 2710 A:
426 2683 541 2718 signat.
670 2681 704 2708 15.
732 2682 771 2708 ss:
795 2681 899 2715 ulique
920 2680 1075 2707 innuendo
1097 2680 1182 2707 dicit.
1304 2680 1341 2706 18.
1364 2679 1527 2714 Azfuerit

216 2718 317 2744 corde.
391 2725 436 2750 24.
458 2719 504 2744 A:
526 2725 586 2751 ego
608 2717 700 2743 deest.
775 2716 820 2743 28.
842 2717 944 2743 Recte:
967 2715 1038 2750 quia
1058 2716 1137 2741 male
1156 2716 1266 2740 honuni
1286 2715 1383 2741 malus
1402 2715 1518 2748 accepit

216 2751 258 2779 33.
281 2754 323 2779 A:
346 2753 556 2787 Augustinus;
575 2753 603 2778 A
624 2751 653 2778 in
671 2759 785 2785 marg:
806 2751 973 2778 Johannes.

288 2836 316 2867 3.
343 2835 421 2866 Joh.
446 2835 518 2874 XV,
551 2835 600 2867 13.
702 2833 750 2865 16.
778 2835 855 2875 Sap.
887 2834 924 2873 Η,
957 2845 981 2865 ῐ.

1733 235 1808 272 331

1587 2190 1693 2217 Christ
1713 2198 1776 2216 was

1542 2225 1683 2251 troubled
1706 2225 1744 2260 by
1763 2225 1812 2251 the

1571 2259 1617 2286 sin
1639 2260 1673 2285 ot*
1689 2259 1782 2286 judas

1611 2294 1670 2320 and
1692 2294 1739 2320 his

1584 2336 1773 2356 successor&
