1986 3289
194 222 282 251 cAP-
304 213 374 267 V1-]
573 227 632 260 DE
659 226 975 260 ANTICHRISTO
1004 227 1087 259 ΜΒ.
1114 226 1137 258 1.

194 346 240 370 ex
282 335 364 383 ipso
396 341 482 370 sunt
514 334 662 375 omnia‚·
694 334 894 384 magister,
928 334 1013 382 quia
1042 345 1117 382 per
1148 333 1271 381 ipsum
1296 332 1423 368 omnia
1448 333 1508 368 vel

193 393 369 440 quoniam
398 405 472 441 per
505 392 830 441 dispensacionem
864 392 993 427 carnis
1015 392 1094 427 eius
1117 403 1248 426 omnes
1270 390 1510 426 reconciliati

192 451 445 502 sumchLDeo.
485 450 673 493 Queritur
694 461 814 498 quare
845 451 1054 485 adversum
1079 449 1149 485 hoc
1166 455 1392 497 preceptum
1418 448 1507 484 doc-

193 515 314 544 torem
346 507 523 557 gencium
555 507 763 556 Apostolus
805 520 845 544 se
877 519 957 543 esse
999 507 1158 552 dixerit,
1206 514 1272 541 aut
1315 506 1506 554 quomodo

159 569 175 602 5
194 566 353 615 vulgato
384 577 562 602 sermone
593 565 763 619 maxime
795 565 831 604 in
866 565 1060 601 Palestina
1083 571 1118 600 et
1149 564 1287 614 Egipti
1316 571 1507 599 monaste-

193 623 261 659 riis
292 635 332 659 se
363 623 521 659 invicem
550 631 686 672 patres
718 630 862 659 vocent.
934 619 1133 667 Quod'sic
1164 622 1352 658 solvitur:
1392 621 1508 656 Aliud

191 688 245 716 est
277 689 417 716 natura
450 693 532 717 esse
560 688 714 730 patrem
750 681 810 717 vel
831 680 1080 731 magistrum,
1114 680 1222 715 aliud
1244 679 1505 729 indulgencia.

192 738 272 774 Nos
303 739 337 774 si
367 739 558 775 hominem
586 745 741 788 patrem
777 751 973 785 vocamus,
1018 739 1201 774 honorem
1237 736 1330 773 etati
1362 737 1505 785 deferi-

191 808 288 844 mus,
321 809 393 833 non
426 804 623 833 auctorem
656 804 788 832 nostre
820 796 1055 833 ostendimus
1082 795 1167 831 vite.
1192 794 1391 844 Magister
1411 807 1504 844 quo-

137 868 176 889 10
191 866 260 901 que
293 854 431 890 dicitur
457 866 508 891 ex
539 854 737 891 consorcio
761 854 846 892 veri
877 854 1069 904 magistri.
1104 854 1156 888 Et
1189 865 1233 889 ne
1265 852 1412 902 infinita
1445 864 1506 887 re-

186 911 340 960 plicem,
384 913 577 961 quomodo
626 925 722 948 unus
750 924 824 961 per
856 920 1038 948 naturam
1071 911 1179 947 Deus
1211 918 1245 946 et
1278 923 1375 946 unus
1394 910 1508 959 filius

190 978 261 1005 non
290 970 510 1019 preiudicat
541 970 689 1016 ceteris⁷
723 982 767 1006 ne
794 983 870 1019 per
891 970 1139 1018 adopcionem
1175 969 1229 1004 dii
1259 975 1443 1004 vocentur
1473 975 1508 1003 et

179 1027 278 1076 filii:
321 1028 371 1063 ita
420 1036 454 1064 et
497 1041 592 1064 unus
639 1035 673 1064 et
713 1036 830 1077 pater
863 1029 923 1064 vel
954 1027 1144 1078 magister
1182 1039 1255 1062 non
1284 1026 1506 1075 preiudicat

190 1085 289 1131 aliis,
342 1094 381 1121 ut
432 1087 586 1122 abusive
629 1087 873 1135 appellentur
921 1093 1056 1134 patres
1099 1092 1133 1120 et
1181 1084 1377 1134 magistri.
1424 1085 1506 1119 Hec

136 1146 172 1179 15
189 1144 437 1192 Jeronymus.

245 1201 412 1238 Videtur
455 1201 574 1238 istum
628 1210 811 1238 sanctum
864 1213 935 1249 per
979 1199 1334 1248 equivocacionem
1380 1198 1505 1246 patris

190 1268 226 1295 et
271 1259 451 1308 magistri
497 1259 710 1296 admittere
755 1261 864 1307 quod
908 1258 1092 1295 homines
1137 1266 1332 1294 vocentur
1365 1257 1414 1293 ad
1447 1256 1505 1292 in-

189 1317 315 1354 vicem
367 1317 475 1354 istis—
502 1317 748 1354 nominibus.
804 1318 918 1353 Unde
971 1315 1226 1364 grammatici
1279 1314 1506 1363 exprimunt

191 1375 541 1424 equivocaeionern
587 1376 712 1423 patris
757 1374 1063 1423 quintuplicem.
1130 1373 1322 1410 Diabolus
1371 1381 1505 1409 autem

132 1444 174 1467 20
190 1442 355 1470 vocatur
382 1441 498 1483 pater
530 1434 731 1479 mendacii,
765 1442 806 1469 ut
839 1441 951 1481 patet
982 1433 1069 1468 Joh.
1103 1433 1202 1478 VIII,
1238 1441 1311 1481 443
1345 1440 1382 1467 et
1406 1432 1506 1466 Pau-

189 1491 248 1527 lus
310 1503 491 1540 expresse
550 1500 720 1528 vocatur
782 1491 971 1542 magister
1032 1498 1067 1526 et
1129 1490 1267 1526 doctor
1327 1489 1505 1539 gencium

190 1551 219 1585 II
251 1549 357 1586 Tim.
392 1552 403 1585 I
438 1562 525 1597 cap.
566 1562 626 1587 11.
674 1550 774 1585 Cum
820 1549 941 1597 igitur
981 1548 1021 1584 in
1054 1548 1131 1584 fide
1164 1547 1362 1594 scripture
1396 1545 1506 1594 equi-

190 1607 352 1644 vocacio
385 1607 460 1644 ista
493 1607 729 1655 exprimitur
763 1616 799 1643 et
832 1608 880 1643 de
913 1615 1052 1643 sancto
1077 1606 1262 1653 apostolo
1286 1613 1505 1643 exercetur,

190 1664 343 1701 videtur
376 1667 484 1714 quod
507 1667 583 1701 hoc
612 1665 662 1701 sit
694 1665 860 1712 licitum,
897 1673 934 1701 et
967 1659 1086 1717 (sicut
1113 1672 1226 1700 notat
1247 1658 1504 1715 Jeronymus)

133 1722 172 1755 25
193 1725 295 1759 Deus
327 1733 409 1760 tam
442 1723 482 1760 in
515 1723 707 1771 singulari
741 1735 861 1771 quam
908 1723 948 1759 in
981 1721 1127 1769 plurali
1160 1720 1423 1769 equivocatur
1456 1722 1506 1756 ad

193 1783 317 1817 Deum
367 1783 536 1818 deorum
583 1790 620 1818 et
663 1781 874 1829 adoptivos
920 1780 991 1816 Dei
1040 1779 1141 1816 filios
1187 1792 1279 1815 suos
1323 1778 1506 1815 subditos

191 1840 429 1887 regulantes.
484 1840 548 1876 Sic
595 1839 700 1875 enim
744 1847 912 1875 vocatur
944 1839 1100 1885 Moyses
1133 1837 1241 1873 Deus
1286 1837 1506 1873 Pharaonis

193 1897 314 1933 Exodi
346 1899 428 1943 VII,
468 1910 500 1944 1,
547 1906 585 1933 et
629 1909 721 1945 sepe
752 1905 949 1933 vocantur
981 1896 1057 1931 Dei
1075 1896 1158 1945 filii
1194 1894 1417 1943 pluraliter,
1463 1903 1505 1930 ut

190 1963 298 2002 patet
328 1957 415 1992 Joh.
448 1956 493 1993 X.
540 1957 673 2001 Quare
708 1968 801 2003 ergo
834 1967 916 1991 non
948 1953 1041 1990 licet
1074 1953 1313 2001 equivocare
1345 1952 1504 1989 confor-

134 2024 175 2055 30
192 2013 308 2050 miter
341 2015 403 2054 ad,
424 2013 691 2061 scripturam?

250 2074 291 2107 In
336 2071 419 2107 istis
463 2071 620 2108 videtur
665 2070 762 2107 mihi
795 2071 916 2118 quod,
963 2069 1056 2118 quia
1095 2070 1246 2117 grande
1278 2067 1502 2117 periculum

191 2139 247 2167 est
280 2130 319 2165 in
353 2142 485 2175 causa,
520 2129 701 2166 homines
735 2130 880 2165 debent
913 2128 1209 2176 appellaciones
1232 2127 1398 2163 istorum
1434 2138 1505 2161 no-

192 2188 342 2225 minum
378 2189 425 2223 ab
459 2188 687 2224 hominibus
720 2198 938 2223 removere.
984 2186 1049 2222 Sic
1089 2186 1192 2222 enim
1234 2183 1398 2221 inolevit
1430 2183 1505 2219 ista

190 2247 425 2294 blasphema
470 2248 517 2282 de
561 2259 666 2294 papa
709 2245 866 2281 locucio
911 2245 1019 2292 quod
1065 2252 1230 2280 vocetur
1268 2240 1505 2290 regulariter

134 2310 302 2354 35pater
333 2304 582 2340 beatissimus.
617 2306 665 2339 Et
696 2316 777 2339 non
811 2302 975 2338 dubium
1011 2301 1120 2349 quin,
1154 2300 1364 2349 supposito
1397 2300 1504 2347 quod

191 2362 239 2398 sit
273 2361 467 2407 diabolus,
513 2361 615 2397 sicut
661 2373 753 2408 sepe
786 2360 926 2405 evenit,
973 2359 1080 2395 istud
1119 2371 1268 2395 nomen
1301 2357 1376 2394 sibi
1409 2357 1505 2392 false

192 2428 229 2456 et
260 2418 478 2467 ypocritice
510 2418 756 2466 applicatur3
802 2417 892 2453 ideo
924 2416 1080 2453 videtur
1119 2416 1296 2452 securius
1329 2424 1434 2451 stare
1467 2414 1507 2449 in

192 2477 385 2513 limitibus
417 2477 513 2525 legis
548 2476 708 2512 Christi.
754 2476 898 2512 Paulus
931 2483 1064 2511 autem
1097 2482 1263 2510 vocatur
1296 2485 1339 2509 ex
1372 2471 1506 2508 officio

262 2656 288 2684 3.
308 2657 379 2684 Ain
397 2663 510 2690 marg:
532 2655 624 2682 Pater
645 2655 809 2688 dupliciter
822 2663 832 2679 .·
851 2656 977 2685 natura,
999 2652 1211 2688 indulgencia.
1290 2659 1332 2684 ¹4-
1372 2651 1411 2677 B:
1433 2650 1507 2677 abu-

194 2693 289 2719 sione.
381 2692 422 2719 10.
443 2693 471 2718 A
492 2691 521 2717 iu
543 2698 656 2724 marga
676 2689 845 2717 Jolzannes.
930 2695 977 2721 24.
1000 2688 1044 2714 A:
1066 2687 1123 2714 lzoc
1143 2687 1242 2719 deest;
1263 2685 1305 2712 ib.
1327 2685 1365 2712 B:
1381 2688 1411 2711 et
1428 2685 1507 2711 sicut

193 2730 282 2754 notat
304 2726 457 2753 dominum
478 2725 569 2752 Deus.
678 2724 725 2757 34.
754 2723 870 2751 codd.:
898 2722 1094 2758 blasphemia⁴
1188 2719 1233 2747 36.
1263 2720 1302 2746 B:
1324 2719 1384 2746 sihi
1402 2720 1504 2752 deest;

194 2762 234 2788 ib.
256 2762 293 2787 13:
305 2761 491 2796 salsissime.

269 2832 318 2864 15.
344 2833 368 2863 Ι.
394 2832 485 2863 Tim.
513 2832 550 2871 ΙΙ,
580 2842 609 2873 7.

1590 1204 1725 1233 Various

1550 1240 1710 1275 meanings
1730 1241 1765 1268 of

1544 1275 1628 1302 these
1648 1275 1765 1302 words.

1546 2073 1634 2109 They
1655 2073 1767 2101 should

1521 2113 1573 2135 not
1590 2109 1625 2135 be
1640 2109 1727 2143 used,
1747 2110 1795 2136 sor

1554 2143 1624 2179 they
1643 2144 1710 2170 lead
1731 2148 1760 2170 to

1606 2186 1701 2205 error.
