1986 3289
238 202 327 229 CAP-
356 193 424 247 V1·]
619 205 675 236 DE
703 204 1015 236 ANTlCHRlSTO
1045 206 1128 237 ΗΒ.
1158 206 1193 237 Η.

238 320 296 348 est
329 312 437 358 quod
470 310 575 347 locio
608 312 754 359 pedum
790 312 1066 359 apostolorum
1097 312 1278 359 inprimit
1314 312 1544 348 servitutem

238 382 376 406 eorum
422 368 704 412 humillimam,
759 377 795 405 et
842 370 1046 417 quomodo
1105 371 1251 406 debent
1311 370 1548 406 affecciones

237 426 361 464 animi
384 426 424 462 in
457 426 659 463 mundicia
691 438 933 474 preservare.
969 429 1153 463 Secundo
1193 427 1373 464 Christus
1406 437 1549 464 notans

236 497 349 521 suam
395 483 724 520 omniscienciam
775 486 1035 521 commendat
1082 487 1336 533 quorundam
1389 495 1549 533 aposto-

203 543 365 578 510rum
412 554 576 578 suorum
637 541 883 578 mundiciam
936 552 973 578 et
1030 544 1223 591 dampnat
1276 543 1405 579 debite
1450 545 1549 579 Jude

236 599 464 639 avariciam.
480 601 595 636 Iudas
611 599 715 636 enim
732 608 817 636 toto
831 609 1013 647 tempore
1032 600 1148 636 huius
1165 601 1359 637 sermonis
1376 601 1550 638 creditur

237 657 433 705 cogitasse
456 658 662 706 quomodo
678 666 842 705 propter
866 657 1075 705 pecuniam
1094 658 1352 706 pontificibus
1375 661 1551 696 traderet

236 715 443 751 dominum
475 717 608 751 Jesum
644 715 870 761 Christum3
915 724 952 751 et
990 728 1079 751 cum
1114 716 1187 752 iste
1226 717 1299 753 fuit
1342 717 1429 753 fons
1469 717 1551 753 dia-

237 772 362 809 bolice
415 772 616 821 cupidinis
661 774 929 818 sacerdotum,
983 782 1092 821 patet
1137 787 1258 822 quam
1306 775 1433 822 turpis
1477 774 1549 810 fuit

183 843 303 878 iopes
339 830 482 867 mentis
527 832 620 866 lude
666 840 702 867 et
738 843 808 878 per
854 843 1102 879 consequens
1141 840 1246 868 totus
1284 832 1453 880 ipsemet
1493 841 1550 868 est

236 888 483 926 immundus.
528 891 576 924 Et
620 888 683 924 hic
727 897 837 936 patet
885 888 1035 925 facecia
1069 889 1229 935 Christi,
1278 892 1371 926 dum
1418 890 1548 927 verbis

237 945 491 994 generalibus
525 955 644 994 atque
689 958 847 982 summe
880 946 1145 994 prudentibus
1166 948 1313 995 prodit
1349 948 1547 984 maliciam

236 1003 453 1040 traditoris.
503 1005 580 1040 Sed
614 1003 677 1040 hic
710 1003 894 1040 diabolus
934 1004 1067 1052 posuit
1112 1005 1295 1052 pedicam
1344 1005 1547 1042 infidelem

235 1061 276 1097 in
309 1074 388 1109 qua
420 1062 563 1109 pedem
598 1070 758 1109 caperet
792 1062 1012 1098 christiani.
1059 1063 1280 1099 Introduxit
1314 1064 1419 1100 enim
1455 1076 1548 1100 con-

183 1118 447 1155 15fessi0nem
482 1119 680 1167 privatam
714 1119 1003 1156 infundabilem
1040 1129 1076 1156 et
1108 1130 1322 1169 postquam
1358 1121 1424 1158 illa
1458 1134 1549 1158 con-

234 1176 373 1213 fessori
417 1186 512 1213 nota
558 1176 675 1213 fuerit
718 1186 761 1213 ut
805 1178 932 1225 legem
984 1177 1122 1214 statuit
1167 1180 1275 1227 quod
1319 1192 1391 1215 nec
1435 1179 1549 1227 spiri-

234 1235 396 1271 tualiter
428 1247 500 1271 nec
530 1234 769 1282 generaliter
792 1237 989 1282 prodatur
1011 1237 1162 1283 populo
1188 1237 1356 1273 confessi
1389 1236 1550 1273 malicia

235 1301 593 1340 quantumcunque
626 1292 700 1328 sibi
743 1292 901 1329 evidens
945 1293 1062 1329 fuerit
1109 1297 1215 1342 quod
1264 1296 1313 1330 ad
1360 1307 1548 1342 magnum

235 1351 457 1398 dampnum
478 1350 642 1387 ecclesie
675 1350 855 1398 prodiret
878 1350 918 1386 in
942 1351 1098 1389 effectu.
1132 1354 1179 1388 Et
1203 1352 1342 1388 fundat
1366 1365 1406 1388 se
1430 1365 1550 1400 super

179 1409 311 1445 20hoc
363 1416 469 1444 textu
517 1408 747 1456 evangelico
793 1421 911 1456 quem
958 1418 1190 1448 tractamus,
1240 1411 1431 1455 Quamvis
1477 1423 1549 1446 nec

236 1466 421 1502 Scarioth
466 1466 668 1502 confessus
712 1466 786 1502 fuit
826 1466 985 1503 Christo
1031 1467 1234 1504 meritorie
1280 1481 1395 1503 suum
1435 1480 1550 1504 vene-

235 1536 377 1560 nosum
423 1523 676 1572 propositum
728 1536 801 1560 nec
849 1520 1017 1561 confessi
1070 1526 1167 1561 tales
1220 1526 1396 1562 dicentes
1441 1527 1550 1574 quod

235 1582 372 1618 volunt
403 1581 533 1618 facere
567 1583 701 1618 datam
738 1581 955 1628 maliciam,
992 1587 1044 1619 'ex
1090 1596 1169 1630 quo
1215 1583 1417 1620 evidenter
1456 1597 1549 1620 con-

235 1639 409 1675 cluditur
443 1640 550 1688 quod
584 1648 675 1675 sunt
708 1638 927 1676 inveterato
944 1640 1109 1676 crimine
1142 1641 1301 1677 irretiti:
1339 1641 1549 1678 maledicta

179 1701 217 1733 25
236 1709 328 1744 ergo
374 1706 430 1733 est
484 1698 640 1733 cautela
695 1696 845 1733 diaboli
899 1711 978 1746 qua
1040 1698 1171 1746 arguit
1226 1711 1297 1747 per
1347 1700 1480 1736 locum
1528 1712 1549 1735 a

234 1754 495 1790 similitudine
538 1754 697 1798 simiali,
743 1756 851 1802 quod
884 1755 915 1792 si
949 1756 1129 1792 Christus
1176 1756 1271 1793 dixit
1315 1769 1386 1804 per
1429 1758 1549 1793 verba

234 1812 436 1859 generalia
470 1813 629 1860 culpam
683 1825 802 1860 quam
852 1825 893 1849 ex
939 1826 979 1850 se
1013 1814 1200 1862 cognovit
1232 1814 1349 1850 huius
1383 1814 1546 1860 diaboli,

234 1882 304 1917 per
365 1869 470 1906 idem
534 1870 665 1906 nullus
734 1872 919 1907 sacerdos
994 1871 1121 1908 fidelis
1191 1880 1550 1921 quantumcunque

235 1927 437 1964 evidenter
459 1940 627 1964 noscens
655 1928 832 1964 futurum
859 1928 1010 1965 crimen
1034 1929 1208 1966 hominis
1230 1931 1291 1966 vel
1322 1931 1550 1966 hortaretur

178 1995 219 2026 30
235 1986 285 2021 ad
317 1985 551 2033 fugiendum
586 1987 689 2022 hanc
724 1986 924 2022 maculam
958 1987 1019 2023 vel
1053 1989 1215 2024 doceret
1246 1989 1441 2035 populum
1479 2000 1549 2036 per

234 2044 354 2079 verba
397 2043 598 2090 generalia
647 2052 766 2091 atque
819 2045 1041 2092 prudencia
1093 2047 1141 2081 ad
1194 2046 1272 2081 tale
1326 2045 1547 2093 periculum

234 2100 482 2148 fugiendum.
517 2102 622 2137 Idem
656 2100 760 2137 enim
797 2111 854 2138 est
886 2115 931 2138 ac
964 2102 995 2138 si
1027 2102 1293 2139 Antichristus
1327 2103 1550 2151 preciperet

235 2160 343 2206 quod
375 2170 494 2195 nemo
540 2160 656 2195 debet
701 2171 812 2195 suam
863 2160 1063 2196 maliciam
1098 2160 1307 2208 increpare
1339 2162 1399 2197 vel
1432 2174 1546 2197 suum

234 2215 458 2263 periculum
492 2217 642 2264 populo
675 2217 899 2264 propalare.
935 2217 1078 2254 Melius
1112 2217 1274 2266 quidem
1308 2227 1408 2255 esset
1441 2220 1550 2267 quod

179 2273 401 2314 350m11ino
435 2282 607 2310 cessaret
652 2274 848 2311 confessio
893 2275 968 2312 ista
1011 2275 1230 2324 sophistica
1275 2289 1394 2324 quam
1441 2278 1550 2324 quod

235 2331 428 2367 dormiret
467 2331 673 2379 correpcio
709 2333 780 2368 hec
824 2333 1063 2381 evangelica.
1113 2333 1294 2370 Christus
1338 2343 1472 2370 autem
1507 2346 1550 2370 ex

236 2388 527 2425 omnisciencia
559 2402 630 2426 sua
662 2389 772 2426 novit
805 2402 1049 2427 venenosum
1086 2392 1181 2427 lude
1214 2392 1466 2439 propositum
1513 2400 1549 2427 et

236 2446 339 2491 ideo,
374 2459 465 2483 cum
489 2446 602 2483 scivit
634 2447 763 2495 ipsum
794 2456 948 2484 tantum
983 2448 1179 2485 indirecte
1202 2449 1396 2497 proficere
1420 2449 1549 2485 noluit

235 2503 333 2539 illud
366 2503 602 2552 simpliciter
632 2505 847 2553 impedire3
881 2508 949 2542 sed
972 2507 1253 2554 prophetando
1288 2508 1547 2543 mandaverat

177 2573 221 2604 40
234 2562 337 2611 quod
356 2562 477 2609 facis,
501 2562 576 2610 fac
607 2563 735 2602 cicius.

1758 211 1837 247 305

1577 436 1826 499 ChristHshcwed

1706 480 1730 498 15

1592 507 1809 534 omniscience.

1576 899 1643 926 The
1665 899 1742 925 dcvi]
1766 899 1819 926 has

1611 934 1792 960 introduced

1644 968 1760 1003 private

1565 1003 1741 1030 confession
1763 1011 1796 1029 as
1817 1012 1831 1029 a

1623 1046 1711 1064 snare
1732 1038 1780 1064 for

1609 1073 1791 1100 Christians.

1608 1650 1752 1678 Mischief
1769 1650 1803 1677 of

1634 1685 1765 1720 kecping

1605 1720 1798 1747 confessions

1651 1759 1757 1782 sceret.

294 2618 372 2655 Ubi
424 2619 560 2656 fideles
611 2619 687 2656 tria
740 2620 916 2667 eliciunt,
968 2621 1100 2669 primo
1154 2622 1301 2658 claram
1355 2621 1544 2658 noticiam
1562 2629 1663 2657 Three
1684 2629 1787 2664 things
1807 2635 1837 2656 to

236 2676 383 2713 Christi
417 2678 464 2713 de
488 2677 592 2714 facto
626 2677 848 2726 proditorio
873 2678 1103 2715 Scariothis.
1141 2679 1205 2715 Sic
1236 2679 1339 2715 enim
1366 2679 1547 2716 Christus

303 2786 330 2813 8.
351 2787 402 2814 A:
420 2787 573 2814 dominum
594 2787 687 2814 deest.
780 2788 819 2815 m,
842 2789 884 2815 A:
905 2789 1013 2815 statuit
1033 2789 1131 2817 twice.
1231 2789 1276 2823 511.
1296 2790 1489 2825 periculum;
1508 2799 1545 2817 2111

232 2821 427 2855 propositum
448 2822 628 2856 legendum:
719 2830 760 2855 41*
783 2824 810 2849 A
832 2824 861 2849 in
883 2831 997 2858 marg:
1020 2831 1042 2850 1.

1367 2883 1407 2904 20

1598 2665 1633 2691 be
1654 2664 1795 2691 learned:
