1986 3289
180 213 227 248 30
777 216 896 247 OPUS
922 215 1259 247 EVANGELICUM
1289 216 1373 247 Llss.
1400 216 1454 247 III.
1570 204 1677 258 [CAR
1700 213 1779 241 VlII·

466 325 604 375 Aloysi
646 323 807 359 dicitur:
850 323 1059 372 Interroga
1098 329 1253 370 patrem
1305 330 1413 358 tuum
1459 330 1494 358 et
1545 322 1644 358 dicet
1694 323 1782 368 tibi,-

461 383 721 433 preshyteros
752 388 837 417 tuos
869 387 904 416 et
933 380 1216 415 annunciabunt
1241 380 1316 416 tibi.
1352 380 1405 416 Et
1432 380 1528 416 sicut
1559 381 1782 416 sacerdotes

467 441 540 476 nisi
585 452 734 476 omnem
769 438 968 474 veritatem
1016 438 1350 487 manifestaverint
1380 438 1416 474 in
1444 438 1604 487 populo,
1639 438 1782 474 dabunt

467 498 659 534 racionem
684 498 719 532 in
744 497 804 532 die
825 496 966 542 iudicii,
999 496 1096 532 sicut
1114 496 1204 531 dicit
1221 496 1412 532 Dominus
1443 496 1495 531 ad
1516 496 1783 548 Ezechielem.-

194 566 242 605 To
263 564 385 600 explain
406 563 442 603 it,
467 557 569 592 Ecce
600 555 881 605 speculatorem
916 561 951 590 te
978 554 1094 603 posui
1125 555 1261 590 domus
1293 554 1429 590 Israel.
1464 554 1507 589 Si
1537 566 1610 589 non
1634 553 1816 595 dixeris5

196 610 222 628 ¹⁵
242 600 387 670 tgffigisssg
408 601 439 626 ⁰¹
466 615 502 650 in
530 614 690 663 populo,
725 620 765 648 ut
797 626 818 648 a
854 612 925 648 viis
956 612 1035 648 suis
1062 612 1201 660 pravis
1235 612 1422 657 discedat,
1456 612 1535 661 ipse
1567 611 1717 660 quidem
1747 611 1782 647 in

462 672 632 722 peccatis
662 672 742 707 suis
773 670 975 717 morietur,
1008 671 1174 705 animam
1208 677 1336 705 autem
1368 670 1447 706 eius
1484 670 1530 706 de
1563 682 1677 705 manu
1719 677 1783 705 tua

469 730 680 779 requiram,
726 729 789 764 Sic
822 735 857 765 et
883 728 1054 777 populus
1085 740 1106 763 a
1139 728 1406 764 sacerdotibus
1438 727 1512 764 nisi
1542 727 1720 763 didicerit
1752 734 1786 763 et

468 788 696 838 cognoverit
740 786 955 832 veritatem,
1004 786 1109 822 dabit
1140 786 1334 822 racionem
1368 786 1403 821 in
1438 785 1498 821 die
1530 778 1679 821 iudicii:
1722 785 1786 821 Sic

469 847 567 883 enim
602 845 693 882 dicit
726 845 926 894 Sapiencia
959 845 1011 880 ad
1037 845 1248 893 populum:
1285 843 1556 880 Extendebam
1589 855 1786 879 sermones
1806 863 1845 884 10

471 916 576 941 meos
607 911 642 940 et
674 916 747 939 non
779 903 1018 947 audiebatis;
1060 903 1144 937 ideo
1189 903 1302 938 modo
1335 902 1370 937 in
1405 909 1534 938 vestra
1562 901 1788 950 perdicione

472 963 603 999 ridere
666 961 765 998 volo.
821 962 927 997 Sicut
979 961 1077 996 enim
1126 960 1421 1009 paterfamilias
1472 959 1675 996 cellarium
1721 966 1788 994 aut

474 1020 697 1056 vestiarium
730 1031 840 1055 suum
874 1031 947 1054 non
980 1019 1094 1055 habet
1125 1018 1344 1067 expositum
1378 1018 1535 1065 cunctis,
1578 1018 1647 1053 sed
1693 1017 1791 1053 alios

474 1079 626 1128 quidem
659 1078 773 1114 habet
804 1077 839 1113 in
864 1078 977 1113 domo
998 1077 1065 1126 qui
1086 1077 1190 1121 dant,
1224 1076 1323 1112 alios
1346 1084 1472 1112 autem
1497 1076 1561 1124 qui
1582 1075 1791 1125 accipiunt,-

474 1137 528 1173 sic
561 1144 597 1172 et
628 1136 664 1171 in
698 1136 811 1172 domo
845 1135 922 1171 Dei
952 1135 1021 1171 alii
1049 1142 1137 1171 sunt
1166 1134 1233 1183 qui
1263 1135 1411 1181 docent,
1445 1141 1481 1170 et
1512 1134 1581 1169 alii
1610 1141 1698 1170 sunt
1730 1132 1848 1182 qui15

475 1195 634 1231 discunt.
670 1194 822 1230 Deinde
854 1194 1059 1229 obscurata
1082 1200 1137 1229 est
1159 1192 1297 1228 noticia
1331 1192 1518 1236 veritatis,
1552 1204 1597 1228 ne
1618 1204 1690 1228 non
1713 1198 1792 1227 tam

475 1253 577 1289 utilis
609 1252 826 1288 inveniatur
856 1264 970 1301 quam
1004 1250 1310 1300 contemptibilis.
1356 1249 1662 1299 Contemptibilis
1694 1249 1792 1285 enim

475 1319 543 1357 est,
605 1310 640 1346 si
682 1311 728 1346 ab
773 1310 849 1346 illis
893 1310 1138 1359 intelligatur
1185 1322 1207 1344 a
1246 1309 1379 1357 quibus
1426 1320 1493 1344 nec
1536 1314 1695 1343 amatur
1727 1318 1794 1343 nec

475 1369 702 1406 custoditur.
737 1369 824 1405 Non
858 1380 955 1418 ergo
989 1367 1210 1403 abscondita
1243 1374 1299 1403 est
1331 1367 1366 1402 in
1399 1365 1605 1415 scripturis
1638 1365 1795 1411 veritas,

475 1428 543 1464 sed
575 1427 751 1473 obscura,
785 1439 857 1463 non
893 1433 931 1462 ut
963 1438 1036 1461 non
1069 1425 1268 1461 inveniant
1300 1437 1383 1461 eam
1416 1424 1481 1473 qui
1509 1431 1676 1473 querunt
1698 1435 1795 1469 eam,
1812 1441 1854 1463 20

476 1486 545 1522 sed
577 1492 617 1520 ut
649 1497 721 1521 non
762 1484 915 1520 videant
959 1496 1042 1519 eam
1077 1484 1140 1532 qui
1169 1494 1332 1532 querere
1369 1483 1478 1518 illam
1508 1482 1641 1518 nolunt
1679 1488 1719 1517 ut
1746 1481 1797 1516 ad

479 1544 637 1580 illorum
683 1543 834 1591 quidem
879 1542 1051 1593 gloriam
1100 1539 1296 1591 pertineat
1348 1541 1412 1589 qui
1453 1540 1647 1576 inveniunt
1697 1551 1796 1585 eam,

479 1602 565 1651 quia
618 1601 940 1637 desideraverunt
1001 1612 1083 1636 eam
1141 1607 1176 1636 et
1230 1599 1451 1648 quesierunt
1495 1606 1530 1634 et
1572 1598 1798 1633 invenerunt

479 1673 577 1706 eam,
623 1659 674 1694 ad
717 1659 874 1694 illorum
920 1665 1046 1694 autem
1090 1657 1492 1706 condempnacionem,
1536 1655 1600 1705 qui
1636 1667 1709 1691 non
1742 1655 1797 1690 in-

481 1725 666 1754 venerunt
689 1729 786 1763 eam,
819 1717 905 1765 quia
929 1728 995 1752 nec
1018 1716 1338 1752 desideraverunt
1369 1727 1451 1751 eam
1485 1726 1552 1750 nec
1583 1713 1800 1762 quesierunt
1815 1721 1855 1753 25

481 1789 547 1813 nec
592 1775 831 1812 invenerunt.
878 1775 959 1810 Nec
986 1782 1116 1823 potest
1160 1774 1212 1810 eis
1245 1785 1326 1809 esse
1358 1772 1564 1809 excusacio
1598 1772 1799 1820 condemp-

482 1833 651 1870 nacionis
683 1832 911 1884 ignorancia
936 1833 1124 1879 veritatis,
1157 1832 1290 1881 quihus
1312 1831 1398 1879 fuit
1429 1829 1645 1866 inveniendi
1665 1829 1800 1878 facul-

482 1900 554 1939 tas,
595 1888 600 1940 1
628 1891 662 1928 si
683 1891 831 1940 fuisset
863 1891 1049 1940 querendi
1080 1890 1269 1927 voluntas.
1305 1889 1406 1925 Nam
1439 1889 1474 1925 si
1504 1888 1662 1935 veritas,
1682 1887 1800 1930 salus,
1837 1886 1920 1925 407e

483 1959 518 1987 et
563 1950 640 1986 vita
685 1957 741 1985 est
785 1949 1103 2000 cognoscencium
1147 1960 1200 1995 se,
1247 1947 1375 1997 magis
1408 1947 1517 1982 debet
1549 1945 1659 1994 queri
1687 1957 1800 1994 quam

484 2020 659 2058 querere.
690 2008 894 2052 Quomodo
918 2007 1148 2042 claudebant
1169 2006 1389 2055 scripturas
1410 2004 1664 2041 sacerdotes?
1684 2003 1803 2038 Aliud
1819 2011 1860 2043 30

480 2079 556 2117 pro
590 2066 666 2102 alio
700 2066 1012 2115 interpretantes,
1047 2072 1210 2114 utputa
1244 2063 1335 2099 dicit
1366 2062 1508 2099 Isaias:
1544 2063 1632 2111 Ipse
1664 2060 1801 2097 Domi-

486 2137 556 2161 nus
588 2124 710 2160 veniet
742 2131 777 2161 et
808 2123 976 2160 salvabit
1008 2136 1087 2160 nos.
1129 2123 1233 2158 Tunc
1255 2121 1481 2171 aperientur
1503 2120 1605 2156 oculi
1624 2131 1801 2156 cecorum

486 2191 521 2219 et
553 2195 668 2219 aures
699 2183 912 2218 surdorum
947 2189 981 2216 et
1013 2181 1146 2231 lingua
1179 2187 1374 2216 mutorum
1409 2179 1553 2215 diserta
1586 2178 1671 2215 erit.
1720 2177 1804 2212 Hec

485 2242 598 2291 signa
642 2247 754 2276 erunt
800 2241 988 2275 adventus
1037 2238 1195 2274 Christi.
1255 2237 1420 2281 Quando
1465 2248 1562 2286 ergo
1615 2235 1804 2271 Dominus

488 2306 633 2335 mutum
680 2298 832 2334 sanavit
875 2306 910 2334 et
946 2298 1123 2343 surdum,
1166 2296 1279 2332 Judei
1310 2307 1501 2344 perversa
1533 2293 1860 2333 adinvencione35

490 2358 684 2393 dicebant.-
714 2356 792 2392 Hic
825 2369 896 2392 non
930 2356 1015 2391 eicit
1047 2354 1222 2391 demonia
1257 2353 1330 2389 nisi
1360 2353 1395 2388 in
1419 2352 1610 2404 Belzebub
1629 2350 1806 2400 principe

490 2415 770 2461 demoniorum,
815 2422 855 2449 ut
901 2421 1123 2449 averterent
1162 2412 1348 2461 populum
1394 2411 1523 2460 afide
1555 2409 1684 2459 ipsius.
1730 2408 1804 2443 Aut

560 2636 586 2658 7.
608 2629 654 2655 A:
682 2627 866 2654 morientur.
975 2626 1003 2653 8.
1036 2625 1073 2651 B:
1108 2623 1278 2651 didiscerit.
1396 2630 1430 2648 11.
1464 2621 1502 2647 B:
1537 2627 1592 2647 nec
1621 2618 1806 2646 audiebatis,

494 2671 530 2691 12.
552 2664 596 2690 A:
620 2663 727 2689 ridire.
827 2660 864 2688 13.
887 2661 929 2688 A:
952 2660 1074 2694 exponi.
1168 2658 1205 2685 15.
1228 2659 1273 2684 A:
1296 2660 1324 2684 et
1344 2659 1413 2684 sunt
1434 2656 1528 2682 deest.
1622 2654 1663 2680 10.
1686 2653 1723 2680 B:
1746 2661 1806 2680 non

494 2699 588 2725 deest.
698 2704 742 2723 20.
766 2696 803 2722 1-3:
826 2704 893 2723 cam
915 2695 1008 2722 deest.
1113 2692 1223 2720 23μ25.
1254 2693 1297 2719 A:
1327 2694 1358 2719 et
1375 2690 1555 2726 quesierunt
1572 2705 1604 2708 -—
1626 2696 1691 2715 eam
1713 2688 1805 2715 deest.

571 2803 595 2824 1.
624 2793 721 2823 Cant.
749 2791 882 2830 XXXII,
910 2800 942 2832 7.
995 2790 1022 2820 5.
1051 2790 1110 2820 ΕΖ.
1140 2789 1192 2827 ΙΙΙ,
1226 2798 1272 2829 17,
1306 2786 1355 2817 18.
1417 2796 1465 2816 10.
1494 2785 1596 2815 Prov.
1623 2784 1645 2823 Ι,
1674 2782 1727 2822 25,
1756 2780 1808 2813 26.

497 2842 548 2871 31.
578 2840 617 2869 Is.
644 2839 778 2876 XXXV⁷
806 2836 906 2877 4-(3.
983 2835 1034 2868 36.
1063 2834 1181 2865 Matth.
1208 2834 1276 2872 XII,
1307 2843 1358 2872 24.
