1986 3289
201 209 281 256 258

270 330 406 357 Jerome:

235 365 303 392 The
323 364 441 392 wicked

279 404 403 426 servant

203 434 356 469 neglected
380 433 478 461 God's

242 470 437 496 commands.

213 617 281 645 The
302 617 427 652 parable
447 616 473 643 is

237 652 287 679 the
308 660 392 679 same
412 659 445 678 as

236 688 301 714 that
320 687 383 713 told
406 686 445 722 by

261 722 302 749 St.
324 721 418 748 Lukc.

231 1414 454 1450 Chrysostomx

270 1449 353 1484 why
374 1449 423 1475 the

212 1483 330 1511 wicked
352 1486 475 1509 servant

224 1519 251 1545 is
273 1523 326 1545 not
345 1517 462 1544 deacon

260 1561 296 1580 or
317 1552 422 1587 priest.

276 2060 357 2095 Only
376 2059 427 2085 the

237 2094 394 2156 Ἇῗὲἑῖἒὲἒ
415 2101 465 2163 {3⁶

806 214 924 245 OPUS
950 212 1286 245 EVANGELICUM
1315 212 1398 242 LIB.
1425 212 1478 242 III.
1564 199 1671 253 [CAP.
1692 208 1798 236 LXIX.

550 321 679 367 Super
701 332 781 368 quo
795 321 1055 367 Jeronymus:
1080 318 1255 367 Nequam
1277 330 1413 354 servus
1435 317 1601 353 terrenis
1624 317 1802 366 operibus

492 385 528 413 et
559 378 679 413 seculi
710 378 905 426 voluptate
927 377 1003 412 Dei
1027 383 1211 425 precepta
1235 375 1410 426 neglexit
1433 383 1468 411 et
1482 375 1638 424 polluit,
1670 387 1801 423 quam-

493 447 605 483 quam
639 435 675 470 in
709 436 784 471 alio
832 435 1069 485 evangelista
1114 434 1296 482 scriptum
1340 433 1389 469 sit
1419 433 1522 481 quod
1565 432 1601 468 in
1643 433 1802 468 sudario

494 493 690 543 ligaverit,
744 493 783 528 id
826 500 893 537 est,
947 492 1163 528 doctrinam
1202 490 1507 540 patrisfamilias
1556 489 1726 526 molliter
1769 497 1804 526 et

494 549 659 587 delicate
691 550 852 586 vivendo
885 549 1096 586 enervavit.
1130 550 1212 585 Hec
1244 550 1494 595 Jeronymus.
1821 550 1836 582 5

551 607 720 644 Videtur
752 607 872 644 istum
898 616 1080 643 sanctum
1116 606 1261 642 sentire
1284 607 1391 654 quod
1424 607 1565 641 eadem
1600 614 1658 641 est
1688 617 1804 652 para-

496 666 588 701 bola
622 678 744 714 quam
769 665 950 701 Christus
974 665 1038 701 hic
1063 663 1249 712 exprimit
1272 662 1440 700 Matthei
1462 664 1579 709 XXV,
1613 671 1650 698 et
1683 675 1803 710 quarn

496 724 624 759 Lucas
657 723 841 771 exprimit
875 725 979 759 Luce
1018 723 1115 758 XIX.
1161 723 1243 758 Nec
1271 730 1327 758 est
1360 719 1644 757 inconveniens
1696 721 1803 767 quod

495 789 626 817 stante
671 782 812 817 eadem
857 779 1062 816 sentencia
1105 779 1344 827 interpretes
1384 779 1425 814 in
1458 777 1624 814 diversis
1660 777 1805 825 linguis

494 839 722 875 habuerunt
754 839 873 874 verba
906 836 1128 882 dissimilia,
1169 846 1212 873 ut
1246 849 1351 881 mna,
1396 836 1607 882 talentum,
1641 843 1807 883 possunt
1827 848 1864 868 10

494 896 601 932 idem
657 897 808 932 donum
850 895 923 931 Dei
968 895 1201 943 exprimere,
1250 903 1287 931 et
1331 893 1557 942 duplicacio
1594 892 1734 929 talenti
1766 892 1807 928 in

496 966 737 1003 quocunque
782 966 951 989 numero
997 953 1154 1001 signata
1197 952 1315 988 fuerit
1358 951 1628 999 multiplicare
1660 950 1808 998 poterit

496 1013 863 1060 quomodocunque
888 1013 971 1047 Deo
996 1010 1194 1059 placuerit
1223 1010 1328 1046 idem
1360 1009 1559 1057 premium
1584 1008 1625 1044 in
1645 1008 1809 1055 effectu;

496 1079 532 1106 et
577 1069 632 1106 ita
676 1082 849 1118 nequam
905 1081 1040 1105 servus
1083 1077 1215 1116 potest
1260 1069 1507 1104 abscondere
1539 1067 1732 1103 talentum
1767 1065 1808 1101 in

495 1136 615 1173 terra,
666 1128 760 1163 dum
807 1127 848 1163 in
893 1126 1062 1163 terrenis
1096 1126 1251 1163 actibus
1291 1134 1348 1162 est
1386 1124 1587 1172 solicitus;
1641 1132 1678 1160 et
1716 1126 1865 1160 mnaso

497 1198 615 1234 quam
667 1198 689 1221 a
734 1187 817 1221 Deo
863 1193 1076 1233 acceperat
1122 1193 1179 1221 est
1224 1183 1440 1220 mundanis
1485 1181 1809 1219 solicitudinibus

498 1256 575 1292 que
608 1251 701 1279 sunt
734 1242 940 1279 sudarium
965 1242 1158 1279 involuta.
1192 1244 1240 1277 Et
1272 1241 1390 1278 istam
1424 1240 1670 1277 sentenciam
1695 1239 1809 1275 time-

497 1310 585 1337 rent
619 1300 798 1349 episcopi
845 1309 882 1336 et
915 1300 1058 1348 prelati
1091 1299 1122 1336 si
1154 1313 1235 1336 non
1268 1299 1414 1336 fuerint
1445 1297 1663 1346 frigiditate
1696 1310 1810 1333 mun-

496 1360 601 1395 dana
633 1359 673 1394 in
706 1358 868 1395 racione
902 1358 994 1394 fidei
1027 1355 1254 1405 stupefacti.

555 1416 827 1453 Crisostomus
881 1424 1014 1452 autem
1068 1428 1187 1463 super
1231 1415 1308 1451 isto
1361 1423 1466 1450 textu
1512 1413 1568 1450 sic
1611 1412 1869 1461 loquitur:20

498 1475 633 1510 Primo
667 1475 867 1510 videamus
915 1481 954 1509 ut
984 1473 1078 1523 quid
1109 1485 1228 1522 neque
1260 1472 1326 1509 ille
1359 1472 1424 1521 qui
1460 1473 1534 1508 duo
1567 1472 1710 1507 talenta
1744 1471 1811 1506 lia-

497 1533 575 1568 buit
608 1532 852 1568 abscondisse
897 1532 1040 1567 talenta
1078 1543 1146 1567 sua
1175 1530 1425 1580 proponitur,
1469 1543 1552 1566 cum
1587 1529 1699 1565 multi
1730 1529 1812 1564 dia-

499 1590 586 1626 coni
616 1589 863 1626 inveniantur
894 1589 1060 1636 inutiles,
1106 1601 1225 1637 neque
1257 1589 1322 1624 ille
1352 1588 1418 1637 qui
1459 1588 1607 1636 accepit
1639 1586 1812 1635 quinque,

499 1660 582 1684 cum
617 1648 730 1683 multi
763 1647 942 1683 doctores
975 1647 1221 1682 inveniantur
1253 1646 1418 1687 inutiles,
1471 1646 1539 1682 sed
1570 1645 1634 1680 ille
1665 1651 1812 1679 tantum

499 1706 563 1754 qui
593 1718 706 1741 unum
741 1705 899 1754 accepit,
939 1705 978 1740 id
1011 1712 1078 1751 est,
1106 1705 1287 1754 populus.
1322 1704 1496 1739 Attende.
1543 1704 1652 1739 Deus
1681 1714 1814 1738 secun·
1831 1708 1870 1740 25

501 1764 590 1799 dum
619 1762 898 1812 prescienciam
931 1775 1057 1808 suam,
1111 1763 1198 1798 licet
1228 1762 1325 1798 sciat
1356 1761 1419 1809 qui
1450 1761 1540 1796 iusti
1561 1759 1699 1809 futuri
1727 1766 1815 1796 sunt

500 1829 535 1857 et
574 1822 637 1869 91ιί
674 1820 815 1865 iniusti,
846 1816 850 1871 Ι
879 1827 1006 1856 tamen
1051 1832 1182 1855 omnes
1226 1826 1335 1861 vocat
1373 1819 1425 1854 ad
1455 1819 1580 1868 fidem
1635 1818 1731 1853 dans
1762 1816 1815 1852 eis
1851 1822 1917 1855 429

499 1879 702 1929 gracianm
754 1878 916 1914 credens
968 1877 1064 1913 enim
1106 1878 1141 1913 in
1181 1877 1377 1913 Christum
1411 1877 1512 1925 quod
1543 1882 1599 1912 est
1630 1875 1814 1911 talentum

501 1937 651 1985 qzrtia'em
685 1936 790 1971 bonis
828 1936 879 1970 ad
917 1935 1094 1978 salutem,
1140 1935 1253 1971 malis
1297 1941 1421 1969 autem
1467 1934 1518 1969 aa'
1556 1932 1814 1982 preiudicium

502 2001 540 2029 ut
585 1993 865 2029 inexcusabiles
887 1993 1003 2043 fiant.
1056 1993 1241 2029 Diaconis
1286 1999 1411 2027 autem
1451 1998 1563 2040 atque
1595 1990 1817 2027 doctoribus
1832 1998 1874 2030 30

503 2052 711 2088 secundum
756 2063 864 2086 suam
892 2050 1188 2100 providenciam
1201 2064 1215 2094 ,·
1258 2049 1335 2085 illis
1369 2049 1523 2085 videtur
1555 2049 1662 2084 Deus
1693 2047 1815 2083 iniun-

503 2122 600 2159 gere
644 2109 902 2144 ministerium
939 2108 1165 2144 diaconatus
1204 2114 1269 2143 aut
1302 2107 1606 2158 presbyteratus
1637 2106 1702 2154 qui
1730 2112 1818 2141 sunt

214 2163 284 2191 God
300 2163 412 2198 ΡΓῙΕΞᾸ5
428 2162 487 2189 3Πά
504 2167 605 2212 iusti,
651 2166 715 2215 qui
745 2174 870 2202 autem
905 2166 1045 2211 iniusti,
1086 2166 1173 2201 illos
1205 2165 1384 2201 videntur
1416 2164 1586 2200 homines
1618 2163 1818 2199 ordinasse

278 2199 422 2226 deacons.

507 2236 579 2260 non
612 2224 732 2260 Deus.
768 2224 824 2259 Ab
857 2224 963 2259 exitu
997 2235 1094 2273 ergo
1128 2222 1188 2258 rei
1218 2222 1467 2272 cognoscitur
1499 2222 1563 2270 qui
1591 2233 1613 2256 a
1646 2220 1729 2256 Deo
1762 2227 1818 2256 est

505 2282 707 2318 ordinatus
740 2289 774 2317 et
805 2282 869 2330 qui
889 2282 935 2317 ab
959 2281 1184 2317 hominibus.
1227 2280 1305 2330 Qui
1326 2280 1424 2315 enim
1449 2280 1539 2315 bene
1561 2278 1815 2314 ministerium
1833 2285 1873 2317 35

503 2352 613 2376 suum
649 2339 989 2388 consummaverit,
1034 2345 1199 2387 apparet
1232 2338 1318 2386 quia
1351 2349 1402 2373 ex
1435 2337 1518 2373 Deo
1538 2337 1682 2385 fuerat
1712 2335 1817 2371 ordi-

505 2404 628 2440 natus,
661 2397 727 2446 qui
757 2404 881 2432 autem
915 2396 1169 2432 ministerium
1202 2408 1311 2431 suum
1346 2395 1448 2431 male
1479 2393 1817 2439 consummaverit,

507 2467 557 2491 ex
580 2455 798 2491 hominibus
823 2454 1026 2490 ordinatus
1042 2461 1111 2489 est.
1142 2453 1345 2497 Quomodo
1369 2459 1493 2488 autem
1513 2452 1667 2500 quidam
1689 2462 1818 2486 sacer-

507 2514 614 2548 dotes
647 2524 698 2548 ex
730 2512 947 2548 hominibus
970 2512 1216 2557 ordinantur,
1249 2510 1453 2558 manifeste
1485 2509 1521 2545 in
1555 2509 1819 2548 librooctavo

577 2655 596 2673 1.
618 2647 647 2673 A
669 2645 698 2673 in
725 2654 838 2680 marg:
867 2646 1052 2679 ,leronymus
1151 2644 1176 2671 5.
1199 2644 1237 2671 B:
1261 2642 1461 2673 enumeravit.
1553 2642 1581 2669 6.
1602 2642 1630 2668 A
1651 2640 1681 2667 in
1702 2648 1816 2675 marga

504 2681 676 2708 ,lohannes
750 2688 787 2707 12.
808 2681 852 2707 A:
875 2687 1073 2715 quecunque,·
1093 2679 1132 2705 ib.
1163 2679 1206 2706 A:
1229 2678 1449 2711 multipliciter.
1542 2683 1587 2703 20.
1608 2677 1636 2702 A
1657 2675 1686 2702 in
1703 2682 1816 2708 marg:

509 2716 726 2742 Crimstomus.
819 2714 858 2742 25.
882 2714 999 2741 codd:
1018 2714 1175 2749 populum.
1283 2712 1329 2740 36.
1352 2711 1518 2748 Btfueril.
1633 2708 1677 2737 38.
1699 2710 1744 2736 A:
1767 2717 1817 2736 or-

507 2751 644 2777 dinatur.
744 2748 861 2783 38—39.
884 2748 1329 2783 A:quomodo-ordz'nantur
1349 2747 1443 2773 deest.
1539 2744 1584 2780 39.
1606 2745 1649 2771 A:
1670 2744 1700 2771 in
1722 2744 1812 2770 deest.

582 2832 605 2851 1.
634 2822 772 2851 comm.
800 2821 832 2851 in
853 2819 969 2851 Matth.
998 2830 1075 2861 pag.
1104 2818 1178 2850 206.
1259 2829 1311 2849 21.
1339 2819 1406 2859 Op.
1434 2818 1515 2858 Imp.
1542 2817 1563 2847 1:
1590 2825 1711 2857 opag-
1730 2814 1815 2857 964.
