<?xml version="1.0" encoding="UTF-8"?>
<!DOCTYPE html PUBLIC "-//W3C//DTD XHTML 1.0 Transitional//EN"
    "http://www.w3.org/TR/xhtml1/DTD/xhtml1-transitional.dtd">
<html xmlns="http://www.w3.org/1999/xhtml" xml:lang="en" lang="en">
 <head>
  <title>
</title>
<meta http-equiv="Content-Type" content="text/html;charset=utf-8" />
  <meta name='ocr-system' content='tesseract 3.04.00' />
  <meta name='ocr-capabilities' content='ocr_page ocr_carea ocr_par ocr_line ocrx_word'/>
</head>
<body>
  <div class='ocr_page' id='page_1' title='image "./opusevangelicum34wycl/opusevangelicum34wycl_0255.png"; bbox 0 0 1986 3289; ppageno 0'>
   <div class='ocr_carea' id='block_1_1' title="bbox 218 200 1808 262">
    <p class='ocr_par' dir='ltr' id='par_1_1' title="bbox 218 200 1808 262">
     <span class='ocr_line' id='line_1_1' title="bbox 218 200 1808 262; baseline 0.008 -19"><span class='ocrx_word' id='word_1_1' title='bbox 218 212 305 241; x_wconf 68' lang='lat' dir='ltr'>CAP.</span> <span class='ocrx_word' id='word_1_2' title='bbox 327 200 423 258; x_wconf 65' lang='lat' dir='ltr'>LIX]</span> <span class='ocrx_word' id='word_1_3' title='bbox 604 217 663 248; x_wconf 76' lang='lat' dir='ltr'><em>DE</em></span> <span class='ocrx_word' id='word_1_4' title='bbox 691 217 1005 250; x_wconf 78' lang='lat' dir='ltr'>ANTICHRISTO</span> <span class='ocrx_word' id='word_1_5' title='bbox 1034 219 1117 250; x_wconf 64' lang='grc' dir='ltr'><em>ΜΒ.</em></span> <span class='ocrx_word' id='word_1_6' title='bbox 1146 220 1168 250; x_wconf 89' lang='lat'><em>1.</em></span> <span class='ocrx_word' id='word_1_7' title='bbox 1731 224 1808 262; x_wconf 85' lang='lat'><em>217</em></span> 
     </span>
    </p>
   </div>
   <div class='ocr_carea' id='block_1_2' title="bbox 720 333 1018 374">
    <p class='ocr_par' dir='ltr' id='par_1_2' title="bbox 720 333 1018 374">
     <span class='ocr_line' id='line_1_2' title="bbox 720 333 1018 374; baseline 0 -1"><span class='ocrx_word' id='word_1_8' title='bbox 720 333 858 374; x_wconf 86' lang='lat' dir='ltr'><strong>CAP.</strong></span> <span class='ocrx_word' id='word_1_9' title='bbox 890 333 1018 374; x_wconf 86' lang='lat' dir='ltr'><strong>LIX.</strong></span> 
     </span>
    </p>
   </div>
   <div class='ocr_carea' id='block_1_3' title="bbox 86 440 1523 782">
    <p class='ocr_par' dir='ltr' id='par_1_3' title="bbox 86 440 1523 782">
     <span class='ocr_line' id='line_1_3' title="bbox 273 440 1522 490; baseline -0.001 -14"><span class='ocrx_word' id='word_1_10' title='bbox 273 440 461 488; x_wconf 81' lang='lat' dir='ltr'>Sequitur</span> <span class='ocrx_word' id='word_1_11' title='bbox 494 440 532 476; x_wconf 87' lang='lat' dir='ltr'><em>in</em></span> <span class='ocrx_word' id='word_1_12' title='bbox 565 449 671 476; x_wconf 84' lang='lat' dir='ltr'><em>textu</em></span> <span class='ocrx_word' id='word_1_13' title='bbox 704 440 889 479; x_wconf 78' lang='lat' dir='ltr'><em>Matthei:</em></span> <span class='ocrx_word' id='word_1_14' title='bbox 924 441 1029 477; x_wconf 85' lang='lat' dir='ltr'><em>Sicut</em></span> <span class='ocrx_word' id='word_1_15' title='bbox 1062 449 1186 477; x_wconf 87' lang='lat' dir='ltr'><em>autem</em></span> <span class='ocrx_word' id='word_1_16' title='bbox 1209 441 1294 490; x_wconf 82' lang='lat' dir='ltr'><em>fuit</em></span> <span class='ocrx_word' id='word_1_17' title='bbox 1327 442 1362 477; x_wconf 88' lang='lat' dir='ltr'><em>in</em></span> <span class='ocrx_word' id='word_1_18' title='bbox 1391 442 1522 477; x_wconf 80' lang='lat' dir='ltr'><em>diebus</em></span> 
     </span>
     <span class='ocr_line' id='line_1_4' title="bbox 215 498 1523 548; baseline 0.002 -15"><span class='ocrx_word' id='word_1_19' title='bbox 215 498 310 545; x_wconf 76' lang='lat' dir='ltr'><em>Noe,</em></span> <span class='ocrx_word' id='word_1_20' title='bbox 343 499 394 533; x_wconf 89' lang='lat' dir='ltr'><em>ita</em></span> <span class='ocrx_word' id='word_1_21' title='bbox 429 499 501 534; x_wconf 88' lang='lat' dir='ltr'><em>erit</em></span> <span class='ocrx_word' id='word_1_22' title='bbox 534 506 568 534; x_wconf 86' lang='lat' dir='ltr'><em>et</em></span> <span class='ocrx_word' id='word_1_23' title='bbox 599 499 786 534; x_wconf 71' lang='lat' dir='ltr'><em>adventus</em></span> <span class='ocrx_word' id='word_1_24' title='bbox 807 498 889 548; x_wconf 84' lang='lat' dir='ltr'><em>filii</em></span> <span class='ocrx_word' id='word_1_25' title='bbox 920 499 1105 543; x_wconf 74' lang='lat' dir='ltr'><em>lzonzinz·s;</em></span> <span class='ocrx_word' id='word_1_26' title='bbox 1147 499 1243 535; x_wconf 83' lang='lat' dir='ltr'><em>sicut</em></span> <span class='ocrx_word' id='word_1_27' title='bbox 1281 500 1378 535; x_wconf 88' lang='lat' dir='ltr'><em>enim</em></span> <span class='ocrx_word' id='word_1_28' title='bbox 1413 508 1523 535; x_wconf 90' lang='lat' dir='ltr'><em>erant</em></span> 
     </span>
     <span class='ocr_line' id='line_1_5' title="bbox 214 556 1521 604; baseline 0.001 -14"><span class='ocrx_word' id='word_1_29' title='bbox 214 556 249 590; x_wconf 87' lang='lat' dir='ltr'><em>in</em></span> <span class='ocrx_word' id='word_1_30' title='bbox 283 556 413 591; x_wconf 78' lang='lat' dir='ltr'><em>diebus</em></span> <span class='ocrx_word' id='word_1_31' title='bbox 444 564 531 592; x_wconf 85' lang='lat' dir='ltr'><em>aute</em></span> <span class='ocrx_word' id='word_1_32' title='bbox 564 556 749 592; x_wconf 78' lang='lat' dir='ltr'><em>diluvium</em></span> <span class='ocrx_word' id='word_1_33' title='bbox 783 557 1022 592; x_wconf 72' lang='lat' dir='ltr'><em>comedentes</em></span> <span class='ocrx_word' id='word_1_34' title='bbox 1063 564 1098 592; x_wconf 91' lang='lat' dir='ltr'><em>et</em></span> <span class='ocrx_word' id='word_1_35' title='bbox 1130 557 1307 604; x_wconf 82' lang='lat' dir='ltr'><em>hibentes,</em></span> <span class='ocrx_word' id='word_1_36' title='bbox 1343 558 1521 593; x_wconf 73' lang='lat' dir='ltr'><em>nubentes</em></span> 
     </span>
     <span class='ocr_line' id='line_1_6' title="bbox 182 614 1523 663; baseline 0 -13"><span class='ocrx_word' id='word_1_37' title='bbox 182 619 249 651; x_wconf 64' lang='lat' dir='ltr'><em>iet</em></span> <span class='ocrx_word' id='word_1_38' title='bbox 281 614 415 662; x_wconf 83' lang='lat' dir='ltr'><em>nuptui</em></span> <span class='ocrx_word' id='word_1_39' title='bbox 445 615 641 650; x_wconf 74' lang='lat' dir='ltr'><em>tradentes</em></span> <span class='ocrx_word' id='word_1_40' title='bbox 671 627 787 663; x_wconf 82' lang='lat' dir='ltr'><em>usque</em></span> <span class='ocrx_word' id='word_1_41' title='bbox 818 615 869 649; x_wconf 85' lang='lat' dir='ltr'><em>aa&#39;</em></span> <span class='ocrx_word' id='word_1_42' title='bbox 900 627 983 650; x_wconf 85' lang='lat' dir='ltr'><em>eum</em></span> <span class='ocrx_word' id='word_1_43' title='bbox 1015 615 1114 650; x_wconf 82' lang='lat' dir='ltr'><em>diem</em></span> <span class='ocrx_word' id='word_1_44' title='bbox 1147 627 1218 663; x_wconf 78' lang='lat' dir='ltr'><em>quo</em></span> <span class='ocrx_word' id='word_1_45' title='bbox 1248 615 1407 650; x_wconf 81' lang='lat' dir='ltr'><em>intravit</em></span> <span class='ocrx_word' id='word_1_46' title='bbox 1439 615 1523 650; x_wconf 86' lang='lat' dir='ltr'><em>Noe</em></span> 
     </span>
     <span class='ocr_line' id='line_1_7' title="bbox 213 672 1521 722; baseline 0.001 -15"><span class='ocrx_word' id='word_1_47' title='bbox 213 672 248 707; x_wconf 86' lang='lat' dir='ltr'><em>in</em></span> <span class='ocrx_word' id='word_1_48' title='bbox 281 684 429 715; x_wconf 71' lang='lat' dir='ltr'><em>arcam,</em></span> <span class='ocrx_word' id='word_1_49' title='bbox 484 680 518 707; x_wconf 89' lang='lat' dir='ltr'><em>et</em></span> <span class='ocrx_word' id='word_1_50' title='bbox 562 684 634 708; x_wconf 90' lang='lat' dir='ltr'><em>non</em></span> <span class='ocrx_word' id='word_1_51' title='bbox 667 679 935 722; x_wconf 73' lang='lat' dir='ltr'><em>cognoverunt</em></span> <span class='ocrx_word' id='word_1_52' title='bbox 980 673 1098 708; x_wconf 78' lang='lat' dir='ltr'><em>donec</em></span> <span class='ocrx_word' id='word_1_53' title='bbox 1137 673 1235 708; x_wconf 64' lang='lat' dir='ltr'><em>venit</em></span> <span class='ocrx_word' id='word_1_54' title='bbox 1268 673 1452 708; x_wconf 80' lang='lat' dir='ltr'><em>diluvium</em></span> <span class='ocrx_word' id='word_1_55' title='bbox 1487 680 1521 708; x_wconf 88' lang='lat' dir='ltr'><em>et</em></span> 
     </span>
     <span class='ocr_line' id='line_1_8' title="bbox 86 723 1293 782; baseline 0.001 -18"><span class='ocrx_word' id='word_1_56' title='bbox 86 723 169 764; x_wconf 67' lang='lat'><em>420¹1</em></span> <span class='ocrx_word' id='word_1_57' title='bbox 212 730 297 765; x_wconf 87' lang='lat' dir='ltr'><em>tulit</em></span> <span class='ocrx_word' id='word_1_58' title='bbox 329 742 479 773; x_wconf 87' lang='lat' dir='ltr'><em>omnes;</em></span> <span class='ocrx_word' id='word_1_59' title='bbox 509 731 559 765; x_wconf 87' lang='lat' dir='ltr'><em>ita</em></span> <span class='ocrx_word' id='word_1_60' title='bbox 592 730 665 766; x_wconf 84' lang='lat' dir='ltr'><em>erit</em></span> <span class='ocrx_word' id='word_1_61' title='bbox 696 738 731 766; x_wconf 86' lang='lat' dir='ltr'><em>et</em></span> <span class='ocrx_word' id='word_1_62' title='bbox 762 730 950 765; x_wconf 75' lang='lat' dir='ltr'><em>adventus</em></span> <span class='ocrx_word' id='word_1_63' title='bbox 969 730 1053 779; x_wconf 88' lang='lat' dir='ltr'><em>filii</em></span> <span class='ocrx_word' id='word_1_64' title='bbox 1082 730 1259 766; x_wconf 83' lang='lat' dir='ltr'><em>hominis.</em></span> <span class='ocrx_word' id='word_1_65' title='bbox 1290 727 1293 782; x_wconf 86' lang='grc' dir='ltr'>Ι</span> 
     </span>
    </p>
   </div>
   <div class='ocr_carea' id='block_1_4' title="bbox 212 788 1804 912">
    <p class='ocr_par' dir='ltr' id='par_1_4' title="bbox 212 788 1804 912">
     <span class='ocr_line' id='line_1_9' title="bbox 270 788 1737 838; baseline 0.001 -15"><span class='ocrx_word' id='word_1_66' title='bbox 270 789 399 835; x_wconf 81' lang='lat' dir='ltr'>Super</span> <span class='ocrx_word' id='word_1_67' title='bbox 432 800 511 835; x_wconf 83' lang='lat' dir='ltr'><em>quo</em></span> <span class='ocrx_word' id='word_1_68' title='bbox 534 789 788 835; x_wconf 84' lang='lat' dir='ltr'><em>Jeronymus:</em></span> <span class='ocrx_word' id='word_1_69' title='bbox 829 788 1018 832; x_wconf 80' lang='lat' dir='ltr'><em>Queritur</em></span> <span class='ocrx_word' id='word_1_70' title='bbox 1049 789 1239 836; x_wconf 75' lang='lat' dir='ltr'><em>quomodo</em></span> <span class='ocrx_word' id='word_1_71' title='bbox 1271 788 1519 838; x_wconf 79' lang='lat' dir='ltr'><em>suprascrip·</em></span> <span class='ocrx_word' id='word_1_72' title='bbox 1601 804 1737 833; x_wconf 78' lang='lat' dir='ltr'><em>Jerome:</em></span> 
     </span>
     <span class='ocr_line' id='line_1_10' title="bbox 212 838 1804 912; baseline 0.001 -32"><span class='ocrx_word' id='word_1_73' title='bbox 212 853 289 881; x_wconf 83' lang='lat' dir='ltr'><em>tum</em></span> <span class='ocrx_word' id='word_1_74' title='bbox 322 846 391 882; x_wconf 87' lang='lat' dir='ltr'><em>sit:</em></span> <span class='ocrx_word' id='word_1_75' title='bbox 442 846 590 896; x_wconf 74' lang='lat' dir='ltr'><em>Surget</em></span> <span class='ocrx_word' id='word_1_76' title='bbox 620 858 717 896; x_wconf 77' lang='lat' dir='ltr'><em>gens</em></span> <span class='ocrx_word' id='word_1_77' title='bbox 760 853 896 881; x_wconf 84' lang='lat' dir='ltr'><em>contra</em></span> <span class='ocrx_word' id='word_1_78' title='bbox 927 853 1081 896; x_wconf 72' lang='lat' dir='ltr'><em>gentem</em></span> <span class='ocrx_word' id='word_1_79' title='bbox 1115 853 1150 881; x_wconf 89' lang='lat' dir='ltr'><em>et</em></span> <span class='ocrx_word' id='word_1_80' title='bbox 1183 858 1347 896; x_wconf 74' lang='lat' dir='ltr'><em>regnum</em></span> <span class='ocrx_word' id='word_1_81' title='bbox 1381 854 1515 882; x_wconf 88' lang='lat' dir='ltr'><em>contra</em></span> <span class='ocrx_word' id='word_1_82' title='bbox 1544 838 1804 912; x_wconf 44' lang='lat' dir='ltr'><em>chsssffigffvffiagy</em></span> 
     </span>
    </p>
   </div>
   <div class='ocr_carea' id='block_1_5' title="bbox 148 904 1805 2454">
    <p class='ocr_par' dir='ltr' id='par_1_5' title="bbox 158 904 1720 1186">
     <span class='ocr_line' id='line_1_11' title="bbox 158 904 1720 954; baseline -0.001 -14"><span class='ocrx_word' id='word_1_83' title='bbox 158 920 195 940; x_wconf 88' lang='lat'><em>10</em></span> <span class='ocrx_word' id='word_1_84' title='bbox 211 916 389 954; x_wconf 78' lang='lat' dir='ltr'><em>regumn,</em></span> <span class='ocrx_word' id='word_1_85' title='bbox 443 911 477 939; x_wconf 91' lang='lat' dir='ltr'><em>et</em></span> <span class='ocrx_word' id='word_1_86' title='bbox 509 911 620 939; x_wconf 82' lang='lat' dir='ltr'><em>erunt</em></span> <span class='ocrx_word' id='word_1_87' title='bbox 657 904 879 952; x_wconf 78' lang='lat' dir='ltr'><em>pestilencie</em></span> <span class='ocrx_word' id='word_1_88' title='bbox 923 911 956 939; x_wconf 86' lang='lat' dir='ltr'><em>et</em></span> <span class='ocrx_word' id='word_1_89' title='bbox 976 904 1114 951; x_wconf 85' lang='lat' dir='ltr'><em>fames</em></span> <span class='ocrx_word' id='word_1_90' title='bbox 1145 911 1180 939; x_wconf 86' lang='lat' dir='ltr'><em>et</em></span> <span class='ocrx_word' id='word_1_91' title='bbox 1218 912 1453 941; x_wconf 76' lang='lat' dir='ltr'><em>terremotus</em></span> <span class='ocrx_word' id='word_1_92' title='bbox 1485 912 1519 940; x_wconf 90' lang='lat' dir='ltr'><em>et</em></span> <span class='ocrx_word' id='word_1_93' title='bbox 1620 917 1720 944; x_wconf 78' lang='lat' dir='ltr'><em>peace.</em></span> 
     </span>
     <span class='ocr_line' id='line_1_12' title="bbox 210 961 1518 1010; baseline 0.001 -13"><span class='ocrx_word' id='word_1_94' title='bbox 210 974 309 997; x_wconf 85' lang='lat' dir='ltr'><em>nunc</em></span> <span class='ocrx_word' id='word_1_95' title='bbox 340 975 382 997; x_wconf 87' lang='lat' dir='ltr'><em>ea</em></span> <span class='ocrx_word' id='word_1_96' title='bbox 406 961 552 1009; x_wconf 86' lang='lat' dir='ltr'><em>futura</em></span> <span class='ocrx_word' id='word_1_97' title='bbox 586 969 861 1005; x_wconf 77' lang='lat' dir='ltr'><em>memorentur,</em></span> <span class='ocrx_word' id='word_1_98' title='bbox 895 973 964 1009; x_wconf 77' lang='lat' dir='ltr'><em>que</em></span> <span class='ocrx_word' id='word_1_99' title='bbox 990 963 1101 1010; x_wconf 78' lang='lat' dir='ltr'><em>pacis</em></span> <span class='ocrx_word' id='word_1_100' title='bbox 1134 962 1275 998; x_wconf 85' lang='lat' dir='ltr'><em>indicia</em></span> <span class='ocrx_word' id='word_1_101' title='bbox 1307 970 1406 998; x_wconf 84' lang='lat' dir='ltr'><em>sunt.</em></span> <span class='ocrx_word' id='word_1_102' title='bbox 1442 963 1518 998; x_wconf 83' lang='lat' dir='ltr'><em>Sed</em></span> 
     </span>
     <span class='ocr_line' id='line_1_13' title="bbox 209 1019 1519 1070; baseline -0.001 -14"><span class='ocrx_word' id='word_1_103' title='bbox 209 1020 508 1056; x_wconf 77' lang='lat' dir='ltr'><em>existimandum</em></span> <span class='ocrx_word' id='word_1_104' title='bbox 554 1027 608 1055; x_wconf 88' lang='lat' dir='ltr'><em>est</em></span> <span class='ocrx_word' id='word_1_105' title='bbox 652 1020 760 1055; x_wconf 78' lang='lat' dir='ltr'><em>iuxta</em></span> <span class='ocrx_word' id='word_1_106' title='bbox 793 1019 1019 1068; x_wconf 76' lang='lat' dir='ltr'><em>Apostolum</em></span> <span class='ocrx_word' id='word_1_107' title='bbox 1053 1020 1153 1068; x_wconf 78' lang='lat' dir='ltr'><em>quod</em></span> <span class='ocrx_word' id='word_1_108' title='bbox 1183 1027 1269 1068; x_wconf 80' lang='lat' dir='ltr'><em>post</em></span> <span class='ocrx_word' id='word_1_109' title='bbox 1299 1029 1453 1070; x_wconf 78' lang='lat' dir='ltr'><em>pugnas</em></span> <span class='ocrx_word' id='word_1_110' title='bbox 1485 1028 1519 1056; x_wconf 89' lang='lat' dir='ltr'><em>et</em></span> 
     </span>
     <span class='ocr_line' id='line_1_14' title="bbox 210 1078 1518 1126; baseline 0.001 -14"><span class='ocrx_word' id='word_1_111' title='bbox 210 1079 474 1121; x_wconf 76' lang='lat' dir='ltr'><em>dissensiones,</em></span> <span class='ocrx_word' id='word_1_112' title='bbox 503 1078 747 1126; x_wconf 77' lang='lat' dir='ltr'><em>pestilencias</em></span> <span class='ocrx_word' id='word_1_113' title='bbox 780 1084 815 1113; x_wconf 93' lang='lat' dir='ltr'><em>et</em></span> <span class='ocrx_word' id='word_1_114' title='bbox 834 1078 970 1126; x_wconf 85' lang='lat' dir='ltr'><em>sames</em></span> <span class='ocrx_word' id='word_1_115' title='bbox 1003 1085 1038 1113; x_wconf 89' lang='lat' dir='ltr'><em>et</em></span> <span class='ocrx_word' id='word_1_116' title='bbox 1060 1085 1293 1114; x_wconf 80' lang='lat' dir='ltr'><em>terremotus</em></span> <span class='ocrx_word' id='word_1_117' title='bbox 1325 1086 1359 1114; x_wconf 83' lang='lat' dir='ltr'><em>et</em></span> <span class='ocrx_word' id='word_1_118' title='bbox 1391 1086 1518 1115; x_wconf 86' lang='lat' dir='ltr'><em>cetera</em></span> 
     </span>
     <span class='ocr_line' id='line_1_15' title="bbox 207 1136 1519 1186; baseline 0 -15"><span class='ocrx_word' id='word_1_119' title='bbox 207 1136 340 1184; x_wconf 78' lang='lat' dir='ltr'><em>quibus</em></span> <span class='ocrx_word' id='word_1_120' title='bbox 383 1148 506 1186; x_wconf 74' lang='lat' dir='ltr'><em>genus</em></span> <span class='ocrx_word' id='word_1_121' title='bbox 559 1143 735 1171; x_wconf 78' lang='lat' dir='ltr'><em>vastatur</em></span> <span class='ocrx_word' id='word_1_122' title='bbox 780 1136 986 1171; x_wconf 82' lang='lat' dir='ltr'><em>humanum</em></span> <span class='ocrx_word' id='word_1_123' title='bbox 1033 1136 1142 1171; x_wconf 76' lang='lat' dir='ltr'><em>brevi</em></span> <span class='ocrx_word' id='word_1_124' title='bbox 1182 1136 1432 1171; x_wconf 82' lang='lat' dir='ltr'><em>subsecutura</em></span> <span class='ocrx_word' id='word_1_125' title='bbox 1471 1136 1519 1172; x_wconf 87' lang='lat' dir='ltr'><em>sit</em></span> 
     </span>
    </p>

    <p class='ocr_par' dir='ltr' id='par_1_6' title="bbox 157 1193 1519 1475">
     <span class='ocr_line' id='line_1_16' title="bbox 157 1193 1516 1242; baseline 0 -13"><span class='ocrx_word' id='word_1_126' title='bbox 157 1198 289 1242; x_wconf 77' lang='lat' dir='ltr'><em>15pax</em></span> <span class='ocrx_word' id='word_1_127' title='bbox 326 1206 395 1242; x_wconf 84' lang='lat' dir='ltr'><em>que</em></span> <span class='ocrx_word' id='word_1_128' title='bbox 436 1193 561 1242; x_wconf 77' lang='lat' dir='ltr'><em>quieta</em></span> <span class='ocrx_word' id='word_1_129' title='bbox 601 1194 726 1229; x_wconf 88' lang='lat' dir='ltr'><em>omnia</em></span> <span class='ocrx_word' id='word_1_130' title='bbox 760 1194 1021 1242; x_wconf 67' lang='lat' dir='ltr'><em>repromittat,</em></span> <span class='ocrx_word' id='word_1_131' title='bbox 1067 1201 1105 1228; x_wconf 92' lang='lat' dir='ltr'><em>ut</em></span> <span class='ocrx_word' id='word_1_132' title='bbox 1125 1194 1231 1242; x_wconf 79' lang='lat' dir='ltr'><em>fides</em></span> <span class='ocrx_word' id='word_1_133' title='bbox 1275 1195 1516 1230; x_wconf 83' lang='lat' dir='ltr'><em>credencium</em></span> 
     </span>
     <span class='ocr_line' id='line_1_17' title="bbox 208 1251 1519 1300; baseline 0.002 -14"><span class='ocrx_word' id='word_1_134' title='bbox 208 1252 479 1300; x_wconf 78' lang='lat' dir='ltr'><em>comprobetur</em></span> <span class='ocrx_word' id='word_1_135' title='bbox 512 1259 640 1287; x_wconf 88' lang='lat' dir='ltr'><em>utrum</em></span> <span class='ocrx_word' id='word_1_136' title='bbox 674 1252 880 1287; x_wconf 77' lang='lat' dir='ltr'><em>transactis</em></span> <span class='ocrx_word' id='word_1_137' title='bbox 913 1251 1025 1287; x_wconf 85' lang='lat' dir='ltr'><em>malis</em></span> <span class='ocrx_word' id='word_1_138' title='bbox 1058 1251 1218 1287; x_wconf 83' lang='lat' dir='ltr'><em>iudicem</em></span> <span class='ocrx_word' id='word_1_139' title='bbox 1251 1259 1407 1300; x_wconf 78' lang='lat' dir='ltr'><em>sperent</em></span> <span class='ocrx_word' id='word_1_140' title='bbox 1438 1265 1519 1288; x_wconf 84' lang='lat' dir='ltr'><em>esse</em></span> 
     </span>
     <span class='ocr_line' id='line_1_18' title="bbox 209 1309 1517 1359; baseline 0.002 -16"><span class='ocrx_word' id='word_1_141' title='bbox 209 1317 424 1345; x_wconf 76' lang='lat' dir='ltr'><em>venturum.</em></span> <span class='ocrx_word' id='word_1_142' title='bbox 465 1309 550 1345; x_wconf 87' lang='lat' dir='ltr'><em>Hoc</em></span> <span class='ocrx_word' id='word_1_143' title='bbox 583 1317 637 1345; x_wconf 91' lang='lat' dir='ltr'><em>est</em></span> <span class='ocrx_word' id='word_1_144' title='bbox 660 1309 757 1345; x_wconf 86' lang='lat' dir='ltr'><em>enim</em></span> <span class='ocrx_word' id='word_1_145' title='bbox 790 1310 892 1357; x_wconf 79' lang='lat' dir='ltr'><em>quod</em></span> <span class='ocrx_word' id='word_1_146' title='bbox 913 1309 948 1344; x_wconf 88' lang='lat' dir='ltr'><em>in</em></span> <span class='ocrx_word' id='word_1_147' title='bbox 973 1309 1094 1344; x_wconf 88' lang='lat' dir='ltr'><em>Paulo</em></span> <span class='ocrx_word' id='word_1_148' title='bbox 1128 1310 1314 1359; x_wconf 75' lang='lat' dir='ltr'><em>legimus:</em></span> <span class='ocrx_word' id='word_1_149' title='bbox 1353 1310 1517 1354; x_wconf 79' lang='lat' dir='ltr'><em>Quando</em></span> 
     </span>
     <span class='ocr_line' id='line_1_19' title="bbox 208 1367 1516 1417; baseline 0.002 -16"><span class='ocrx_word' id='word_1_150' title='bbox 208 1367 379 1403; x_wconf 79' lang='lat' dir='ltr'><em>dixerint</em></span> <span class='ocrx_word' id='word_1_151' title='bbox 425 1379 511 1416; x_wconf 68' lang='lat' dir='ltr'><em>pax</em></span> <span class='ocrx_word' id='word_1_152' title='bbox 553 1375 588 1402; x_wconf 89' lang='lat' dir='ltr'><em>et</em></span> <span class='ocrx_word' id='word_1_153' title='bbox 630 1367 831 1413; x_wconf 80' lang='lat' dir='ltr'><em>securitas,</em></span> <span class='ocrx_word' id='word_1_154' title='bbox 884 1375 971 1403; x_wconf 87' lang='lat' dir='ltr'><em>tunc</em></span> <span class='ocrx_word' id='word_1_155' title='bbox 1016 1367 1240 1416; x_wconf 74' lang='lat' dir='ltr'><em>repentinus</em></span> <span class='ocrx_word' id='word_1_156' title='bbox 1283 1367 1335 1403; x_wconf 90' lang='lat' dir='ltr'><em>eis</em></span> <span class='ocrx_word' id='word_1_157' title='bbox 1384 1380 1516 1417; x_wconf 80' lang='lat' dir='ltr'><em>super-</em></span> 
     </span>
     <span class='ocr_line' id='line_1_20' title="bbox 208 1425 1514 1475; baseline 0.002 -16"><span class='ocrx_word' id='word_1_158' title='bbox 208 1426 329 1461; x_wconf 70' lang='lat' dir='ltr'><em>veniet</em></span> <span class='ocrx_word' id='word_1_159' title='bbox 361 1425 549 1471; x_wconf 81' lang='lat' dir='ltr'><em>interitus,</em></span> <span class='ocrx_word' id='word_1_160' title='bbox 581 1425 678 1460; x_wconf 85' lang='lat' dir='ltr'><em>sicut</em></span> <span class='ocrx_word' id='word_1_161' title='bbox 717 1425 830 1460; x_wconf 75' lang='lat' dir='ltr'><em>dolor</em></span> <span class='ocrx_word' id='word_1_162' title='bbox 857 1425 1114 1473; x_wconf 78' lang='lat' dir='ltr'><em>parturientis</em></span> <span class='ocrx_word' id='word_1_163' title='bbox 1148 1433 1182 1460; x_wconf 82' lang='lat' dir='ltr'><em>et</em></span> <span class='ocrx_word' id='word_1_164' title='bbox 1214 1437 1285 1460; x_wconf 87' lang='lat' dir='ltr'><em>non</em></span> <span class='ocrx_word' id='word_1_165' title='bbox 1319 1426 1514 1475; x_wconf 75' lang='lat' dir='ltr'><em>effugient.</em></span> 
     </span>
    </p>

    <p class='ocr_par' dir='ltr' id='par_1_7' title="bbox 151 1483 569 1530">
     <span class='ocr_line' id='line_1_21' title="bbox 151 1483 569 1530; baseline -0.002 -12"><span class='ocrx_word' id='word_1_166' title='bbox 151 1497 190 1518; x_wconf 82' lang='lat'><em>20</em></span> <span class='ocrx_word' id='word_1_167' title='bbox 208 1483 290 1519; x_wconf 93' lang='lat' dir='ltr'><em>Hec</em></span> <span class='ocrx_word' id='word_1_168' title='bbox 321 1484 569 1530; x_wconf 80' lang='lat' dir='ltr'><em>Jeronymus.</em></span> 
     </span>
    </p>

    <p class='ocr_par' dir='ltr' id='par_1_8' title="bbox 204 1539 1805 1762">
     <span class='ocr_line' id='line_1_22' title="bbox 262 1539 1759 1592; baseline 0.004 -16"><span class='ocrx_word' id='word_1_169' title='bbox 262 1540 429 1576; x_wconf 83' lang='lat' dir='ltr'><em>Videtur</em></span> <span class='ocrx_word' id='word_1_170' title='bbox 462 1540 579 1576; x_wconf 91' lang='lat' dir='ltr'><em>istum</em></span> <span class='ocrx_word' id='word_1_171' title='bbox 605 1548 787 1577; x_wconf 85' lang='lat' dir='ltr'><em>sanctum</em></span> <span class='ocrx_word' id='word_1_172' title='bbox 822 1541 983 1576; x_wconf 84' lang='lat' dir='ltr'><em>horrere</em></span> <span class='ocrx_word' id='word_1_173' title='bbox 1017 1539 1243 1588; x_wconf 86' lang='lat' dir='ltr'><em>quindecim</em></span> <span class='ocrx_word' id='word_1_174' title='bbox 1280 1540 1386 1577; x_wconf 87' lang='lat' dir='ltr'><em>dicta</em></span> <span class='ocrx_word' id='word_1_175' title='bbox 1420 1554 1515 1589; x_wconf 87' lang='lat' dir='ltr'><em>apo-</em></span> <span class='ocrx_word' id='word_1_176' title='bbox 1582 1553 1759 1592; x_wconf 51' lang='lat' dir='ltr'><em>luingerot·</em></span> 
     </span>
     <span class='ocr_line' id='line_1_23' title="bbox 206 1588 1805 1659; baseline 0.001 -25"><span class='ocrx_word' id='word_1_177' title='bbox 206 1598 301 1634; x_wconf 85' lang='lat' dir='ltr'><em>crifa</em></span> <span class='ocrx_word' id='word_1_178' title='bbox 334 1611 409 1646; x_wconf 85' lang='lat' dir='ltr'><em>que</em></span> <span class='ocrx_word' id='word_1_179' title='bbox 443 1607 661 1634; x_wconf 79' lang='lat' dir='ltr'><em>narrantur</em></span> <span class='ocrx_word' id='word_1_180' title='bbox 699 1599 746 1634; x_wconf 90' lang='lat' dir='ltr'><em>de</em></span> <span class='ocrx_word' id='word_1_181' title='bbox 779 1610 967 1645; x_wconf 79' lang='lat' dir='ltr'><em>processu</em></span> <span class='ocrx_word' id='word_1_182' title='bbox 1002 1597 1078 1634; x_wconf 84' lang='lat' dir='ltr'><em>diei</em></span> <span class='ocrx_word' id='word_1_183' title='bbox 1112 1597 1263 1644; x_wconf 73' lang='lat' dir='ltr'><em>iudicii,</em></span> <span class='ocrx_word' id='word_1_184' title='bbox 1317 1598 1409 1647; x_wconf 86' lang='lat' dir='ltr'><em>quia</em></span> <span class='ocrx_word' id='word_1_185' title='bbox 1448 1599 1515 1635; x_wconf 84' lang='lat' dir='ltr'><em>illa</em></span> <span class='ocrx_word' id='word_1_186' title='bbox 1532 1588 1805 1659; x_wconf 46' lang='grc' dir='ltr'><em>ἀῖξῑιιὲξῐῧὸῗὲῃὲω</em></span> 
     </span>
     <span class='ocr_line' id='line_1_24' title="bbox 204 1655 1515 1704; baseline 0 -12"><span class='ocrx_word' id='word_1_187' title='bbox 204 1668 275 1692; x_wconf 90' lang='lat' dir='ltr'><em>nec</em></span> <span class='ocrx_word' id='word_1_188' title='bbox 298 1657 516 1692; x_wconf 78' lang='lat' dir='ltr'><em>fundantur</em></span> <span class='ocrx_word' id='word_1_189' title='bbox 539 1655 768 1692; x_wconf 80' lang='lat' dir='ltr'><em>racionibus</em></span> <span class='ocrx_word' id='word_1_190' title='bbox 790 1668 863 1692; x_wconf 88' lang='lat' dir='ltr'><em>nec</em></span> <span class='ocrx_word' id='word_1_191' title='bbox 886 1656 1101 1704; x_wconf 85' lang='lat' dir='ltr'><em>scriptura;</em></span> <span class='ocrx_word' id='word_1_192' title='bbox 1138 1665 1174 1691; x_wconf 91' lang='lat' dir='ltr'><em>et</em></span> <span class='ocrx_word' id='word_1_193' title='bbox 1198 1669 1289 1692; x_wconf 88' lang='lat' dir='ltr'><em>cum</em></span> <span class='ocrx_word' id='word_1_194' title='bbox 1313 1656 1352 1692; x_wconf 88' lang='lat' dir='ltr'><em>in</em></span> <span class='ocrx_word' id='word_1_195' title='bbox 1377 1669 1515 1693; x_wconf 88' lang='lat' dir='ltr'><em>eorum</em></span> 
     </span>
     <span class='ocr_line' id='line_1_25' title="bbox 205 1713 1516 1762; baseline 0.001 -12"><span class='ocrx_word' id='word_1_196' title='bbox 205 1714 429 1750; x_wconf 79' lang='lat' dir='ltr'><em>assercione</em></span> <span class='ocrx_word' id='word_1_197' title='bbox 462 1713 562 1750; x_wconf 83' lang='lat' dir='ltr'><em>iacet</em></span> <span class='ocrx_word' id='word_1_198' title='bbox 596 1713 833 1762; x_wconf 82' lang='lat' dir='ltr'><em>periculum,</em></span> <span class='ocrx_word' id='word_1_199' title='bbox 867 1723 1048 1750; x_wconf 85' lang='lat' dir='ltr'><em>sanctum</em></span> <span class='ocrx_word' id='word_1_200' title='bbox 1093 1723 1130 1749; x_wconf 91' lang='lat' dir='ltr'><em>et</em></span> <span class='ocrx_word' id='word_1_201' title='bbox 1164 1714 1323 1750; x_wconf 86' lang='lat' dir='ltr'><em>salubre</em></span> <span class='ocrx_word' id='word_1_202' title='bbox 1360 1714 1516 1751; x_wconf 85' lang='lat' dir='ltr'><em>videtur</em></span> 
     </span>
    </p>

    <p class='ocr_par' dir='ltr' id='par_1_9' title="bbox 148 1770 1515 2050">
     <span class='ocr_line' id='line_1_26' title="bbox 148 1770 1515 1820; baseline 0.001 -13"><span class='ocrx_word' id='word_1_203' title='bbox 148 1770 186 1802; x_wconf 82' lang='lat'><em>25</em></span> <span class='ocrx_word' id='word_1_204' title='bbox 206 1771 291 1819; x_wconf 88' lang='lat' dir='ltr'><em>ipsa</em></span> <span class='ocrx_word' id='word_1_205' title='bbox 314 1771 528 1808; x_wconf 82' lang='lat' dir='ltr'><em>dimittere.</em></span> <span class='ocrx_word' id='word_1_206' title='bbox 564 1772 628 1808; x_wconf 85' lang='lat' dir='ltr'><em>Sic</em></span> <span class='ocrx_word' id='word_1_207' title='bbox 660 1771 764 1808; x_wconf 85' lang='lat' dir='ltr'><em>enim</em></span> <span class='ocrx_word' id='word_1_208' title='bbox 799 1772 886 1820; x_wconf 86' lang='lat' dir='ltr'><em>capi</em></span> <span class='ocrx_word' id='word_1_209' title='bbox 910 1780 1042 1819; x_wconf 87' lang='lat' dir='ltr'><em>posset</em></span> <span class='ocrx_word' id='word_1_210' title='bbox 1066 1771 1289 1819; x_wconf 80' lang='lat' dir='ltr'><em>apocrifum</em></span> <span class='ocrx_word' id='word_1_211' title='bbox 1322 1780 1366 1808; x_wconf 87' lang='lat' dir='ltr'><em>ut</em></span> <span class='ocrx_word' id='word_1_212' title='bbox 1399 1785 1515 1809; x_wconf 87' lang='lat' dir='ltr'><em>evan-</em></span> 
     </span>
     <span class='ocr_line' id='line_1_27' title="bbox 204 1829 1515 1877; baseline 0.002 -12"><span class='ocrx_word' id='word_1_213' title='bbox 204 1829 350 1877; x_wconf 85' lang='lat' dir='ltr'><em>gelium</em></span> <span class='ocrx_word' id='word_1_214' title='bbox 385 1839 421 1866; x_wconf 87' lang='lat' dir='ltr'><em>et</em></span> <span class='ocrx_word' id='word_1_215' title='bbox 454 1829 600 1866; x_wconf 87' lang='lat' dir='ltr'><em>dimitti</em></span> <span class='ocrx_word' id='word_1_216' title='bbox 645 1829 828 1866; x_wconf 90' lang='lat' dir='ltr'><em>doctrina</em></span> <span class='ocrx_word' id='word_1_217' title='bbox 873 1829 1043 1866; x_wconf 85' lang='lat' dir='ltr'><em>salubris</em></span> <span class='ocrx_word' id='word_1_218' title='bbox 1090 1842 1159 1877; x_wconf 88' lang='lat' dir='ltr'><em>per</em></span> <span class='ocrx_word' id='word_1_219' title='bbox 1192 1842 1313 1877; x_wconf 85' lang='lat' dir='ltr'><em>quam</em></span> <span class='ocrx_word' id='word_1_220' title='bbox 1349 1831 1515 1867; x_wconf 86' lang='lat' dir='ltr'><em>ecclesia</em></span> 
     </span>
     <span class='ocr_line' id='line_1_28' title="bbox 204 1887 1512 1935; baseline 0.002 -12"><span class='ocrx_word' id='word_1_221' title='bbox 204 1887 490 1923; x_wconf 82' lang='lat' dir='ltr'><em>informaretur</em></span> <span class='ocrx_word' id='word_1_222' title='bbox 534 1887 575 1923; x_wconf 91' lang='lat' dir='ltr'><em>in</em></span> <span class='ocrx_word' id='word_1_223' title='bbox 610 1887 787 1923; x_wconf 87' lang='lat' dir='ltr'><em>moribus</em></span> <span class='ocrx_word' id='word_1_224' title='bbox 820 1896 857 1923; x_wconf 90' lang='lat' dir='ltr'><em>et</em></span> <span class='ocrx_word' id='word_1_225' title='bbox 888 1887 1044 1935; x_wconf 88' lang='lat' dir='ltr'><em>peccati</em></span> <span class='ocrx_word' id='word_1_226' title='bbox 1089 1887 1234 1923; x_wconf 87' lang='lat' dir='ltr'><em>vicium</em></span> <span class='ocrx_word' id='word_1_227' title='bbox 1270 1898 1512 1935; x_wconf 81' lang='lat' dir='ltr'><em>precaveret.</em></span> 
     </span>
     <span class='ocr_line' id='line_1_29' title="bbox 205 1945 1515 1994; baseline 0.001 -13"><span class='ocrx_word' id='word_1_228' title='bbox 205 1946 291 1981; x_wconf 88' lang='lat' dir='ltr'><em>Hoc</em></span> <span class='ocrx_word' id='word_1_229' title='bbox 334 1954 469 1981; x_wconf 87' lang='lat' dir='ltr'><em>tamen</em></span> <span class='ocrx_word' id='word_1_230' title='bbox 512 1945 670 1981; x_wconf 89' lang='lat' dir='ltr'><em>videtur</em></span> <span class='ocrx_word' id='word_1_231' title='bbox 717 1954 897 1982; x_wconf 84' lang='lat' dir='ltr'><em>sanctum</em></span> <span class='ocrx_word' id='word_1_232' title='bbox 939 1957 1114 1981; x_wconf 84' lang='lat' dir='ltr'><em>asserere</em></span> <span class='ocrx_word' id='word_1_233' title='bbox 1153 1947 1261 1993; x_wconf 86' lang='lat' dir='ltr'><em>quod</em></span> <span class='ocrx_word' id='word_1_234' title='bbox 1305 1945 1515 1994; x_wconf 83' lang='lat' dir='ltr'><em>inopinate</em></span> 
     </span>
     <span class='ocr_line' id='line_1_30' title="bbox 206 2003 1514 2050; baseline 0.002 -12"><span class='ocrx_word' id='word_1_235' title='bbox 206 2012 242 2039; x_wconf 88' lang='lat' dir='ltr'><em>et</em></span> <span class='ocrx_word' id='word_1_236' title='bbox 274 2003 477 2050; x_wconf 85' lang='lat' dir='ltr'><em>incognite</em></span> <span class='ocrx_word' id='word_1_237' title='bbox 509 2004 695 2039; x_wconf 85' lang='lat' dir='ltr'><em>succedet</em></span> <span class='ocrx_word' id='word_1_238' title='bbox 718 2003 800 2039; x_wconf 86' lang='lat' dir='ltr'><em>dies</em></span> <span class='ocrx_word' id='word_1_239' title='bbox 833 2003 982 2049; x_wconf 77' lang='lat' dir='ltr'><em>iudicii,</em></span> <span class='ocrx_word' id='word_1_240' title='bbox 1023 2003 1123 2039; x_wconf 88' lang='lat' dir='ltr'><em>sicut</em></span> <span class='ocrx_word' id='word_1_241' title='bbox 1155 2003 1228 2038; x_wconf 87' lang='lat' dir='ltr'><em>fuit</em></span> <span class='ocrx_word' id='word_1_242' title='bbox 1262 2004 1309 2039; x_wconf 90' lang='lat' dir='ltr'><em>de</em></span> <span class='ocrx_word' id='word_1_243' title='bbox 1342 2005 1514 2040; x_wconf 82' lang='lat' dir='ltr'><em>adventu</em></span> 
     </span>
    </p>

    <p class='ocr_par' dir='ltr' id='par_1_10' title="bbox 150 2060 1511 2154">
     <span class='ocr_line' id='line_1_31' title="bbox 150 2060 1511 2109; baseline 0.001 -13"><span class='ocrx_word' id='word_1_244' title='bbox 150 2060 362 2106; x_wconf 68' lang='lat' dir='ltr'><em>3⁷0diluvii3</em></span> <span class='ocrx_word' id='word_1_245' title='bbox 415 2069 451 2096; x_wconf 84' lang='lat' dir='ltr'><em>et</em></span> <span class='ocrx_word' id='word_1_246' title='bbox 495 2061 651 2097; x_wconf 86' lang='lat' dir='ltr'><em>videtur</em></span> <span class='ocrx_word' id='word_1_247' title='bbox 690 2060 938 2108; x_wconf 75' lang='lat' dir='ltr'><em>evangelium</em></span> <span class='ocrx_word' id='word_1_248' title='bbox 991 2073 1172 2109; x_wconf 82' lang='lat' dir='ltr'><em>expresse</em></span> <span class='ocrx_word' id='word_1_249' title='bbox 1212 2060 1343 2097; x_wconf 89' lang='lat' dir='ltr'><em>dicere</em></span> <span class='ocrx_word' id='word_1_250' title='bbox 1396 2061 1511 2098; x_wconf 88' lang='lat' dir='ltr'><em>istam</em></span> 
     </span>
     <span class='ocr_line' id='line_1_32' title="bbox 205 2118 463 2154; baseline 0 0"><span class='ocrx_word' id='word_1_251' title='bbox 205 2118 463 2154; x_wconf 82' lang='lat' dir='ltr'><em>sentenciam.</em></span> 
     </span>
    </p>

    <p class='ocr_par' dir='ltr' id='par_1_11' title="bbox 204 2175 1513 2339">
     <span class='ocr_line' id='line_1_33' title="bbox 262 2175 1513 2224; baseline 0 -12"><span class='ocrx_word' id='word_1_252' title='bbox 262 2176 451 2224; x_wconf 81' lang='lat' dir='ltr'><em>Sequitur</em></span> <span class='ocrx_word' id='word_1_253' title='bbox 483 2185 616 2212; x_wconf 83' lang='lat' dir='ltr'><em>autem</em></span> <span class='ocrx_word' id='word_1_254' title='bbox 642 2185 768 2212; x_wconf 79' lang='lat' dir='ltr'><em>textus</em></span> <span class='ocrx_word' id='word_1_255' title='bbox 792 2175 983 2223; x_wconf 80' lang='lat' dir='ltr'><em>evangelii</em></span> <span class='ocrx_word' id='word_1_256' title='bbox 1014 2177 1085 2212; x_wconf 81' lang='lat' dir='ltr'><em>sub</em></span> <span class='ocrx_word' id='word_1_257' title='bbox 1119 2177 1193 2212; x_wconf 86' lang='lat' dir='ltr'><em>hac</em></span> <span class='ocrx_word' id='word_1_258' title='bbox 1226 2176 1374 2213; x_wconf 82' lang='lat' dir='ltr'><em>forma:</em></span> <span class='ocrx_word' id='word_1_259' title='bbox 1413 2178 1513 2213; x_wconf 83' lang='lat' dir='ltr'><em>Tunc</em></span> 
     </span>
     <span class='ocr_line' id='line_1_34' title="bbox 205 2234 1512 2284; baseline 0.002 -16"><span class='ocrx_word' id='word_1_260' title='bbox 205 2234 278 2269; x_wconf 84' lang='lat' dir='ltr'><em>duo</em></span> <span class='ocrx_word' id='word_1_261' title='bbox 311 2242 423 2269; x_wconf 86' lang='lat' dir='ltr'><em>erunt</em></span> <span class='ocrx_word' id='word_1_262' title='bbox 461 2234 495 2269; x_wconf 89' lang='lat' dir='ltr'><em>in</em></span> <span class='ocrx_word' id='word_1_263' title='bbox 529 2246 643 2284; x_wconf 76' lang='lat' dir='ltr'><em>agro,</em></span> <span class='ocrx_word' id='word_1_264' title='bbox 677 2247 772 2270; x_wconf 85' lang='lat' dir='ltr'><em>unus</em></span> <span class='ocrx_word' id='word_1_265' title='bbox 800 2242 1019 2270; x_wconf 79' lang='lat' dir='ltr'><em>assumetur</em></span> <span class='ocrx_word' id='word_1_266' title='bbox 1057 2242 1091 2270; x_wconf 91' lang='lat' dir='ltr'><em>et</em></span> <span class='ocrx_word' id='word_1_267' title='bbox 1131 2235 1232 2269; x_wconf 81' lang='lat' dir='ltr'><em>alter</em></span> <span class='ocrx_word' id='word_1_268' title='bbox 1261 2235 1512 2283; x_wconf 81' lang='lat' dir='ltr'><em>relinquetur,</em></span> 
     </span>
     <span class='ocr_line' id='line_1_35' title="bbox 204 2292 1512 2339; baseline 0.002 -14"><span class='ocrx_word' id='word_1_269' title='bbox 204 2292 276 2326; x_wconf 81' lang='lat' dir='ltr'><em>due</em></span> <span class='ocrx_word' id='word_1_270' title='bbox 307 2299 418 2327; x_wconf 85' lang='lat' dir='ltr'><em>erunt</em></span> <span class='ocrx_word' id='word_1_271' title='bbox 451 2292 635 2327; x_wconf 88' lang='lat' dir='ltr'><em>molentes</em></span> <span class='ocrx_word' id='word_1_272' title='bbox 657 2292 692 2327; x_wconf 86' lang='lat' dir='ltr'><em>in</em></span> <span class='ocrx_word' id='word_1_273' title='bbox 716 2304 789 2327; x_wconf 85' lang='lat' dir='ltr'><em>una</em></span> <span class='ocrx_word' id='word_1_274' title='bbox 818 2292 933 2339; x_wconf 83' lang='lat' dir='ltr'><em>mola,</em></span> <span class='ocrx_word' id='word_1_275' title='bbox 966 2305 1038 2327; x_wconf 90' lang='lat' dir='ltr'><em>una</em></span> <span class='ocrx_word' id='word_1_276' title='bbox 1071 2298 1291 2328; x_wconf 85' lang='lat' dir='ltr'><em>assumetur</em></span> <span class='ocrx_word' id='word_1_277' title='bbox 1322 2300 1356 2328; x_wconf 88' lang='lat' dir='ltr'><em>et</em></span> <span class='ocrx_word' id='word_1_278' title='bbox 1388 2293 1512 2328; x_wconf 83' lang='lat' dir='ltr'><em>altera</em></span> 
     </span>
    </p>

    <p class='ocr_par' dir='ltr' id='par_1_12' title="bbox 148 2349 1511 2454">
     <span class='ocr_line' id='line_1_36' title="bbox 148 2349 1511 2397; baseline 0 -13"><span class='ocrx_word' id='word_1_279' title='bbox 148 2349 454 2397; x_wconf 78' lang='lat' dir='ltr'><em>357·el1&#39;nquetm·,</em></span> <span class='ocrx_word' id='word_1_280' title='bbox 489 2350 562 2385; x_wconf 85' lang='lat' dir='ltr'><em>duo</em></span> <span class='ocrx_word' id='word_1_281' title='bbox 595 2350 630 2384; x_wconf 88' lang='lat' dir='ltr'><em>in</em></span> <span class='ocrx_word' id='word_1_282' title='bbox 665 2350 783 2385; x_wconf 86' lang='lat' dir='ltr'><em>lecto:</em></span> <span class='ocrx_word' id='word_1_283' title='bbox 815 2362 911 2385; x_wconf 88' lang='lat' dir='ltr'><em>unus</em></span> <span class='ocrx_word' id='word_1_284' title='bbox 942 2357 1163 2385; x_wconf 86' lang='lat' dir='ltr'><em>assumetur</em></span> <span class='ocrx_word' id='word_1_285' title='bbox 1195 2358 1228 2385; x_wconf 87' lang='lat' dir='ltr'><em>el</em></span> <span class='ocrx_word' id='word_1_286' title='bbox 1261 2350 1362 2385; x_wconf 90' lang='lat' dir='ltr'><em>alter</em></span> <span class='ocrx_word' id='word_1_287' title='bbox 1395 2351 1511 2386; x_wconf 88' lang='lat' dir='ltr'><em>relin-</em></span> 
     </span>
     <span class='ocr_line' id='line_1_37' title="bbox 203 2413 350 2454; baseline 0.02 -13"><span class='ocrx_word' id='word_1_288' title='bbox 203 2413 350 2454; x_wconf 81' lang='lat' dir='ltr'><em>quetur.</em></span> 
     </span>
    </p>
   </div>
   <div class='ocr_carea' id='block_1_6' title="bbox 203 2598 1510 2695">
    <p class='ocr_par' dir='ltr' id='par_1_13' title="bbox 203 2598 1510 2695">
     <span class='ocr_line' id='line_1_38' title="bbox 292 2598 1510 2636; baseline 0.002 -10"><span class='ocrx_word' id='word_1_289' title='bbox 292 2608 310 2626; x_wconf 92' lang='lat'><em>1.</em></span> <span class='ocrx_word' id='word_1_290' title='bbox 338 2601 384 2626; x_wconf 88' lang='lat' dir='ltr'><em>A:</em></span> <span class='ocrx_word' id='word_1_291' title='bbox 409 2599 483 2635; x_wconf 85' lang='lat' dir='ltr'><em>Cap.</em></span> <span class='ocrx_word' id='word_1_292' title='bbox 502 2598 589 2627; x_wconf 78' lang='lat' dir='ltr'><em>LVH.</em></span> <span class='ocrx_word' id='word_1_293' title='bbox 611 2600 649 2627; x_wconf 85' lang='lat' dir='ltr'><em>B:</em></span> <span class='ocrx_word' id='word_1_294' title='bbox 672 2607 725 2633; x_wconf 72' lang='lat'><em>40.</em></span> <span class='ocrx_word' id='word_1_295' title='bbox 800 2600 822 2627; x_wconf 80' lang='grc'><em>5,</em></span> <span class='ocrx_word' id='word_1_296' title='bbox 846 2600 883 2626; x_wconf 72' lang='grc' dir='ltr'><em>Βτ</em></span> <span class='ocrx_word' id='word_1_297' title='bbox 906 2601 935 2627; x_wconf 83' lang='lat' dir='ltr'><em>in</em></span> <span class='ocrx_word' id='word_1_298' title='bbox 957 2608 1027 2635; x_wconf 81' lang='lat' dir='ltr'><em>quo.</em></span> <span class='ocrx_word' id='word_1_299' title='bbox 1100 2599 1126 2627; x_wconf 75' lang='lat'><em>8.</em></span> <span class='ocrx_word' id='word_1_300' title='bbox 1149 2601 1176 2627; x_wconf 91' lang='lat' dir='ltr'><strong>A</strong></span> <span class='ocrx_word' id='word_1_301' title='bbox 1197 2601 1225 2626; x_wconf 78' lang='lat' dir='ltr'><em>in</em></span> <span class='ocrx_word' id='word_1_302' title='bbox 1243 2608 1359 2636; x_wconf 62' lang='lat' dir='ltr'><em>marg:</em></span> <span class='ocrx_word' id='word_1_303' title='bbox 1381 2601 1510 2634; x_wconf 77' lang='lat' dir='ltr'><em>Jerony-</em></span> 
     </span>
     <span class='ocr_line' id='line_1_39' title="bbox 203 2634 1507 2695; baseline 0.002 -35"><span class='ocrx_word' id='word_1_304' title='bbox 203 2642 404 2695; x_wconf 35' lang='lat' dir='ltr'><em>Zzgzsbnnesm.</em></span> <span class='ocrx_word' id='word_1_305' title='bbox 428 2636 453 2661; x_wconf 85' lang='grc' dir='ltr'>Λ</span> <span class='ocrx_word' id='word_1_306' title='bbox 465 2635 477 2660; x_wconf 75' lang='grc' dir='ltr'><em>τ’</em></span> <span class='ocrx_word' id='word_1_307' title='bbox 493 2634 693 2662; x_wconf 80' lang='lat' dir='ltr'><em>estimandum</em></span> <span class='ocrx_word' id='word_1_308' title='bbox 702 2645 713 2668; x_wconf 83' lang='lat'><em>;</em></span> <span class='ocrx_word' id='word_1_309' title='bbox 732 2638 785 2661; x_wconf 61' lang='lat' dir='ltr'><em>ext.</em></span> <span class='ocrx_word' id='word_1_310' title='bbox 864 2635 899 2662; x_wconf 83' lang='lat'><em>15.</em></span> <span class='ocrx_word' id='word_1_311' title='bbox 915 2635 954 2661; x_wconf 76' lang='lat' dir='ltr'><em>ss:</em></span> <span class='ocrx_word' id='word_1_312' title='bbox 971 2635 1025 2670; x_wconf 81' lang='lat' dir='ltr'><em>qui</em></span> <span class='ocrx_word' id='word_1_313' title='bbox 1037 2635 1148 2670; x_wconf 76' lang='lat' dir='ltr'><em>quieta.</em></span> <span class='ocrx_word' id='word_1_314' title='bbox 1235 2643 1272 2661; x_wconf 82' lang='lat'><em>21.</em></span> <span class='ocrx_word' id='word_1_315' title='bbox 1294 2637 1323 2662; x_wconf 91' lang='lat' dir='ltr'><strong>A</strong></span> <span class='ocrx_word' id='word_1_316' title='bbox 1342 2635 1372 2662; x_wconf 84' lang='lat' dir='ltr'><em>in</em></span> <span class='ocrx_word' id='word_1_317' title='bbox 1395 2643 1507 2669; x_wconf 60' lang='lat' dir='ltr'><em>marg:</em></span> 
     </span>
    </p>
   </div>
   <div class='ocr_carea' id='block_1_7' title="bbox 208 2775 1507 2864">
    <p class='ocr_par' dir='ltr' id='par_1_14' title="bbox 208 2775 1507 2864">
     <span class='ocr_line' id='line_1_40' title="bbox 275 2775 1507 2819; baseline 0.002 -13"><span class='ocrx_word' id='word_1_318' title='bbox 275 2786 304 2806; x_wconf 85' lang='lat'><em>2.</em></span> <span class='ocrx_word' id='word_1_319' title='bbox 324 2775 440 2806; x_wconf 85' lang='lat' dir='ltr'><em>Matth.</em></span> <span class='ocrx_word' id='word_1_320' title='bbox 467 2777 586 2815; x_wconf 72' lang='lat' dir='ltr'>XXIV,</span> <span class='ocrx_word' id='word_1_321' title='bbox 614 2777 757 2819; x_wconf 72' lang='lat'>37—39.</span> <span class='ocrx_word' id='word_1_322' title='bbox 821 2776 851 2808; x_wconf 83' lang='lat'><em>8.</em></span> <span class='ocrx_word' id='word_1_323' title='bbox 874 2777 1011 2808; x_wconf 85' lang='lat' dir='ltr'><em>Comm.</em></span> <span class='ocrx_word' id='word_1_324' title='bbox 1032 2779 1065 2807; x_wconf 87' lang='lat' dir='ltr'><em>in</em></span> <span class='ocrx_word' id='word_1_325' title='bbox 1084 2777 1241 2808; x_wconf 78' lang='lat' dir='ltr'><em>Matth.1.</em></span> <span class='ocrx_word' id='word_1_326' title='bbox 1270 2788 1297 2808; x_wconf 84' lang='lat' dir='ltr'><em>c.</em></span> <span class='ocrx_word' id='word_1_327' title='bbox 1325 2788 1402 2818; x_wconf 78' lang='lat' dir='ltr'><em>pag.</em></span> <span class='ocrx_word' id='word_1_328' title='bbox 1431 2788 1507 2809; x_wconf 86' lang='lat'>200.</span> 
     </span>
     <span class='ocr_line' id='line_1_41' title="bbox 208 2821 1223 2864; baseline 0.003 -13"><span class='ocrx_word' id='word_1_329' title='bbox 208 2831 257 2862; x_wconf 81' lang='lat'><em>17.</em></span> <span class='ocrx_word' id='word_1_330' title='bbox 284 2822 306 2852; x_wconf 90' lang='lat' dir='ltr'><em>I.</em></span> <span class='ocrx_word' id='word_1_331' title='bbox 333 2821 457 2853; x_wconf 86' lang='lat' dir='ltr'><em>Thess.</em></span> <span class='ocrx_word' id='word_1_332' title='bbox 483 2823 524 2861; x_wconf 85' lang='lat' dir='ltr'><em>V,</em></span> <span class='ocrx_word' id='word_1_333' title='bbox 554 2824 583 2856; x_wconf 80' lang='lat'><em>3.</em></span> <span class='ocrx_word' id='word_1_334' title='bbox 687 2824 738 2856; x_wconf 75' lang='lat'><em>32.</em></span> <span class='ocrx_word' id='word_1_335' title='bbox 766 2823 885 2854; x_wconf 84' lang='lat' dir='ltr'><em>Matth.</em></span> <span class='ocrx_word' id='word_1_336' title='bbox 911 2824 1034 2861; x_wconf 85' lang='lat' dir='ltr'>XXIV,</span> <span class='ocrx_word' id='word_1_337' title='bbox 1073 2834 1223 2864; x_wconf 82' lang='lat'>40—41.</span> 
     </span>
    </p>
   </div>
  </div>
 </body>
</html>
