1986 3289
149 203 199 229 20

205 303 270 330 The
291 303 362 338 only

174 338 298 374 remedy
318 337 344 364 is
365 342 395 363 to

168 377 283 400 restore
305 372 403 399 God's

171 407 262 435 order
282 408 330 434 for
349 407 399 434 the

230 443 343 478 clergy.

166 1932 303 1959 Jerome:
325 1930 421 1958 What

206 1967 227 1993 it
246 1966 271 1993 is
292 1970 323 1993 to
344 1966 379 1992 be

746 199 863 230 OPUS
890 198 1223 230 EVANGELICUM
1259 198 1341 229 ΗΒ.
1368 199 1421 229 III.
1561 189 1671 242 [CAP.
1695 196 1746 223 VI.

492 305 635 342 Tercio
668 305 825 341 videtur
859 306 967 341 hunc
1000 313 1183 341 sanctum
1218 306 1362 341 docere
1387 307 1493 354 quod
1518 307 1747 343 sacerdotes

435 364 561 400 nostri
605 362 799 410 temporis
844 364 931 410 plus
977 362 1181 399 declinant
1226 375 1246 398 a
1288 364 1372 411 lege
1419 363 1581 399 Domini
1627 377 1748 411 quam

435 421 533 469 legis
566 420 709 458 veteris
742 421 983 465 sacerdoteS‚
1019 419 1113 468 quia
1146 420 1293 457 habent
1326 420 1576 468 evangelium
1602 422 1750 458 Christi

436 480 583 515 lectum
614 487 651 514 et
680 477 929 526 predicatum
965 478 1219 514 communius
1243 491 1364 526 quam
1400 480 1601 515 habebant
1624 492 1751 516 sacer-

437 538 549 573 dotes
583 535 640 572 iIIi
674 536 931 584 decalogum3
967 545 1003 572 et
1036 544 1172 572 tamen
1205 548 1342 572 sensus
1376 536 1570 584 evangelii
1603 550 1683 573 non
1712 538 1784 574 ini

437 594 517 631 suis
541 593 741 630 mentibus
760 602 817 630 est
840 593 1070 641 impressus,
1105 593 1216 630 cuius
1239 607 1359 631 causa
1382 594 1538 630 videtur
1560 595 1749 643 precipua

437 653 545 701 quod
579 651 657 688 sint
690 651 730 687 in
762 651 1018 688 solicitudine
1052 660 1088 688 et
1121 651 1309 699 cupidine
1341 651 1623 700 temporalium
1650 654 1750 690 adeo

438 709 597 756 evirati;
631 721 704 753 nec
737 709 870 746 sanari
903 718 1032 757 potest
1064 710 1236 757 perfecte
1268 710 1341 747 ista
1375 710 1601 760 infirmitas7
1643 720 1752 748 ante-

439 780 559 816 quam
600 768 728 803 clerus
761 768 1064 815 quodammodo
1098 768 1147 803 ad
1180 767 1456 804 ordinanciam
1495 768 1657 805 Domini
1702 769 1751 805 sit

438 827 648 872 reductus;
695 834 732 861 et
776 838 866 861 cum
913 825 1020 861 istud
1064 834 1219 862 tantum
1266 825 1408 862 odiunt
1454 835 1495 862 ut
1540 839 1750 874 venenum,

438 892 547 932 patet
592 884 699 931 quod
743 883 950 931 spirituale
993 896 1094 931 opus
1142 896 1186 919 ex
1228 883 1361 931 gracia
1406 884 1478 921 Dei
1518 886 1568 920 ad
1613 884 1750 921 odium

439 942 547 978 istud
570 940 811 989 requiretur.
846 943 980 977 Potest
1003 950 1134 977 autem
1160 943 1266 978 Deus
1290 954 1448 978 movere
1481 955 1573 979 suos
1616 942 1751 979 fideles

440 1001 490 1036 ad
522 999 811 1047 publicandum
846 999 965 1035 istam
999 998 1246 1036 sentenciam
1280 1000 1371 1036 licet
1395 999 1650 1048 imperfecte3
1684 1001 1751 1037 sed

440 1057 512 1094 Dei
546 1066 604 1093 est
635 1069 736 1105 opus
769 1057 877 1094 istud
909 1057 1101 1105 perficere
1135 1066 1171 1093 et
1196 1057 1326 1094 media
1350 1058 1559 1106 sicutipse
1581 1058 1751 1095 voluerit

439 1117 645 1163 adaptare.

972 1250 1111 1291 CAP.
1146 1251 1226 1291 VI.

500 1347 688 1396 Sequitur
721 1347 760 1383 in
792 1355 900 1383 textu
933 1347 1120 1383 Matthei:
1161 1348 1302 1384 Amant
1324 1355 1450 1384 autem
1468 1348 1621 1397 primos
1645 1361 1753 1385 recu-

442 1406 540 1442 bitus
572 1406 607 1441 in
640 1405 754 1452 cenis,
783 1406 935 1454 primas
968 1406 1176 1442 cathedras
1220 1406 1255 1441 in
1288 1407 1513 1456 synagogis
1544 1413 1579 1442 et
1609 1407 1753 1442 saluta-

441 1464 566 1500 ciones
598 1463 633 1499 in
657 1464 757 1512 foro
790 1471 826 1499 et
858 1463 993 1499 vocari
1023 1464 1068 1499 ab
1103 1464 1321 1500 hominibus
1345 1464 1481 1500 Rabhi.
1524 1465 1596 1500 Vos
1627 1472 1752 1501 autem

443 1522 560 1558 nolite
593 1521 727 1557 vocari
756 1521 901 1566 Rabbi‚·
932 1534 1028 1557 unus
1059 1529 1114 1557 est
1147 1523 1243 1558 enim
1277 1522 1467 1571 magister
1499 1530 1644 1558 vester:
1674 1535 1754 1558 om-

444 1593 509 1616 nes
552 1587 677 1615 autenz
724 1591 792 1615 vos
830 1579 991 1627 fratres
1034 1580 1135 1615 estis.
1180 1581 1233 1615 Et
1273 1587 1428 1628 patrem
1468 1580 1585 1616 nolite
1615 1592 1755 1617 vocare

445 1637 551 1674 vobis
583 1649 701 1686 super
733 1644 894 1683 terram,
940 1649 1035 1673 unus
1079 1637 1175 1673 enim
1221 1645 1277 1674 est
1302 1645 1419 1687 pater
1451 1645 1589 1684 vester,
1622 1639 1688 1687 qui
1718 1639 1754 1674 in

444 1696 534 1732 celis
581 1703 648 1733 est.
694 1695 775 1731 Nec
819 1695 1007 1731 vocemini
1048 1696 1242 1746 magistri,
1286 1696 1372 1744 quia
1405 1696 1598 1746 magister
1630 1704 1756 1732 vester

445 1766 541 1789 unus
572 1760 627 1789 est
664 1753 863 1798 Christus;
908 1753 973 1801 qui
1003 1753 1129 1789 maior
1160 1762 1215 1790 est
1247 1761 1433 1798 vestrum,
1477 1754 1551 1789 erit
1582 1754 1756 1790 minister

445 1819 582 1849 vester.
633 1811 710 1855 Qui
739 1818 864 1846 autem
908 1823 948 1847 se
986 1812 1229 1857 exaltaverit,
1263 1812 1528 1848 humiliabitur
1559 1819 1594 1848 et
1623 1813 1690 1862 qui
1718 1824 1757 1848 se
1799 1821 1810 1826 ’

446 1869 719 1915 humiliaverit,
753 1869 1002 1905 exaltabitur.

505 1929 632 1975 Super
684 1939 762 1975 quo
813 1928 1068 1974 Jeronymus:
1134 1927 1305 1975 Cumque
1353 1927 1547 1977 superflue
1599 1928 1758 1964 dilatent

182 2001 275 2028 cailed
297 2000 409 2028 Master
442 1985 653 2034 philateria
698 1993 732 2020 et
764 1997 930 2035 magnas
950 1985 1106 2033 faciant
1126 1984 1311 2034 fimbrias
1355 1986 1527 2035 gloriam
1560 1993 1757 2034 captantes

195 2036 254 2062 and
275 2036 396 2062 Father.

446 2044 492 2078 ab
515 2043 740 2089 hominibus,
772 2050 996 2092 arguuntur
1023 2039 1028 2095 Ι
1057 2043 1093 2078 in
1126 2042 1296 2090 reliquis,
1328 2055 1397 2078 cur
1417 2051 1581 2092 querant
1606 2044 1758 2093 primos

448 2101 640 2137 recubitus
685 2101 720 2136 in
765 2101 865 2136 cenis
908 2107 943 2136 et
977 2101 1130 2149 primas
1162 2101 1370 2137 cathedras
1401 2101 1436 2136 in
1468 2102 1691 2152 synagogis
1723 2108 1757 2137 et

448 2159 483 2194 in
524 2158 678 2207 publico
724 2159 859 2208 gulam
903 2166 1098 2195 sectentur
1140 2166 1175 2194 et
1220 2158 1393 2208 gloriam
1426 2166 1461 2195 et
1494 2167 1678 2195 vocentur
1710 2160 1756 2195 ab

451 2217 664 2252 hominibus
696 2216 821 2252 Rabbi
862 2217 963 2265 quod
995 2216 1134 2252 Latino
1166 2229 1344 2253 sermone
1376 2217 1566 2267 magister
1603 2217 1755 2254 dicitur.

449 2275 622 2323 Denique
652 2274 845 2323 sequitur:
884 2275 957 2310 Vos
988 2282 1115 2310 autem
1149 2275 1264 2311 nolite
1302 2275 1437 2311 vocari
1467 2275 1602 2311 Rabbi.
1655 2275 1758 2311 Unus

449 2340 503 2368 est
536 2332 634 2368 enini
668 2332 860 2382 magister
893 2340 1038 2369 vester:
1070 2333 1122 2369 Et
1149 2340 1301 2382 patrem
1335 2333 1450 2368 nolite
1482 2345 1623 2369 vocare
1654 2333 1759 2369 vobis

448 2403 565 2439 super
597 2398 766 2426 terrani:
815 2391 919 2426 Unus
951 2398 1006 2427 est
1049 2391 1145 2426 enim
1176 2397 1290 2439 pater
1333 2398 1459 2426 vester
1502 2391 1566 2439 qui
1601 2391 1637 2426 in
1670 2391 1759 2426 celis

451 2455 504 2484 est
538 2456 604 2483 etc.
652 2449 731 2484 Nec
771 2449 961 2498 magister
1003 2461 1069 2484 nec
1096 2456 1213 2498 pater
1245 2449 1438 2484 vocandus
1475 2456 1529 2485 est
1560 2449 1657 2484 alius
1690 2448 1763 2484 nisi

452 2507 558 2542 Deus
577 2513 692 2554 pater
724 2514 758 2541 et
781 2506 971 2542 Dominus
1003 2514 1133 2543 noster
1155 2507 1265 2542 Jesus
1285 2506 1354 2542 Clu
1369 2506 1473 2542 istus.
1508 2507 1640 2554 Pater,
1672 2506 1758 2555 quia

525 2702 541 2720 ι,
564 2695 591 2720 A
613 2694 639 2720 in
663 2701 777 2727 marg:
798 2702 830 2727 3.
957 2702 982 2727 7.
1011 2693 1048 2719 B:
1071 2694 1153 2727 quod
1170 2696 1247 2719 sunt.
1375 2693 1401 2719 ὃ.
1424 2693 1468 2719 Α;
1491 2693 1564 2719 istas
1582 2692 1757 2727 infirmitas.

453 2736 480 2761 (ι.
503 2729 546 2755 A:
570 2728 813 2755 ordinacionenz.
906 2736 949 2762 27.
972 2729 999 2754 A
1020 2728 1049 2754 i11
1072 2736 1180 2762 marg:
1201 2728 1393 2763 jeronymus.

528 2822 563 2852 17
580 2810 668 2842 -2‹‘›.
695 2811 813 2842 Mat-th.
839 2812 954 2850 XXIII,
988 2815 1110 2842 ()-—12.
1171 2812 1221 2842 28.
1251 2813 1285 2843 In
1308 2811 1517 2842 Mat-thaeum
1540 2812 1559 2841 l.
1580 2821 1605 2841 c.
1628 2822 1659 2851 p.
1687 2810 1757 2843 183.

1772 838 1810 858 10

1771 1116 1807 1147 15

1800 2041 1882 2082 406⁰

1773 2110 1814 2132 ,πο

1775 2389 1814 2422 35
