1986 3289
182 230 271 258 CAP-
293 223 443 267 LXVIII]
579 230 637 261 DE
665 229 979 261 ANTICHRISTO
1008 229 1090 259 ΜΒ.
1118 229 1141 259 Ι.

185 340 298 375 lzomo
332 337 500 373 moriens
528 344 696 385 propter
726 348 802 381 eos,
843 336 934 384 quia'
966 335 1109 370 mirum
1142 335 1176 371 si
1207 335 1349 370 maiori
1380 335 1496 370 dilec-

185 397 289 433 cione
331 395 532 431 tenebatur
579 401 801 430 sanctorum
854 406 948 443 quos
1001 393 1238 442 relinquebat
1290 393 1325 428 in
1380 392 1497 428 terris

185 467 297 504 quam
332 453 539 489 dileccione
583 452 714 502 glorie
746 463 857 499 quam
891 451 1053 487 habebat
1091 451 1127 486 in
1160 451 1281 487 celis?
1332 450 1384 486 Et
1415 458 1496 489 tra-

185 512 282 548 didit
314 511 373 546 illi
403 511 499 549 bona
542 522 624 545 sua.
671 510 757 545 Non
802 509 975 545 invidens
1013 508 1100 545 aliis
1138 509 1229 557 plus
1262 508 1380 555 dedit,
1432 508 1501 543 alii

152 570 320 614 siwinus,
374 568 442 604 sed
485 567 735 603 considerans
779 567 1041 603 diversitatem
1070 566 1172 616 fia'ei
1208 578 1354 602 eorum.
1425 566 1501 610 Qui

184 634 311 664 autem
345 626 495 661 invidus
529 632 584 661 est
615 632 680 661 aut
707 637 865 674 parcus,
900 624 1074 660 omnibus
1113 631 1168 660 est
1195 636 1343 673 parcus
1375 631 1409 660 et
1442 624 1496 659 in-

188 685 309 721 vidus.
344 685 475 732 Neque
496 683 606 732 quasi
626 690 807 731 acceptor
824 695 1086 731 personarum
1111 682 1213 730 fecit
1236 681 1497 731 differencianz

185 742 428 794 graciarum.
468 742 529 776 Vis
559 741 689 777 scire?
732 740 959 786 Considera,
987 752 1086 790 pene
1108 740 1295 788 equaliter
1327 752 1498 776 remune-

187 800 289 836 ravit
321 812 404 836 eum
429 799 492 848 qui
523 799 647 834 minus
669 798 804 834 obtulit
835 806 870 834 et
902 811 985 834 eum
1019 798 1082 846 qui
1112 798 1291 847 amplius.
1326 798 1370 833 Si
1399 797 1497 833 enim

135 874 172 894 ιο
187 865 368 907 acceptor
386 869 647 906 personarum
670 856 831 905 suisset,
865 856 992 904 utique
1024 868 1096 892 non
1120 863 1266 892 tantum
1301 856 1337 891 in
1370 856 1498 891 danda

186 916 324 966 gracia
371 922 552 964 quantum
597 915 633 950 in
667 914 867 950 reddenda
912 914 1089 950 mercede
1120 921 1205 949 erat
1237 913 1383 963 equalis
1414 926 1497 949 anz—

188 974 316 1010 bobus.
352 973 606 1021 BIanifestum
640 980 695 1008 est
727 972 829 1020 quod
861 972 896 1007 in
930 972 1058 1007 danda
1090 971 1229 1023 gracia
1264 984 1334 1008 non
1362 983 1499 1020 perso-

188 1044 257 1068 nas
296 1031 462 1080 aspexit,
514 1031 582 1066 sea'
626 1030 789 1066 virtutes
832 1030 1088 1078 cuiuscunque
1131 1030 1403 1075 consideravit,
1456 1042 1500 1065 ne

188 1101 309 1139 supra
356 1089 533 1125 virtutem
586 1101 680 1137 opus
723 1087 938 1138 inizmgens,
984 1088 1064 1137 ipse
1096 1087 1244 1123 occasio
1283 1087 1500 1136 offensionis

137 1153 172 1185 ιδ
191 1147 375 1184 existeret
397 1154 432 1183 et
454 1159 526 1183 non
550 1154 647 1182 esset
670 1158 759 1182 reus
781 1145 845 1194 qui
852 1146 1088 1195 peccaverit,
1120 1145 1155 1181 si
1174 1158 1293 1194 supra
1319 1145 1497 1181 virtutem

186 1205 340 1255 pondus
362 1204 615 1253 imposuisset.
646 1204 782 1240 Volens
802 1215 898 1254 ergo
921 1204 1114 1239 Dominus
1129 1203 1254 1240 socios
1276 1216 1344 1239 nos
1359 1204 1501 1239 habere

190 1264 226 1299 in
261 1275 382 1313 regno
405 1262 546 1306 celesti,
579 1274 696 1311 opera
729 1261 835 1298 nobis
858 1262 1102 1298 diversarum
1126 1261 1363 1297 iusticiarum
1398 1274 1499 1297 com-

189 1321 305 1368 misit,
348 1333 420 1356 non
465 1320 551 1369 quia
596 1332 668 1355 non
707 1319 844 1356 habeat
871 1326 1100 1368 potestatem
1134 1326 1169 1355 et
1208 1319 1289 1355 sine
1320 1319 1499 1368 operibus

189 1391 257 1415 nos
293 1378 534 1429 glorificare,
566 1378 635 1414 secl
666 1378 750 1413 ia'eo
784 1390 878 1426 opus
904 1378 1096 1426 premisit,
1135 1378 1220 1426 quia
1253 1377 1348 1413 sicut
1380 1389 1498 1426 opera

134 1454 174 1474 20
188 1437 268 1473 sine
294 1436 457 1485 premiis
491 1448 610 1472 vacua
642 1443 742 1481 sunt,
787 1435 841 1472 sic
866 1435 1018 1484 premia
1063 1436 1143 1472 sine
1175 1447 1290 1484 opere
1326 1442 1414 1472 sunt
1446 1435 1499 1470 in-

188 1501 322 1545 grata.
358 1495 441 1530 Hec
475 1493 758 1530 Crisostomus.

1703 228 1780 265 255

1531 804 1599 832 The
1620 805 1685 832 lord
1708 814 1772 832 was

1528 848 1566 867 110
1588 844 1728 874 acceptet·
1748 841 1783 867 os

1571 883 1711 910 persons.

247 1551 416 1588 Videtur
459 1552 565 1588 hunc
613 1560 795 1588 sanctum
841 1551 934 1587 satis
980 1551 1163 1588 sollerter
1207 1559 1348 1587 notare
1380 1552 1502 1587 verba
1519 1558 1625 1585 Christ
1645 1566 1732 1584 came
1753 1562 1783 1584 10

191 1609 308 1645 huius
332 1609 526 1657 evangelii
556 1618 599 1645 ut
620 1609 811 1657 priorem.
846 1608 1105 1645 Concordant
1139 1608 1244 1645 enim
1270 1610 1389 1645 ambo
1422 1608 1500 1655 isti,

192 1667 295 1704 sicut
327 1667 543 1715 Gregorius
578 1679 667 1703 cum
702 1666 935 1703 doctoribus
969 1667 1056 1703 aliis
1091 1667 1358 1712 concorditer,
1393 1667 1502 1714 quod

136 1733 176 1765 25
194 1726 314 1761 homo
359 1724 432 1761 iste
477 1737 642 1773 peregre
686 1724 947 1773 proficiscens
986 1725 1035 1761 sit
1069 1724 1258 1761 dominus
1290 1726 1401 1760 Jesus
1434 1723 1502 1772 qui

193 1784 412 1819 secundum
448 1782 758 1827 Crisostomum,
803 1782 906 1819 sicut
957 1782 997 1818 in
1030 1782 1231 1830 principio
1271 1795 1340 1819 sue
1372 1782 1503 1819 incar-

193 1840 373 1877 nacionis
411 1853 494 1876 non
533 1840 605 1876 fuit
650 1840 681 1877 si
714 1854 794 1877 non
839 1853 977 1877 recens
1023 1841 1154 1877 incola
1188 1841 1252 1877 hic
1300 1840 1339 1876 in
1372 1840 1502 1886 terris,

194 1898 248 1934 ita
280 1911 358 1934 non
405 1898 477 1934 fuit
523 1899 653 1935 adhuc
700 1907 881 1935 maturus
920 1907 963 1935 ut
1007 1900 1242 1935 ascenderet
1285 1899 1326 1934 in
1373 1899 1502 1935 celum

194 1968 357 2004 peregre
388 1956 660 2004 proficiscens,
694 1958 762 1993 sed
795 1956 834 1992 in
868 1957 944 1992 isto
978 1957 1103 2004 priori
1134 1958 1308 1993 adventu
1340 1965 1503 1993 venerat

137 2013 396 2055 301·acionem
438 2014 622 2062 accipere
668 2014 848 2063 magistri
894 2023 931 2050 et
972 2014 1135 2061 medici3
1182 2014 1271 2051 ideo
1324 2014 1505 2062 oportuit

195 2084 284 2108 eum
318 2073 461 2108 docere
481 2072 721 2108 militantem
757 2072 965 2109 ecclesiam
1001 2081 1038 2108 et
1070 2086 1141 2109 sua
1170 2072 1356 2120 passione
1380 2085 1504 2120 appo-

194 2141 288 2165 nere
323 2129 579 2176 medicinam,
626 2139 663 2166 et
696 2131 831 2166 dando
871 2130 1085 2178 pecuniam
1119 2130 1345 2178 preciosam
1380 2130 1504 2167 servis

194 2187 274 2223 suis
326 2199 486 2224 necesse
539 2196 596 2224 est
640 2197 684 2224 ut
716 2188 755 2224 in
800 2189 975 2224 secundo
1020 2189 1208 2237 adventu,
1254 2189 1331 2225 hoc
1364 2197 1422 2225 est
1455 2189 1505 2225 ad

195 2245 315 2281 finale
338 2245 544 2292 iudicium,
581 2247 628 2282 de
651 2245 840 2282 omnibus
873 2245 958 2282 istis
992 2246 1119 2294 exigat
1143 2245 1361 2284 racionem.
1395 2248 1506 2282 Post-

138 2319 177 2351 35
194 2315 314 2351 quam
361 2302 483 2351 igitur
526 2304 599 2339 iste
642 2303 717 2340 fuit
749 2303 948 2351 perfectus
993 2305 1128 2349 homo,
1184 2303 1399 2352 adquisivit
1431 2304 1506 2340 sibi

197 2360 414 2408 discipulos
438 2361 686 2408 predicando
716 2370 753 2397 et
778 2361 977 2398 medicina
1000 2361 1135 2409 generi
1168 2363 1345 2398 humano
1379 2375 1505 2410 appo-

196 2417 270 2454 sita
303 2420 352 2454 ad
376 2419 505 2455 celum
530 2421 784 2456 ascendendo
808 2431 972 2467 peregre
1005 2428 1063 2455 est
1095 2420 1298 2468 profectus
1331 2429 1380 2467 et,
1414 2433 1504 2456 cum

75 2486 158 2525 429⁶
196 2475 244 2512 sit
273 2471 278 2529 Ι
307 2476 425 2512 simul
456 2479 562 2513 Deus
596 2486 633 2513 et
666 2478 788 2513 homo
823 2490 903 2513 non
936 2486 1078 2525 potens
1112 2477 1405 2514 humanitatem
1441 2479 1507 2514 de-

196 2546 325 2570 serere
374 2547 495 2582 quam
528 2535 756 2583 assumpsit,
801 2535 957 2572 vocavit
990 2548 1122 2572 servos
1155 2548 1261 2582 suos,
1316 2537 1389 2572 hoc
1435 2544 1506 2581 est,

267 2722 287 2740 1.
320 2713 359 2740 B:
392 2714 541 2752 lzomines.
662 2713 743 2748 3—4.
772 2716 815 2741 A:
849 2713 890 2742 Et
908 2715 1159 2750 tradidit-plus
1185 2716 1283 2751 deest;
1310 2717 1332 2743 B
1358 2716 1388 2743 in
1410 2724 1506 2751 marg.

197 2749 224 2774 ὁ.
247 2750 290 2774 A:
312 2748 452 2775 omnibus
474 2751 517 2775 est
531 2756 648 2783 parcus
668 2749 762 2775 deest.
854 2758 894 2776 10.
916 2750 962 2776 A:
991 2753 1107 2777 tantum
1126 2750 1220 2777 deest.
1313 2750 1349 2778 15.
1372 2752 1416 2778 A:
1439 2759 1509 2778 reus

198 2783 291 2810 deest.
377 2782 500 2821 ,ιδ-19.
521 2785 565 2810 A:
587 2791 646 2810 non
668 2784 970 2819 quia—glorificare
990 2784 1083 2812 deest.
1167 2792 1209 2820 19.
1230 2786 1275 2813 A:
1296 2794 1369 2813 non.
1391 2785 1508 2813 Codd.:

196 2825 251 2843 nos
265 2821 397 2844 correxit
416 2825 447 2844 1n
468 2825 539 2844 non.
635 2826 677 2845 22.
699 2820 727 2846 A
748 2818 777 2846 in
801 2827 917 2853 marg:
955 2819 1121 2847 Joha7tnes.
1211 2818 1255 2854 37.
1288 2821 1334 2848 A:
1366 2820 1508 2848 ascendo.

197 2850 242 2878 35.
262 2852 306 2878 A:
326 2852 368 2879 sit
385 2851 484 2878 twice.

1545 1592 1630 1620 [each
1653 1593 1712 1619 and
1735 1597 1764 1619 ιο

1618 1627 1695 1654 heal.
