1986 3289
173 175 246 211 136

164 410 337 438 Antichrist
352 410 438 437 sceks

175 447 220 472 his
241 453 309 471 own
333 446 428 480 glou-y.

228 757 293 784 The
314 761 373 784 text

194 800 339 826 reproves
360 793 409 818 1110

189 827 269 853 Jews
289 827 336 853 sor
357 830 410 852 not

224 862 377 895 receiving

242 896 361 929 Christ3

163 1107 222 1134 and
245 1107 346 1134 shews
368 1107 437 1134 how

175 1142 224 1169 the
245 1142 369 1176 coming
389 1143 423 1169 ot·

192 1177 366 1204 Antichrist
386 1177 411 1204 is

247 1212 305 1238 due
325 1216 354 1238 to

205 1246 322 1273 former
344 1247 401 1273 sin.

774 183 892 215 opus
918 181 1254 215 EVANGELICUM
1283 182 1366 216 ΜΒ.
1393 183 1447 216 111.
1484 170 1592 226 [CAP.
1612 180 1766 210 xxxvn.

454 289 605 337 legibus
645 290 733 326 talis
771 290 937 337 legiferi,
983 302 1073 326 cum
1115 290 1295 326 Christus
1335 290 1402 339 qui
1448 290 1554 339 ipsos
1597 291 1766 328 redemit

454 347 563 383 dedit
596 347 650 383 eis
684 348 810 395 legem
845 347 1108 384 sufficientem
1142 348 1299 384 facilem
1335 356 1372 384 et
1405 349 1619 385 salubrem.

509 405 653 441 Tereia
699 404 883 441 condicio
931 405 1165 442 Antichristi
1210 414 1267 442 est
1311 407 1420 453 quod
1464 406 1549 454 ipse
1595 418 1765 455 querens

453 463 608 499 lucrum
643 462 852 511 proprium
887 463 1017 511 querit
1055 463 1224 511 gloriam
1265 464 1471 512 propriam
1514 473 1551 500 et
1584 464 1639 501 sic
1672 464 1766 500 facit

453 522 503 556 ad
556 520 873 557 ostentacionem
922 520 1044 557 seculi
1096 521 1287 570 quicquid
1339 521 1433 557 facit
1484 530 1622 558 contra
1667 521 1765 557 illud

453 578 620 614 Matthei
654 580 714 625 VI,
753 579 792 614 3:
839 579 997 614 Nesciat
1034 579 1192 614 sinistra
1232 586 1296 615 tua
1337 580 1428 627 quid
1459 580 1591 627 faciat
1623 580 1765 616 dextra

452 644 531 672 tua.
567 638 615 672 Et
648 637 696 672 de
725 636 973 672 Antichristo
1008 636 1216 685 exponitur
1249 637 1347 672 illud
1379 637 1466 673 Joh.
1489 639 1533 684 V,
1567 637 1641 683 43:
1675 637 1766 687 Ego

455 695 539 730 veni
569 695 604 730 in
638 695 790 730 nomine
815 694 945 743 patris
977 694 1052 730 inei
1081 702 1117 730 et
1148 707 1221 731 non
1255 695 1454 743 accepistis
1478 707 1557 739 me,·
1587 695 1621 731 si
1640 703 1765 731 autem

452 753 551 788 alius
585 753 731 788 venerit
763 753 798 788 in
831 753 982 788 nomine
1013 764 1095 798 suo,
1128 752 1236 788 illum
1270 753 1475 802 accipietis.
1511 754 1629 799 Quod
1659 766 1767 790 com-

455 810 627 846 muniter
660 810 870 858 exponitur
904 811 951 846 de
974 809 1240 857 Antichrist03
1276 819 1312 847 et
1345 819 1401 847 est
1436 810 1537 847 mira
1569 810 1767 848 subtilitas

454 867 493 904 in
517 868 591 904 hiis
614 868 755 906 verbis.
780 870 880 904 Nam
906 867 1036 916 primo
1060 868 1315 916 redarguitur
1338 869 1528 905 falsorum
1546 870 1764 905 Judeorum

453 925 621 974 perfidia
667 926 707 962 in
745 927 820 962 hoc
860 927 967 974 quod
1007 925 1189 963 Christus
1228 935 1309 963 tam
1355 927 1496 974 plenus
1539 926 1685 963 virtute
1730 935 1767 963 et

453 984 588 1032 gracia
631 983 737 1020 venit
782 985 831 1020 ad
871 996 936 1021 eos
980 983 1021 1020 in
1059 984 1223 1020 nomine
1268 983 1340 1021 Dei
1379 984 1504 1032 patris
1550 993 1587 1021 et
1631 993 1767 1021 tamen

452 1055 534 1079 non
565 1043 750 1079 obstante
784 1043 893 1091 quod
925 1054 1006 1078 non
1036 1041 1109 1078 fuit
1139 1041 1195 1078 eis
1225 1055 1418 1079 onerosus
1441 1043 1509 1078 sed
1532 1042 1767 1079 omnimode

453 1100 673 1147 graciosus,
713 1100 845 1148 ipsum
878 1112 960 1136 non
1006 1100 1083 1136 fide
1128 1109 1376 1148 receperant.
1417 1101 1603 1136 Secundo
1639 1100 1764 1148 expri-

454 1158 575 1194 mitur
606 1157 791 1195 condicio
826 1157 1074 1203 Antichristi,
1109 1159 1204 1193 dum
1236 1157 1401 1194 dicitur:
1437 1158 1480 1193 Si
1508 1166 1634 1194 autem
1667 1158 1767 1194 alius

452 1217 488 1252 iiz
521 1217 672 1253 nomine
702 1228 770 1253 suo
804 1225 891 1261 etc.‚
926 1215 993 1251 ubi
1027 1215 1158 1263 primo
1192 1215 1427 1264 exprimitur
1459 1228 1529 1264 per
1562 1216 1766 1253 condicio-

452 1275 581 1311 nalem
607 1274 822 1311 necessitas
846 1273 1002 1322 peccati
1025 1273 1172 1321 prioris
1204 1273 1398 1310 inducens
1423 1275 1497 1310 hoc
1530 1286 1652 1322 genus
1676 1287 1766 1322 pec-

453 1332 531 1369 cati
583 1332 861 1369 stultificatum
918 1333 968 1367 ad
1019 1333 1268 1380 sequendum
1313 1331 1480 1379 vestigia
1521 1331 1769 1370 Antichristi.

453 1392 542 1426 Non
589 1390 694 1427 enim
743 1399 800 1426 est
833 1391 1027 1426 adventus
1072 1402 1165 1426 suus
1212 1402 1255 1426 ex
1287 1389 1550 1426 ordinacione
1584 1389 1655 1426 Dei
1689 1389 1768 1438 pri-

455 1448 581 1484 maria
635 1449 702 1484 sed
756 1447 967 1484 occasione
1019 1447 1173 1495 peccati
1218 1447 1363 1495 prioris
1407 1447 1664 1494 necessitans‚
1726 1456 1770 1484 ut

453 1506 536 1553 ipse
581 1506 621 1542 in
673 1506 838 1542 nomine
882 1504 1044 1541 Domini
1092 1505 1286 1553 capiatur.
1333 1508 1381 1541 Et
1422 1518 1492 1553 per
1539 1507 1613 1542 hoc
1660 1507 1769 1554 quod

454 1564 702 1612 evangelium
749 1563 863 1600 dicit:
909 1564 1022 1599 Illum
1067 1564 1260 1612 accipietis
1302 1571 1467 1599 notatur
1509 1563 1654 1600 veritas
1686 1575 1769 1600 sce—

454 1622 545 1658 leris
596 1621 779 1658 faciendi.
837 1621 1018 1658 Christus
1071 1620 1177 1657 enim
1240 1621 1345 1658 clare
1408 1621 1522 1658 scivit
1563 1622 1768 1670 quomodo

456 1681 531 1716 hoc
564 1692 688 1728 genus
732 1679 904 1727 accipiet
936 1678 1244 1715 Antichristum.
1299 1679 1388 1716 Sive
1435 1687 1570 1715 autem
1623 1678 1769 1716 intelli-

454 1747 569 1785 gatur
621 1739 728 1786 quod
781 1737 866 1785 ipse
918 1737 1048 1773 veniet
1094 1736 1134 1773 in
1192 1736 1357 1773 nomine
1396 1736 1562 1785 proprio
1600 1737 1682 1774 sive
1728 1737 1769 1773 in

454 1796 616 1832 nomine
654 1795 866 1832 Trinitatis
910 1804 1119 1843 tamquam
1166 1794 1425 1831 immediatus
1468 1794 1640 1831 vicarius
1679 1796 1769 1831 Jesu

457 1854 618 1899 Christi,
665 1866 746 1890 non
786 1853 987 1901 discrepat
1026 1866 1047 1889 a
1081 1865 1197 1889 sensu
1231 1853 1473 1900 evangelico,
1519 1861 1562 1889 ut
1593 1852 1767 1899 videtur3

457 1913 532 1962 ho'c
577 1920 713 1948 tamen
760 1910 916 1947 videtur
967 1911 1176 1959 proprium
1222 1910 1472 1947 Antichristo
1525 1912 1633 1959 quod
1685 1910 1769 1959 ipse

456 1979 595 2017 queret
620 1969 791 2016 gloriam
817 1969 1022 2017 propriam
1056 1978 1092 2005 et
1122 1970 1278 2005 lucrum
1313 1968 1522 2016 proprium
1556 1980 1628 2016 per
1660 1981 1769 2004 com-

456 2037 592 2064 menta
618 2027 826 2063 mendacii.
865 2026 1046 2063 Christus
1069 2035 1204 2063 autem
1229 2039 1384 2062 summe
1418 2026 1626 2074 aufugerat
1649 2025 1765 2063 istam

455 2086 574 2122 viam.
625 2087 717 2121 Ideo
751 2085 847 2121 dicit
888 2094 1179 2133 consequenter
1212 2084 1251 2120 in
1287 2086 1427 2120 eodem
1462 2084 1658 2132 capitulo:
1701 2084 1768 2119 Ju-

457 2144 597 2179 dicium
644 2156 768 2178 meum
814 2144 953 2178 iustum
1000 2150 1068 2187 est,
1121 2143 1208 2190 quia
1253 2154 1325 2178 non
1370 2154 1487 2190 quero
1534 2143 1767 2178 voluntatem

456 2214 579 2237 meam
625 2202 693 2237 sed
743 2201 976 2237 voluntatem
1021 2201 1102 2236 eius
1145 2200 1209 2248 qui
1251 2200 1351 2236 misit
1398 2213 1456 2236 me
1496 2200 1635 2249 patris.
1692 2200 1766 2236 Ubi

455 2268 593 2295 notum
630 2268 686 2296 est
720 2260 829 2307 quod
863 2258 1047 2294 Christus
1082 2258 1144 2294 hic
1180 2258 1360 2306 loquitur
1400 2259 1619 2294 secundum
1654 2270 1767 2294 suam

457 2317 763 2361 humanitatem,
806 2317 900 2365 quia
933 2317 1153 2352 secundum
1195 2329 1307 2352 suam
1343 2315 1591 2352 divinitatem
1628 2317 1765 2352 eadem

457 2384 513 2411 est
546 2375 701 2411 x-olucio
734 2374 955 2412 Trinitatis.
997 2375 1090 2410 ldeo
1124 2375 1329 2422 querendo
1363 2374 1608 2409 voluntatem
1644 2373 1767 2421 patris

456 2433 587 2481 querit
626 2434 871 2469 voluntatem
915 2431 1132 2480 propriam,
1173 2433 1240 2467 sed
1280 2444 1352 2467 nec
1387 2431 1664 2480 principaliter
1696 2443 1768 2467 nec

456 2492 677 2527 secundum
725 2491 1017 2526 humanitatem
1060 2489 1189 2537 querit
1231 2489 1462 2525 huiusmodi
1502 2489 1766 2525 voluntatem.

527 2690 550 2716 25.
573 2692 598 2716 Λ
625 2690 652 2716 in
676 2697 788 2722 marga
822 2697 855 2722 ⁴3².
966 2688 1001 2716 15.
1033 2690 1077 2715 A:
1106 2688 1292 2722 reciperunt.
1404 2696 1442 2722 17·
1477 2688 1513 2714 ss:
1549 2687 1671 2714 nomine
1701 2694 1764 2714 suo.

458 2725 500 2758 37.
524 2726 560 2751 12:
583 2733 642 2751 mm
664 2725 833 2759 querendo.
857 2732 916 2751 non
940 2724 965 2750 ὶιι
989 2732 1085 2758 marg.
1108 2723 1177 2749 aad.

530 2810 580 2839 32.
608 2808 684 2838 Joh.
712 2810 751 2845 V,
783 2810 832 2840 ΖΜ).

1788 826 1826 846 10

1787 1110 1822 1142 15

1786 1409 1827 1430 20

1786 1689 1825 1721 25

1786 1980 1827 2012 30

1785 2267 1824 2301 35
