1986 3289
206 265 294 295 CAP.
317 258 371 312 ιι]
581 270 640 301 DE
671 269 985 301 ANTici-iffisTo
1014 270 1097 300 ΜΒ.
1125 269 1146 300 1.
1781 259 1798 294 5

746 408 884 448 CAP.
918 407 977 447 ΙΙ.

261 504 426 540 Videtur
460 503 660 539 Christum
706 503 745 538 in
794 503 870 538 hoc
914 502 1113 550 principio
1159 503 1208 537 ad
1248 502 1513 548 detegendum
1529 508 1629 547 Three
1650 513 1750 543 stages
1770 508 1804 534 of

204 561 403 597 versucias
435 560 670 597 Antichristi
714 560 824 608 loqui
870 561 917 596 de
958 559 1065 596 falsis
1099 559 1262 607 prelatis
1295 559 1354 594 vel
1387 571 1512 594 sacer·
1575 543 1754 578 pnes-thood

203 619 375 665 dotibus,
411 618 503 667 quia
537 620 585 654 ab
610 617 840 654 huiusmodi
864 617 1132 654 Antichristus
1166 615 1228 665 (ut
1252 616 1514 664 probabiliter

171 673 368 729 Inficitur)
422 678 540 712 habet
584 685 730 712 ortum.
784 675 889 711 Dicit
940 675 1047 711 enim
1094 674 1362 711 communiter
1407 675 1512 721 quod
1553 684 1586 714 a)
1607 681 1779 709 berbi-etho

203 734 343 782 triplex
376 744 432 770 est
455 733 744 778 sacerdocium,
779 733 929 769 scilicet
953 732 1229 769 sacerdocium
1254 741 1346 769 ante
1369 733 1513 780 legem,
1632 717 1700 750 law,

202 791 476 828 sacerdocium
510 791 551 827 in
583 792 668 839 lege
690 791 812 827 veteri
837 800 873 827 et
896 790 1173 827 sacerdocium
1198 790 1237 826 in
1259 790 1344 838 lege
1368 789 1512 837 gracie.

203 852 302 886 Nam
333 849 624 885 Melchisedech
655 849 729 885 fuit
761 850 948 885 sacerdos
981 848 1142 885 Domini
1175 857 1265 884 ante
1296 849 1437 895 legem,
1471 856 1514 883 ut
1558 857 1586 889 b)
1609 856 1706 883 under
1726 856 1774 882 th<

202 917 309 955 patet
333 909 429 944 Gen.
463 908 560 943 XIV.
594 909 642 942 Et
674 910 731 952 (ut
760 906 1029 943 communiter
1062 906 1221 951 dicitur)
1255 905 1511 953 primogeniti
1556 927 1583 957 c)
1598 891 1770 952 ffffdff‘fiffi

150 979 187 998 10
202 975 361 1013 patrum
408 965 587 1001 fidelium
620 965 783 1000 fuerunt
816 964 1083 1000 communiter
1121 977 1193 1011 pro
1226 964 1295 1000 illo
1328 972 1512 1011 tempore
1557 960 1614 987 law
1635 962 1784 995 ofgrace.

200 1025 449 1070 sacerdotes;
490 1032 526 1059 et
559 1022 657 1058 illud
690 1022 966 1058 sacerdocium
1002 1022 1075 1058 fuit
1108 1034 1178 1070 per
1210 1021 1440 1070 superbiam
1475 1030 1512 1057 et

200 1081 414 1117 avariciam
448 1080 689 1129 peioratum,
722 1090 764 1116 ut
795 1089 904 1128 patet
929 1108 936 1116 .
962 1109 970 1116 .
995 1108 1003 1116 .
1029 1108 1037 1116 .
1068 1082 1115 1115 Et
1138 1080 1193 1116 ita
1217 1079 1365 1115 dicitur
1386 1081 1511 1115 Abra-
1533 1089 1565 1121 a)
1586 1096 1650 1126 wpas
1669 1088 1801 1115 without

202 1140 292 1175 ham
339 1148 375 1175 et
408 1138 658 1187 patriarchas
691 1147 844 1174 ceteros
889 1138 957 1186 qui
990 1137 1111 1174 vitam
1145 1150 1300 1174 sacram
1332 1137 1511 1174 vixerant
1568 1124 1758 1185 ΟΓᾞᾚᾘᾏΠ,

199 1196 317 1233 fuisse
341 1196 576 1244 regulariter
598 1197 836 1246 sacerdotes,
863 1205 899 1231 et
924 1198 1028 1231 Deus
1058 1195 1124 1243 qui
1157 1195 1249 1232 fecit
1279 1208 1345 1231 eos
1377 1208 1511 1232 sacros

148 1254 277 1290 15tale
309 1253 585 1290 sacerdocium
619 1253 727 1290 dedit
758 1254 845 1290 illis.
879 1256 927 1289 Et
959 1254 1050 1289 ideo
1074 1255 1382 1301 Chrysostomus
1416 1253 1511 1289 dicit

202 1311 264 1348 hic
297 1313 403 1360 quod
435 1319 591 1348 sanctus
622 1311 776 1360 quilibet
808 1319 863 1347 est
893 1312 1090 1347 sacerdos.

261 1372 427 1418 Propter
479 1369 795 1406 declinacionem
850 1378 981 1405 autem
1045 1368 1161 1404 huius
1219 1368 1439 1405 sacerdocii
1493 1381 1514 1404 a
1607 1387 1635 1420 h)
1655 1387 1731 1421 legal

201 1428 412 1464 sanctitate
458 1437 493 1464 et
539 1427 766 1475 specialiter
810 1436 974 1475 propter
1017 1427 1256 1474 ydolatriam
1292 1427 1439 1463 factam
1474 1426 1514 1462 in
1542 1421 1786 1483 ωῇῑέἓῗιῐὲἒάοῇν

201 1485 325 1533 Moysi
369 1485 554 1522 absencia
600 1487 649 1522 ad
696 1485 864 1521 vitulum
911 1497 1077 1521 aureum
1122 1484 1195 1520 fuit
1240 1485 1348 1521 aliud
1387 1485 1513 1532 legale
1609 1491 1723 1518 Moses.
1769 1488 1774 1492 “

142 1543 477 1580 2Osacerdocium
523 1543 814 1589 introductum,
860 1543 1088 1590 specialiter
1133 1544 1180 1578 de
1214 1542 1303 1578 filiis
1338 1542 1430 1579 Levi
1463 1544 1511 1579 ad

199 1602 275 1637 hoc
309 1601 526 1649 dispositis,
559 1610 603 1637 ut
635 1610 745 1649 patet
768 1600 893 1637 Exodi
916 1602 1068 1637 XXXII.
1104 1600 1351 1648 Principium
1376 1609 1509 1637 autem

199 1659 314 1695 huius
348 1658 568 1696 sacerdocii
600 1659 737 1706 legalis
771 1658 916 1695 dicitur
939 1671 1022 1695 esse
1046 1660 1214 1706 Moyses.
1248 1660 1353 1694 Istud
1378 1667 1510 1695 autem
1539 1676 1563 1704 st
1583 1685 1666 1711 grew
1687 1685 1788 1704 worse

198 1717 474 1753 sacerdocium
508 1717 581 1753 fuit
615 1717 655 1752 in
689 1729 876 1765 processu
908 1716 1102 1764 temporis
1134 1716 1373 1764 peioratum,
1420 1716 1512 1764 quia
1547 1712 1576 1738 iu
1599 1720 1726 1774 pii)r{{⁵⁵
1747 1713 1781 1739 ot'

198 1784 380 1822 tempore
416 1775 555 1811 mortis
588 1774 736 1811 Christi
770 1775 929 1811 fuerunt
962 1776 1204 1818 sacerdotes,
1250 1774 1344 1821 quia
1383 1774 1511 1822 ponti—
1700 1768 1706 1781 '

142 1830 181 1863 25
199 1832 289 1869 lices
321 1833 461 1881 templi
506 1845 595 1869 cum
630 1832 709 1868 suis
749 1831 1026 1880 complicibus,
1062 1831 1220 1868 Christo
1255 1832 1382 1880 magis
1417 1844 1512 1868 con-

198 1890 320 1927 trarii.

255 1950 296 1984 In
330 1961 441 1985 cuius
475 1947 724 1984 evidenciam
758 1947 821 1983 isti
854 1960 935 1983 non
969 1948 1097 1983 solum
1131 1947 1170 1982 in
1202 1948 1287 1994 lege
1312 1947 1441 1983 verbis
1475 1956 1511 1983 et
1527 1955 1586 1982 and
1608 1964 1671 1994 was
1692 1955 1802 1994 hostile

197 2018 316 2054 opere
340 2006 497 2042 fuerant
521 2005 695 2042 Domino
719 2005 916 2042 adversati
940 2007 1008 2041 sed
1032 2004 1072 2041 in
1095 2004 1339 2041 occisionem
1364 2004 1510 2041 Christi
1579 1993 1611 2017 ⁰¹
1631 1990 1748 2018 Chmt.

195 2063 470 2112 principaliter
503 2063 801 2111 conspirarunt,
837 2072 878 2099 ut
911 2072 1020 2110 patet
1053 2075 1096 2099 ex
1130 2064 1299 2098 decursu
1315 2063 1511 2111 evangelii

140 2133 181 2165 30
196 2130 233 2157 et
265 2121 493 2169 specialiter
523 2122 609 2157 Joh.
643 2122 775 2166 XVIII,
816 2133 876 2170 13.
920 2123 1021 2157 Nam
1055 2129 1098 2156 ut
1125 2121 1213 2157 Joh.
1248 2121 1311 2166 XI,
1345 2134 1412 2168 49,
1463 2122 1510 2157 50

196 2179 402 2216 scribitur:
454 2179 642 2230 Cayplms
672 2179 855 2228 pontifex
875 2179 960 2228 suit
999 2179 1063 2214 ille
1094 2179 1215 2215 hostis
1247 2179 1417 2225 Domini,
1450 2180 1514 2227 qui

190 2238 452 2286 prophetavit,
485 2245 524 2272 ut
556 2237 714 2285 expedit
746 2249 859 2272 unum
894 2236 1083 2272 hominem
1118 2236 1221 2272 mori
1246 2249 1322 2285 pro
1349 2237 1509 2286 populo,

196 2303 232 2330 et
263 2295 351 2330 Joh.
384 2296 516 2340 XVIII,
551 2306 573 2343 3
608 2294 753 2342 legitur
786 2295 893 2342 quod
915 2295 1037 2330 Judas
1060 2293 1128 2342 qui
1163 2294 1267 2342 cepit
1291 2294 1509 2331 Dominum

195 2352 339 2401 accepit
362 2354 558 2388 cohortem
583 2360 616 2387 et
639 2365 661 2388 α
679 2352 925 2401 pontzficihus
947 2364 991 2388 ac
1008 2352 1204 2400 phariseis
1227 2352 1436 2393 ministros,
1469 2361 1510 2388 ut

140 2414 179 2446 35
196 2411 371 2446 traderet
418 2409 620 2446 Christum
666 2409 755 2445 illis.
801 2411 849 2445 Et
893 2409 949 2445 illi
994 2409 1154 2445 fuerunt
1198 2409 1264 2458 qui
1312 2411 1510 2446 dederunt

196 2468 289 2503 Iude
322 2467 547 2515 pecuniam,
594 2476 635 2503 ut
669 2480 711 2503 ex
744 2467 1012 2515 promissione
1043 2468 1220 2503 traderet
1251 2469 1383 2503 Jesum
1418 2467 1508 2513 illis,

195 2534 232 2561 et
264 2525 339 2572 ipsi
369 2525 620 2561 concitarunt
645 2525 816 2561 Pilatum
852 2534 889 2561 et
912 2525 1010 2561 alios
1040 2525 1265 2562 cruciantes
1289 2525 1508 2561 Dominum

194 2592 237 2619 ut
279 2582 334 2618 sic
368 2583 509 2619 callide
549 2591 797 2631 torqueatur,
833 2592 868 2619 et
901 2582 956 2619 ita
990 2582 1182 2619 militibus
1216 2584 1411 2619 dederunt
1443 2595 1509 2631 pe-

196 2640 368 2684 cuniam,
401 2649 443 2676 ut
466 2640 642 2677 dicerent
665 2641 805 2677 falsum
838 2640 1114 2676 testimonium
1140 2642 1187 2676 de
1211 2640 1509 2677 resurreccione

265 2808 292 2835 ὁ.
325 2809 354 2835 Α
381 2808 413 2835 in
445 2815 558 2843 marg.:
597 2807 818 2835 Sacer-dociam
850 2808 983 2843 triplex:
1014 2812 1085 2835 ante
1110 2809 1220 2843 legem,
1253 2809 1283 2836 in
1315 2809 1385 2845 lege
1412 2809 1510 2836 veteri

196 2845 227 2869 et
243 2842 273 2869 in
293 2842 365 2878 lege
383 2843 496 2878 gracie
514 2851 538 2870 1.
647 2850 685 2870 12.
708 2845 805 2877 patet.
828 2843 945 2871 Codd.:
974 2843 1112 2878 sequitur
1132 2843 1251 2870 lacuna.
1355 2852 1394 2879 17.
1422 2845 1450 2871 A
1476 2844 1505 2870 in

196 2884 310 2911 marga
331 2883 360 2903 2.
450 2876 494 2905 28.
516 2878 563 2907 A:
585 2878 789 2905 conversanti.
