1986 3289
187 232 276 260 CAP.
297 223 366 277 111]
547 235 606 266 DE
636 233 947 265 ANTicffimsTo
976 233 1059 264 [ΑΒ.
1086 233 1109 264 1.

180 342 385 377 secundum
420 342 601 376 mandata
636 340 764 375 vivere
796 340 893 389 legis
925 346 960 375 et
992 351 1064 374 non
1099 338 1227 374 venire
1248 339 1300 373 ad
1323 339 1487 387 facilem

180 406 214 434 et
248 399 506 434 delectabilem
539 397 710 448 gloriam
743 397 828 432 Dei.
864 397 925 432 De
958 396 1092 445 quibus
1124 396 1298 432 onerosis
1330 396 1489 431 manda-

180 457 227 492 tis
271 456 387 492 eciam
431 455 621 491 Dominus
671 467 791 503 supra
845 455 993 490 dicebat
1044 454 1252 490 cohortans
1298 454 1486 502 populum

181 514 406 549 Iudeorum:
457 513 584 549 Venite
622 513 674 548 aa'
705 524 764 547 me
796 524 924 548 omnes
962 512 1025 560 qui
1056 511 1242 547 laboratis
1274 518 1309 547 et
1340 511 1492 547 onerati

53 574 135 615 405b
179 571 268 607 estis
296 568 300 622 l
329 578 362 607 et
394 583 466 621 ego
500 570 668 620 reficiam
705 582 781 606 vos.
826 570 878 604 Et
910 570 1049 605 Petrus
1088 569 1123 604 in
1156 569 1303 605 actibus
1334 576 1488 617 aposto-

180 629 304 664 lorum
351 629 460 664 dicit:
503 628 554 663 Et
593 640 659 663 vos
701 627 792 676 quid
823 627 1016 676 temptatis
1048 627 1172 662 Deum
1207 634 1241 662 et
1274 626 1389 662 vultis
1420 626 1489 661 im-

175 698 321 734 ponere
364 687 496 737 iugum
540 697 658 735 super
701 685 869 721 cervices
913 685 1190 734 discipulorum
1230 684 1332 732 quod
1374 695 1491 733 neque

180 756 248 779 nos
286 756 402 792 neque
428 750 564 793 patres
596 743 719 778 nostri
743 750 909 792 portare
934 743 1145 792 potuimus,
1188 743 1256 778 sed
1289 754 1364 791 per
1393 754 1489 791 gra-

179 801 275 837 ciam
301 802 445 838 domini
463 801 552 837 „Iesu
580 800 728 836 Christi
747 800 940 836 credimus
973 800 1134 845 salvari,
1165 800 1489 849 quemadmodum

129 866 215 894 [oct
259 859 316 894 illi
357 859 421 908 qui
464 871 580 895 onera
626 858 725 908 legis
769 858 993 906 quibusdam
1040 858 1259 894 racionibus
1292 857 1491 906 fabulosis

181 917 491 953 commendantes
535 916 777 952 auditoribus
821 915 931 965 quasi
973 915 1123 951 vincula
1161 927 1280 963 super
1311 916 1492 950 humeros

181 975 311 1010 cordis
342 986 474 1010 eorum
507 974 739 1024 alligabant,
783 981 822 1008 ut
865 973 976 1022 quasi
1020 973 1187 1009 racionis
1221 973 1371 1009 vinculo
1405 985 1492 1008 con-

180 1032 307 1067 stricti
349 1044 421 1067 non
454 1032 642 1067 reicerent
673 1043 715 1067 ea
749 1044 770 1066 a
797 1043 848 1067 se.
894 1031 973 1080 Ipsi
1004 1039 1128 1066 autem
1162 1043 1228 1066 nec
1259 1042 1310 1067 ex
1341 1030 1492 1066 modica

176 1096 293 1138 parte
325 1102 367 1125 ea
400 1089 619 1138 implebant,
663 1101 729 1124 nec
761 1088 886 1124 dicam
920 1089 1036 1137 pleno
1069 1100 1185 1137 opere
1214 1089 1283 1124 sed
1314 1100 1381 1124 nec
1413 1100 1492 1123 mo-

131 1147 265 1183 &dico
317 1154 433 1194 tactu,
485 1148 555 1182 hoc
606 1154 672 1193 est,
727 1146 861 1196 digito.
916 1146 1132 1182 Secundum
1178 1146 1491 1194 consequenciam

182 1212 307 1240 autem
340 1205 437 1241 tales
467 1212 554 1240 sunt
586 1204 703 1240 eciam
737 1216 834 1240 nunc
865 1205 1087 1240 sacerdotes
1119 1204 1183 1252 qui
1213 1216 1362 1240 omnem
1386 1203 1491 1239 iusti-

183 1262 278 1298 ciam
307 1263 452 1311 populo
485 1262 668 1297 mandant
701 1269 736 1297 et
767 1262 840 1311 ipsi
871 1274 937 1298 nec
969 1262 1160 1298 modicam
1184 1269 1353 1306 servant,
1388 1261 1489 1297 vide-

184 1320 269 1355 licet
301 1332 373 1356 non
407 1327 446 1355 ut
468 1320 662 1368 facientes
694 1320 770 1355 sint
801 1320 891 1355 iusti
919 1320 988 1356 sed
1016 1327 1056 1355 ut
1079 1320 1255 1356 docentes
1276 1326 1492 1368 appareant

183 1378 280 1413 iusti.
333 1378 443 1413 Tales
475 1377 587 1413 etiam
620 1385 707 1413 sunt
738 1378 801 1426 qui
837 1390 964 1427 grave
991 1378 1144 1426 pondus
1178 1377 1410 1413 venientibus
1441 1377 1493 1412 ad

128 1435 430 1484 zopenitenciam
476 1435 685 1483 imponunt,
730 1435 794 1483 qui
831 1435 961 1470 dicunt
993 1442 1028 1471 et
1060 1447 1131 1471 non
1154 1435 1333 1484 faciunt5
1375 1442 1409 1471 et
1440 1434 1494 1470 sic

184 1493 272 1528 dum
300 1505 399 1542 pena
424 1493 634 1542 penitencie
661 1493 853 1541 presentis
877 1493 1055 1543 fugitur,
1088 1493 1370 1542 contempnitur
1394 1504 1494 1541 pena

179 1551 328 1599 peccati
348 1551 495 1599 futuri.
530 1550 572 1585 Si
603 1551 699 1586 enim
722 1551 878 1600 fascem
901 1563 1020 1615 super
1041 1551 1222 1587 humeros
1245 1550 1497 1586 adolescentis

183 1620 295 1656 quam
340 1620 412 1644 non
440 1615 567 1657 potest
598 1608 770 1644 baiulare
795 1609 987 1657 posueriS,
1031 1620 1181 1644 necesse
1212 1609 1325 1644 habet
1357 1615 1396 1644 ut
1432 1614 1498 1643 aut

184 1667 338 1715 fascem
362 1666 495 1701 reiciat
516 1674 581 1701 aut
608 1667 675 1701 sub
694 1667 868 1730 pondere
892 1666 1183 1717 confringatur,
1215 1666 1269 1702 sic
1301 1672 1336 1701 et
1357 1665 1500 1702 homini

129 1724 245 1760 25cui
274 1735 400 1774 grave
426 1724 581 1772 pondus
610 1724 822 1773 peni'tencze
853 1724 1027 1772 imponis,
1074 1736 1224 1760 necesse
1268 1730 1323 1760 est
1362 1730 1401 1759 ut
1433 1730 1498 1758 aut

181 1781 433 1831 penitenciam
468 1781 601 1817 reiciat
632 1789 697 1817 aut
719 1781 928 1830 suscipiens
962 1782 1050 1817 dum
1083 1782 1247 1830 sufferre
1270 1793 1342 1817 non
1370 1788 1498 1830 potest

184 1839 468 1891 scandalizatus
500 1839 666 1888 amplius
692 1846 835 1888 peccet.
869 1839 1019 1876 Deinde
1051 1840 1120 1875 etsi
1149 1851 1342 1885 erramus,
1375 1838 1496 1874 modi-

185 1909 268 1933 cam
307 1897 559 1946 penitenciam
599 1897 845 1947 imponentes,
890 1909 1011 1933 nonne
1054 1897 1189 1933 melius
1235 1904 1290 1933 est
1330 1903 1497 1946 propter

186 1955 490 1991 misericordiam
524 1955 716 1991 racionem
741 1956 836 1991 dare
867 1966 977 2003 quam
1004 1962 1171 2004 propter
1199 1954 1497 1991 crudelitatem?

130 2015 171 2046 30
191 2013 263 2048 Ubi
287 2019 404 2062 pater
424 2012 606 2060 familias
638 2013 777 2063 largus
809 2020 865 2049 est
897 2013 1141 2062 dispensator
1172 2025 1245 2049 non
1278 2013 1386 2048 debet
1419 2023 1498 2048 esse

187 2078 316 2115 tenax,
348 2070 382 2106 si
411 2071 518 2105 Deus
549 2070 735 2121 benignus
767 2078 833 2114 est,
869 2077 907 2105 ut
930 2071 1020 2119 quid
1051 2071 1234 2107 sacerdos
1266 2070 1345 2106 eius
1372 2076 1496 2105 auste-

187 2128 283 2164 rus?
313 2128 373 2163 Vis
404 2140 597 2177 apparere
627 2128 811 2165 sanctus?
848 2127 961 2164 Circa
985 2129 1101 2164 vitam
1124 2135 1229 2164 tuam
1260 2135 1338 2164 esto
1372 2134 1496 2163 auste-

188 2198 267 2230 rus,
312 2186 415 2222 circa
458 2186 623 2222 aliorum
669 2194 795 2222 autem
829 2186 1025 2236 benignus.
1059 2186 1229 2222 Audiant
1260 2193 1296 2222 te
1327 2185 1497 2221 homines

183 2256 309 2292 parva
354 2244 596 2279 mandantem
631 2252 666 2280 et
696 2243 837 2294 gravia
861 2243 1088 2291 facientem.
1141 2244 1245 2279 Talis
1277 2251 1332 2279 est
1370 2250 1495 2279 autem

132 2302 170 2335 '2⁷5
186 2302 368 2337 sacerdos
411 2302 474 2349 qui
515 2302 586 2338 sibi
617 2302 792 2353 indulget
824 2309 857 2337 et
889 2302 987 2338 alios
1018 2302 1144 2352 exigit
1175 2301 1495 2350 quemadmodum

188 2360 313 2395 malus
356 2359 576 2408 descriptor
620 2360 754 2396 tributi
796 2359 831 2394 in
864 2359 1017 2396 civitate
1046 2359 1112 2408 qui
1140 2371 1180 2395 se
1213 2359 1373 2406 relevat,
1400 2371 1496 2408 pau-

182 2428 297 2465 peres
329 2416 421 2453 ledit
452 2425 487 2453 et
518 2418 683 2454 honorat
708 2424 883 2466 potentes
915 2425 950 2453 et
981 2424 1115 2453 onerat
1144 2417 1379 2466 impotentes.
1414 2418 1497 2453 Hec

188 2474 467 2511 Crisostomus.

212 2724 217 2734 .
251 2698 282 2751 l}
311 2690 350 2750 ἒῑ
377 2698 470 2725 super
496 2698 638 2717 services.
747 2701 776 2725 9.
807 2692 849 2717 A:
877 2690 996 2717 domini
1014 2690 1106 2717 deest.
1215 2698 1255 2724 ¹4·
1276 2690 1321 2717 Α·
1339 2696 1385 2750 {a
1398 2689 1495 2716 deest.

187 2724 476 2795 &gamzo-ente&
492 2725 747 2795 Αε2ῗίίεῗβὶἓῗὸη
744 2725 872 2787 qziigaA:
894 2723 1264 2786 se3m3sslievcszzgc13tegzsqcesse
1356 2732 1375 2757 4
1407 2723 1446 2750 B
1468 2726 1496 2750 et

257 2854 288 2883 4.
315 2841 432 2874 Matth.
460 2843 515 2883 XI,
544 2842 594 2874 28.
668 2843 699 2875 Γ).
726 2845 798 2875 Act.
824 2844 897 2883 XV,
930 2854 978 2883 10,
1010 2853 1060 2874 11.

1578 1165 1718 1191 Burdens

1541 1199 1684 1237 imposed
1710 1199 1748 1234 by

1567 1233 1725 1262 Christian

1582 1268 1704 1303 priests.
