1986 3289
171 214 259 242 CAP.
285 204 354 259 111.]
560 217 618 248 DE
646 216 959 248 ANTICHRIsTo
988 217 1071 248 ΜΒ.
1097 217 1136 248 11.
1689 217 1767 257 295

169 323 309 360 mirum
342 323 376 359 si
419 322 520 359 misit
564 335 702 371 aquam
748 323 783 357 in
825 322 991 372 pelvem,
1031 323 1130 358 unde
1175 323 1325 358 lavaret
1364 323 1483 371 pedes

170 381 445 430 discipulorum
479 380 542 428 qui
573 381 608 416 in
636 388 783 416 terram
816 380 1045 431 sanguinem
1069 380 1183 428 fudit
1213 393 1286 429 quo
1320 380 1482 416 immun-

171 438 308 474 diciam
342 438 506 474 dilueret
532 438 816 487 peccatorum?
873 438 976 482 Quid
1013 438 1153 474 mirum
1193 439 1226 474 si
1263 438 1377 473 linteo
1411 449 1482 486 quo

170 503 255 532 erat
284 496 501 545 precinctus
528 497 649 545 pedes
691 508 784 544 quos
819 496 970 531 laverat
1001 496 1123 542 tersit,
1170 496 1233 544 qui
1263 508 1379 532 carne
1411 507 1482 544 qua

138 557 255 590 §erat
276 554 431 590 indutus
449 553 795 604 Evangelistarum
820 553 983 604 vestigia
1000 554 1273 602 confirmavit?
1296 554 1346 589 Et
1370 553 1482 589 linteo

171 612 320 660 quidem
356 619 395 647 ut
426 624 466 648 se
493 611 746 662 precingeret
783 611 910 660 posuit
943 611 1166 647 vestimenta
1198 624 1270 660 que
1302 611 1484 654 habebat,-

171 676 210 704 ut
247 677 373 704 autem
410 670 592 717 formam
638 668 744 705 servi
787 669 992 718 acciperet,
1037 670 1189 717 quando
1233 669 1481 717 semetipsum

171 727 395 773 exinanivit,
440 739 513 763 non
558 728 659 775 quod
707 727 868 763 habebat
913 727 1098 775 deposuit,
1152 728 1221 763 sed
1263 728 1366 776 quod
1409 739 1482 763 non

171 785 332 820 habebat
377 785 535 834 accepit.
593 783 892 834 Crucifigendus
935 797 1027 820 sane
1063 784 1142 820 suis
1176 785 1396 834 expoliatus
1429 791 1483 820 est

47 847 130 887 433⁵*
172 842 406 878 vestimentis
438 850 473 878 et
504 850 681 878 mortuus
709 841 713 891 Ι
742 842 935 878 involutus
967 849 1022 878 est
1054 842 1199 886 linteis;
1237 850 1273 878 et
1305 850 1382 878 tota
1416 842 1482 877 illa

172 900 251 935 eius
277 900 410 949 passio
443 907 574 936 nostra
603 900 799 950 purgacio
832 907 899 936 est.
954 900 1148 936 Passurus
1182 900 1305 950 igitur
1337 900 1482 936 excicia

166 958 347 1006 premisit
372 957 549 1006 obsequia
573 970 646 993 non
678 959 802 994 solum
828 958 881 994 eis
907 970 984 1006 pro
1008 958 1139 1006 quibus
1172 965 1257 993 erat
1287 958 1484 994 subiturus

172 1023 347 1061 mortem,
379 1016 447 1051 sed
469 1015 588 1051 eciam
622 1015 679 1050 illi
708 1016 774 1065 qui
803 1016 877 1051 iam
902 1016 1044 1063 fuerat
1075 1016 1293 1052 traditurus
1316 1028 1400 1051 eum
1433 1016 1484 1051 ad

174 1080 353 1109 mortem.
394 1074 514 1108 Tanta
538 1080 594 1109 est
624 1073 764 1122 quippe
795 1075 960 1109 humane
993 1073 1220 1110 humilitatis
1254 1073 1410 1119 utilitas,
1444 1081 1484 1109 ut

120 1134 254 1167 15eam
298 1143 366 1167 suo
400 1131 688 1167 commendaret
718 1132 894 1180 exemplo
927 1131 1045 1166 eciam
1092 1131 1221 1167 divina
1253 1131 1482 1177 sublimitas,

173 1188 258 1237 quia
305 1189 416 1225 homo
461 1190 649 1238 superbus
680 1189 716 1224 in
750 1196 923 1225 eternum
964 1189 1115 1237 periret
1154 1189 1227 1225 nisi
1257 1201 1341 1224 eum
1374 1189 1482 1225 Deus

173 1246 328 1282 humilis
360 1247 557 1285 inveniret.
610 1247 713 1282 Venit
759 1247 856 1282 enim
890 1247 1003 1296 filius
1047 1258 1209 1294 querere
1253 1254 1288 1282 et
1329 1247 1480 1282 salvum

172 1305 315 1352 facere
347 1305 449 1353 quod
482 1305 667 1353 perierat.
713 1305 888 1340 Perierat
934 1311 1060 1340 autem
1093 1305 1316 1354 superbiam
1349 1305 1481 1339 seduc-

173 1362 269 1398 toris
301 1369 466 1409 secutus,
500 1375 598 1413 ergo
631 1362 884 1398 humilitatem
920 1363 1180 1411 redemptoris
1211 1369 1396 1412 sequatur
1428 1362 1482 1397 in-

117 1434 157 1455 20
174 1427 318 1457 ventus.
354 1421 437 1457 Hec
470 1420 727 1468 Augustinus.

229 1477 394 1514 Videtur
426 1478 546 1514 istum
571 1487 753 1514 sanctum
790 1490 831 1513 ex
864 1477 940 1513 isto
974 1486 1077 1514 textu
1113 1478 1254 1514 elicere
1286 1477 1361 1514 ista
1394 1477 1483 1523 tria,

173 1534 303 1582 primo
349 1537 458 1583 quod
492 1535 674 1572 Christus
718 1536 820 1572 sicut
868 1535 1037 1571 surrexit
1078 1549 1099 1572 a
1133 1549 1227 1572 cena
1269 1544 1305 1572 et
1339 1536 1481 1572 iterum

172 1592 367 1642 recubuit,
397 1593 452 1629 sic
481 1602 523 1629 ut
545 1593 796 1630 locucionem
822 1603 1069 1643 prepararet,
1094 1593 1184 1629 fecit
1209 1606 1278 1641 per
1301 1593 1482 1629 ordinem

171 1650 246 1687 ista
278 1650 366 1694 tria,
419 1651 550 1699 primo
593 1650 744 1688 lintheo
789 1664 828 1688 se
873 1650 1077 1698 succinxit,
1131 1653 1306 1687 secundo
1351 1650 1485 1698 posuit

115 1713 154 1745 25
172 1721 319 1757 aquam
364 1708 405 1744 in
450 1710 601 1757 pelvem
653 1719 689 1745 et
735 1709 859 1745 tercio
906 1709 1092 1745 omnibus
1143 1709 1223 1745 suis
1276 1709 1482 1757 discipulis

172 1767 290 1814 pedes
322 1766 440 1813 lavit3,
470 1776 506 1803 et
539 1767 594 1803 sic
627 1769 747 1815 pedes
780 1768 930 1804 laverat
964 1766 1194 1805 Scariothis.

230 1825 415 1861 Secundo
448 1824 604 1861 videtur
627 1825 875 1873 Augustinus
910 1825 1041 1861 dicere
1075 1826 1183 1873 quod
1216 1837 1377 1861 necesse
1410 1824 1482 1860 fuit
1567 1838 1699 1865 Christ's

172 1882 390 1918 Dominum
414 1883 517 1919 hanc
540 1883 711 1919 formam
740 1882 978 1919 humilitatis
1002 1883 1081 1919 suis
1114 1882 1322 1930 discipulis
1356 1895 1481 1918 exem·
1501 1873 1767 1942 fssruffijffigaffffie

171 1940 293 1987 plare,
329 1953 416 1976 cum
441 1953 600 1977 necesse
623 1941 696 1976 fuit
720 1941 923 1977 Christum
957 1942 1100 1977 docere
1123 1953 1235 1976 suam
1272 1940 1480 1976 ecclesiam
1496 1946 1526 1969 to
1548 1942 1595 1969 his
1616 1942 1771 1977 disciples.

116 2004 157 2036 30
173 1998 373 2034 contrarie
405 1998 461 2033 illi
487 1999 667 2035 doctrine
701 2011 821 2046 quam
855 2010 978 2046 genus
1012 1999 1233 2034 humanum
1268 2006 1478 2045 acceperat

172 2055 213 2091 in
244 2057 467 2103 peccando3
502 2056 640 2092 didicit
664 2057 769 2093 enim
804 2069 846 2092 ex
879 2055 1061 2092 doctrina
1095 2055 1246 2092 diaboli
1279 2057 1482 2104 quomodo

173 2113 402 2161 superbiam
437 2114 556 2162 primi
589 2122 771 2162 apostate
803 2123 1058 2162 sequeretur3
1091 2114 1182 2150 ideo
1215 2126 1375 2150 necesse
1408 2113 1481 2149 fuit

173 2172 279 2218 quod
314 2171 581 2208 humilitatem
607 2171 824 2208 Salvatoris
858 2172 976 2219 primi
1009 2171 1207 2208 contrarie
1230 2180 1481 2220 sequeretur3

174 2229 277 2264 unde
310 2229 411 2265 sicut
449 2229 572 2265 nichil
613 2229 785 2266 hominis
825 2239 882 2265 est
915 2229 1067 2266 bassius
1106 2229 1274 2277 pedibus
1307 2241 1380 2264 nec
1414 2228 1482 2264 ali-

117 2296 155 2330 35
174 2286 268 2334 quid
302 2286 511 2323 sublimius
556 2287 698 2335 capite,
752 2287 808 2323 sic
842 2288 953 2323 nulla
984 2287 1107 2324 virtus
1150 2286 1323 2323 hominis
1357 2285 1483 2334 magis

173 2343 339 2380 inclinat
373 2346 420 2380 ad
455 2353 602 2380 statum
637 2344 816 2381 debitum
858 2358 977 2393 quam
1012 2344 1105 2380 facit
1139 2344 1358 2390 humilitas,
1409 2356 1482 2380 nec

173 2401 336 2450 aliquod
369 2402 515 2438 vicium
550 2402 674 2449 magis
708 2403 833 2439 elevat
867 2415 986 2451 quam
1020 2402 1114 2438 facit
1147 2402 1345 2450 superbia.
1380 2404 1480 2438 Nam

173 2460 294 2496 homo
336 2459 467 2508 primo
510 2469 676 2508 peccato
708 2473 748 2496 se
781 2460 947 2496 subiecit
980 2460 1140 2496 diabolo
1174 2469 1210 2495 et
1244 2459 1410 2496 elevavit
1442 2471 1482 2495 se

174 2518 476 2565 quodammodo
508 2531 631 2566 supra
665 2520 806 2563 Deum,
861 2530 951 2554 cum
985 2517 1113 2554 voluit
1154 2517 1347 2554 voluntati
1381 2517 1482 2553 servi

243 2710 272 2738 9.
292 2703 338 2730 A:
362 2702 601 2739 Confrigendus.
705 2711 746 2735 10-
768 2704 811 2731 A:
832 2704 1014 2730 humilitate.
1111 2711 1149 2730 21.
1172 2704 1219 2730 A:
1240 2703 1269 2730 in
1299 2710 1411 2737 marg:
1433 2702 1483 2730 Jo-

173 2739 298 2765 hannes.
407 2738 452 2766 30.
474 2741 518 2766 A:
541 2738 589 2765 iili
606 2738 748 2766 doctrine
767 2739 860 2765 deest.
962 2738 1000 2765 31.
1023 2738 1059 2765 B:
1081 2738 1119 2764 de
1137 2738 1292 2765 doctrina.

249 2831 297 2863 17.
325 2821 440 2853 Lucae
464 2821 551 2861 XIX,
584 2831 633 2852 10.
