1986 3289
184 563 200 594 5

167 861 203 880 10

167 1138 202 1170 15

165 1439 206 1459 20

166 1717 204 1749 25

168 2008 208 2039 30

99 2409 183 2449 431a

214 215 303 242 CAP-
331 205 466 258 LXXII]
598 218 656 249 DE
684 217 999 249 ANTICHRISTO
1029 217 1112 248 LIB.
1139 217 1160 247 l.

216 326 372 361 lucrum
422 337 494 372 pro
540 336 611 360 suo
646 325 860 360 commodo
906 324 975 359 sed
1019 323 1159 370 pocius
1204 336 1275 370 pro
1309 324 1524 359 commodo

217 382 433 428 donatarii,
468 394 557 418 cum
591 381 721 429 ipsum
747 394 820 429 pro
853 394 973 417 usura
997 380 1204 417 constituit
1237 394 1356 429 super
1387 381 1526 417 omnia

217 442 323 476 bona
368 452 451 476 sua.
501 439 740 476 Benedictus
775 452 868 487 ergo
913 438 962 474 sit
1002 439 1091 475 talis
1124 448 1311 475 usurator
1344 439 1411 487 qui
1445 452 1525 475 non

217 500 265 535 ad
300 497 508 546 proprium
532 497 687 533 lucrum
721 498 781 533 vel
815 499 1076 533 commodum
1112 496 1228 544 exigit
1261 510 1377 533 suum
1403 499 1526 533 dona-

217 556 363 593 tarium
398 567 577 601 usurare7
624 556 692 592 sed
737 556 786 591 ad
832 555 1039 602 proprium
1075 555 1230 591 lucrum
1263 555 1368 591 illius
1401 556 1525 591 dona—

217 613 321 657 tarii,
354 622 396 649 ut
429 613 469 649 in
492 613 606 649 bonis
630 613 803 661 amplius
836 612 884 649 sit
918 613 1166 649 habundans.
1201 614 1249 648 Et
1273 613 1364 649 hinc
1388 612 1526 649 dicunt

217 671 466 720 postillantes
515 672 621 719 quod
660 672 732 707 hec
777 670 994 718 spiritualis
1034 683 1155 707 usura
1197 679 1253 706 est
1286 670 1399 707 istius
1432 684 1524 707 con-

218 729 388 766 dicionis
422 730 527 777 quod
556 738 612 765 est
644 728 790 765 nobilis
814 728 937 765 animi
971 728 1169 776 possessio
1203 741 1279 776 que
1313 728 1526 765 distributa

218 787 383 835 suscipit
431 787 723 835 incrementum
778 795 815 822 et
871 799 1012 823 avaros
1057 795 1265 835 tamquam
1311 786 1526 834 dedignata

219 845 350 881 reddit
384 845 639 893 posteriores.
686 846 853 881 Studeat
887 857 981 892 ergo
1014 844 1142 880 fidelis
1176 844 1295 880 fidem
1329 844 1526 892 scripture

218 916 330 939 sacre
375 904 434 940 vel
479 915 600 950 opere
643 904 703 939 vel
736 902 931 947 doctrina,
987 911 1024 938 et
1058 904 1105 938 de
1139 911 1289 950 quanto
1322 915 1362 939 se
1394 903 1525 950 ipsum

219 961 258 997 in
292 961 359 997 illa
384 960 657 997 exercitaverit
690 962 738 997 de
771 969 884 997 tanto
908 961 1058 996 habens
1090 972 1229 997 sensus
1262 960 1321 996 sui
1355 960 1526 1008 amplius

220 1018 293 1055 erit
326 1019 366 1054 in
400 1019 477 1055 fide
500 1018 604 1055 illius
628 1018 825 1067 scripture
857 1019 945 1066 plus
980 1018 1185 1066 copiosus;
1221 1026 1258 1054 et
1281 1031 1369 1055 curn
1396 1018 1526 1055 omnis

218 1076 348 1113 viator
391 1078 508 1113 debet
552 1076 773 1125 practizare
818 1076 934 1112 huius
982 1088 1116 1113 mense
1163 1076 1407 1124 sapienciam
1448 1088 1527 1112 ser-

220 1147 338 1171 mone
382 1136 442 1171 vel
495 1148 628 1182 opere,
683 1135 777 1183 quia
825 1134 1087 1182 spiritualiter
1136 1146 1299 1182 pascere
1352 1143 1525 1171 mentem

220 1205 345 1239 suam,
392 1201 524 1240 potest
558 1192 726 1240 intelligi
766 1192 992 1241 evangelice
1032 1194 1140 1241 quod
1179 1192 1252 1229 iste
1296 1205 1431 1229 servus
1463 1205 1529 1229 ne-

221 1263 341 1299 quam
376 1251 425 1287 sit
458 1250 639 1287 literatus
671 1251 732 1287 vel
764 1251 889 1287 laicus
924 1250 992 1299 qui
1025 1250 1215 1299 pigrescit
1248 1263 1412 1299 pascere
1445 1250 1529 1287 ani-

222 1321 327 1345 mam
361 1321 473 1345 suam
507 1310 567 1345 vel
590 1310 757 1345 fratrum
791 1308 1016 1345 vivencium
1041 1321 1131 1345 cum
1165 1308 1241 1344 isto
1274 1321 1376 1356 pane
1409 1321 1528 1356 quem

222 1367 337 1403 debet
362 1379 503 1414 capere
535 1369 582 1404 de
605 1368 680 1403 hac
713 1379 871 1411 mensa;
908 1375 944 1403 et
977 1366 1032 1403 sic
1066 1366 1329 1403 nummularii
1362 1375 1529 1414 possunt

221 1424 355 1461 vocari
404 1425 539 1461 fideles
588 1424 809 1473 presbyteri
855 1424 922 1473 qui
970 1425 1097 1472 legem
1132 1424 1279 1461 Christi
1320 1424 1530 1472 predicant

222 1483 270 1518 de
302 1483 376 1518 hac
410 1495 560 1519 mensa.

280 1541 357 1576 Sed
402 1540 527 1577 tercio
580 1540 792 1588 diligenter
836 1542 1015 1577 notanda
1060 1549 1116 1576 est
1170 1540 1372 1577 sentencia
1413 1539 1529 1576 huius

222 1597 349 1633 sancti
395 1600 600 1646 quomodo
645 1600 717 1635 hec
770 1611 909 1635 mensa
954 1597 1151 1646 scripture
1196 1598 1269 1635 fuit
1311 1598 1445 1634 Judeis
1488 1597 1528 1633 in

222 1656 476 1703 scandalum;
522 1665 557 1692 et
601 1656 656 1693 sic
689 1656 898 1705 probabile
942 1656 1098 1692 videtur
1132 1657 1239 1704 quod
1279 1656 1352 1692 erit
1384 1656 1529 1692 nostris

222 1714 498 1750 sacerdotibus
531 1714 599 1762 qui
633 1715 876 1751 confitentur
908 1714 1121 1751 verbaliter
1155 1714 1362 1750 dominum
1396 1716 1528 1750 Jesum

223 1771 444 1819 Christum3
498 1785 591 1809 nam
636 1772 728 1809 licet
773 1772 920 1809 cotidie
965 1780 1139 1808 tractent
1190 1772 1231 1808 in
1275 1772 1350 1808 ista
1393 1784 1530 1808 mensa

223 1831 429 1876 quomodo
452 1831 563 1866 Jesus
586 1830 636 1866 sit
659 1832 764 1867 Deus
798 1839 834 1866 et
868 1832 989 1866 homo
1023 1829 1347 1866 indefectibiliter
1382 1831 1531 1866 docens

223 1886 428 1924 hominem
455 1889 660 1936 quomodo
677 1888 967 1925 beatitudinem
985 1888 1218 1936 possidebit,
1243 1896 1380 1924 tamen
1404 1889 1529 1935 legem

223 1957 335 1981 suam
385 1954 632 1993 postponunt
687 1955 723 1982 et
770 1955 945 1982 tractant
998 1958 1156 1982 mensas
1201 1945 1298 1982 alias
1350 1945 1532 1993 putridas

225 2011 261 2038 et
296 2005 513 2049 mendosas,
548 2013 592 2040 ut
625 2004 739 2040 multi
774 2004 906 2040 clerici
940 2004 1066 2040 eciam
1101 2004 1169 2052 qui
1203 2003 1342 2040 dicunt
1376 2016 1416 2039 se
1450 2015 1532 2039 esse

226 2073 391 2108 magnos
424 2061 464 2097 in
488 2061 655 2098 ecclesia
688 2062 776 2110 plus
810 2062 1062 2098 delectantur
1084 2070 1259 2098 tractare
1293 2060 1379 2097 iura
1403 2061 1533 2097 civilia

1732 219 1807 257 271

1558 1546 1635 1573 How
1657 1545 1808 1580 scripture

1631 1589 1695 1607 was
1715 1588 1732 1606 a

1550 1615 1810 1649 stumblingblock

1573 1656 1603 1678 to
1623 1651 1673 1678 the
1691 1650 1783 1677 Jews.

1583 2078 1698 2105 Pricsts
1718 2086 1786 2104 care

225 2127 345 2166 atque
378 2120 573 2156 canonica
612 2133 731 2168 quam
770 2119 829 2155 ius
863 2119 1031 2165 Christi3
1078 2128 1114 2155 et
1146 2119 1310 2155 indubie
1342 2120 1403 2155 vel
1437 2119 1533 2155 fides
1549 2121 1634 2140 more
1654 2113 1702 2140 for
1722 2120 1821 2139 canon

1585 2156 1620 2175 or
1640 2147 1707 2174 civil
1730 2147 1787 2174 law

224 2177 421 2224 scripture
466 2186 523 2213 est
555 2178 652 2213 falsa
685 2178 745 2214 vel
777 2178 874 2214 tales
919 2186 1010 2213 sunt
1043 2177 1281 2225 profundius
1315 2189 1405 2213 cum
1438 2183 1620 2225 ypo-than
1642 2182 1772 2209 forthat
1792 2182 1823 2208 of

226 2234 336 2270 critis
370 2235 711 2284 condempnandi,
766 2236 907 2272 saltem
953 2234 1029 2270 nisi
1063 2235 1238 2271 finaliter
1283 2235 1532 2282 resipiscant.

170 2292 185 2323 '3
227 2292 267 2328 Si
300 2292 405 2328 enim
440 2293 528 2341 quis
576 2302 837 2341 contempnat
869 2292 1042 2329 litteram
1085 2293 1231 2329 terreni
1266 2292 1421 2329 domini
1455 2293 1534 2329 sive

227 2349 340 2397 regis,
376 2351 464 2387 talis
498 2359 679 2387 terrenus
703 2351 891 2387 dominus
916 2350 1088 2398 graviter
1110 2350 1279 2387 sustinet
1311 2352 1416 2387 hunc
1441 2363 1534 2387 con-

225 2416 423 2455 temptum
453 2406 458 2461 l
488 2417 639 2457 quanto
664 2408 790 2456 magis
824 2417 880 2445 est
913 2409 988 2445 hoc
1010 2420 1148 2445 verum
1183 2410 1230 2444 de
1264 2408 1430 2445 domino
1465 2409 1533 2444 do-

228 2465 443 2512 minorum,
485 2466 714 2514 specialiter
747 2479 836 2503 cum
878 2478 948 2514 per
980 2466 1097 2503 istam
1132 2466 1289 2503 literam
1324 2479 1406 2502 non
1439 2478 1534 2514 que-

227 2523 277 2559 rit
321 2524 516 2560 honorem
561 2525 622 2560 vel
664 2525 820 2560 lucrum
865 2523 1086 2572 proprium,
1132 2526 1200 2560 sed
1245 2525 1393 2561 bonum
1429 2523 1535 2560 illius

168 2592 212 2623 40
227 2581 498 2618 hominis-cui
531 2582 702 2629 gratuite
735 2582 840 2618 istud
875 2584 1010 2618 donat.

285 2641 333 2675 Et
365 2639 404 2675 in
438 2641 577 2676 eadem
602 2640 896 2688 dampnacione
920 2640 1104 2676 videntur
1137 2639 1210 2676 iste
1242 2648 1348 2676 secte
1380 2640 1535 2676 novelle

228 2709 303 2744 que
327 2697 571 2734 dimittentes
596 2697 899 2734 ordinacionem
934 2706 970 2734 et
1003 2697 1182 2745 regulam
1208 2710 1328 2746 quam
1354 2697 1535 2733 Christus

297 2847 322 2866 2.
344 2840 387 2866 A:
409 2839 581 2866 donatoris.
654 2846 697 2866 22.
718 2840 747 2865 A
767 2839 796 2865 in
819 2847 932 2873 marg:
953 2846 985 2872 3.

1629 2216 1743 2245 Christ.

1585 2656 1673 2683 false
1694 2660 1782 2682 sects.
