1986 3289
130 211 181 258 96
714 222 832 254 opos
858 223 1194 255 EVANGELICUM
1223 224 1306 256 ΜΒ.
1334 225 1389 256 111.
1492 213 1598 267 [CAP.
1620 223 1730 251 xxw.

416 329 468 363 ad
506 329 612 364 illam
645 330 861 365 Jerusalem
905 330 1046 365 dictum
1086 338 1161 366 est:
1206 331 1306 366 Ecce
1351 331 1588 379 relinquetur
1627 332 1732 368 vobis

416 387 553 422 domus
586 395 716 423 vestra
751 388 918 431 deserta,
950 388 1094 423 scilicet
1126 400 1210 424 cum
1232 388 1365 438 filium
1400 389 1476 425 Dei
1507 390 1732 426 occideretis

413 445 518 493 apud
550 445 638 491 vos,¹
669 457 753 480 cum
794 446 840 481 de
871 445 939 481 illo
970 446 1112 494 templo
1144 446 1345 495 corporali
1374 447 1559 496 templum
1593 448 1733 484 exierit

413 502 615 550 spirituale
643 504 927 552 quodfuerunt
957 504 1082 539 sancti
1109 504 1175 553 qui
1205 516 1255 540 ex
1286 504 1576 541 circumcisione
1606 506 1732 541 credi-

413 560 552 595 derunt
584 560 619 596 in
648 561 859 608 Christum,
890 561 945 597 sic
977 569 1012 597 et
1039 562 1092 597 ad
1113 562 1312 598 ecclesiam
1351 563 1519 598 omnium
1554 563 1729 599 heresum
1748 566 1764 598 5

414 618 555 654 dictum
579 631 660 655 esse
683 619 856 655 videtur:
887 619 989 655 Ecce
1015 615 1020 666 Ι
1051 620 1288 669 relinquetur
1312 621 1416 656 vobis
1439 621 1575 656 domus
1602 629 1730 657 vestra
1775 623 1859 666 414b

413 676 580 721 deserta,
635 689 686 713 ex
724 689 795 725 quo
832 677 963 727 filium
1004 678 1081 713 Dei
1121 678 1327 725 occidistis,
1372 679 1411 713 id
1454 686 1521 725 est,
1566 690 1617 714 ex
1660 691 1731 727 quo

413 746 527 769 unum
562 735 719 771 verbum
745 735 918 771 veritatis
949 735 1052 771 illius
1084 736 1279 772 mendacis
1312 736 1420 772 verbi
1448 737 1597 787 gladio,
1631 737 1731 773 veri-

413 799 490 828 tate
533 793 651 841 effusa
705 801 899 829 mortuum
947 805 1028 829 esse
1054 793 1230 841 fecistis;
1278 794 1376 830 sicut
1418 794 1516 830 enim
1556 795 1733 844 superius

133 851 386 914 be'lrilgxieserexcffie
415 850 587 887 diximus
630 851 890 900 spiritualiter
927 851 1144 901 prophetas
1185 852 1330 900 suscipi
1367 858 1432 887 aut
1471 852 1605 890 occidi.
1657 853 1789 897 Quixo

132 922 238 949 Christ
258 922 316 948 and
339 921 385 948 his
414 908 511 944 enim
557 910 720 945 credunt
762 910 970 945 secundum
1017 909 1216 945 veritatem
1270 910 1396 946 verbis
1443 910 1729 959 prophetarum

122 957 399 1018 Rsssssslsshgffige‘st'efffee
413 967 625 1015 suscipiunt
663 968 893 1016 prophetas,
946 967 1011 1016 qui
1055 974 1181 1003 autem
1227 976 1485 1017 corrumpunt
1529 969 1729 1005 veritatem

178 1027 340 1061 slayhim.
414 1024 602 1073 ipsorum,
647 1026 826 1062 occidunt
870 1026 987 1061 verba
1032 1038 1165 1062 eorum
1210 1033 1245 1061 et
1288 1038 1351 1062 eos
1388 1026 1490 1075 ipsos
1529 1026 1564 1061 in
1605 1027 1731 1063 verbis

414 1095 562 1121 eorum.
598 1083 661 1119 Sic
693 1091 728 1119 et
756 1084 935 1119 Christus
966 1083 1175 1133 suscipitur
1207 1091 1270 1119 aut
1304 1084 1494 1120 occiditur
1515 1085 1621 1133 apud
1651 1097 1730 1123 nos,

415 1141 458 1176 Si
494 1141 592 1177 enim
625 1142 822 1178 credimus
860 1141 988 1178 verbis
1027 1142 1120 1189 eius,
1159 1141 1387 1190 suscipimus
1426 1155 1510 1178 eum
1550 1149 1585 1178 et
1614 1145 1786 1193 gene-15

415 1211 549 1235 ramus
601 1199 637 1235 in
690 1200 809 1245 nobis,
860 1200 895 1236 si
943 1207 1070 1236 autem
1123 1212 1196 1235 11011
1249 1200 1443 1236 credimus
1484 1200 1553 1236 sed
1604 1201 1731 1236 adlzuc

414 1257 615 1293 veritatem
640 1258 848 1294 verborum
881 1258 960 1293 eius
989 1257 1289 1307 corrumpimus,
1322 1258 1547 1307 repellimus
1578 1271 1662 1295 eum
1695 1266 1731 1295 et

413 1315 622 1351 occidimus
665 1316 771 1365 apud
808 1328 887 1352 nos.
941 1316 1048 1352 Unde
1075 1316 1127 1365 fit
1166 1315 1334 1364 quotidie
1371 1323 1410 1351 ut
1449 1317 1555 1365 apud
1586 1316 1730 1366 fideles

416 1371 594 1410 Christus
632 1374 782 1422 quidem
820 1374 1058 1423 suscipiatur
1096 1381 1208 1422 atque
1241 1381 1439 1421 nascatur,
1481 1375 1586 1423 apud
1618 1375 1727 1411 here-

411 1431 506 1468 ticos
544 1439 669 1467 autem
710 1432 927 1481 repellitur.
967 1432 1118 1467 Relicta
1151 1439 1277 1467 autem
1316 1439 1371 1468 est
1409 1439 1444 1467 et
1476 1433 1644 1479 deserta,
1678 1444 1729 1468 ex
1746 1445 1787 1467 20

410 1501 484 1538 quo
524 1491 570 1525 de
608 1490 674 1525 illa
715 1489 919 1539 corporali
955 1489 1114 1526 ecclesia
1152 1489 1369 1538 spiritualis
1401 1490 1561 1526 ecclesia
1594 1490 1726 1537 exivit,

411 1547 451 1582 id
481 1556 547 1593 est,
595 1548 642 1584 de
666 1548 813 1597 populo
846 1560 927 1593 suo,
972 1548 1037 1596 qui
1074 1547 1278 1583 videbatur
1310 1548 1545 1584 christianus
1583 1556 1618 1584 et
1656 1560 1728 1584 11011

410 1613 507 1652 erat,
548 1606 719 1655 populus
762 1606 831 1642 iste
869 1606 932 1654 qui
975 1606 1178 1641 videbatur
1215 1613 1249 1641 et
1287 1613 1393 1650 erat,·
1437 1606 1563 1657 magis
1601 1613 1727 1642 autem

409 1665 618 1699 secundum
664 1665 765 1713 quod
809 1664 995 1710 diximus,
1046 1664 1105 1699 illi
1145 1671 1272 1699 autem
1326 1676 1347 1699 a
1392 1664 1498 1700 uobis
1549 1664 1729 1700 exierunt

411 1734 523 1770 quam
569 1735 638 1759 nos
681 1722 728 1758 ab
773 1722 861 1758 illis.
914 1722 1021 1758 Sicut
1063 1729 1189 1757 autem
1237 1722 1449 1757 membrum
1495 1734 1516 1757 a
1562 1734 1728 1770 corpore
1744 1725 1783 1757 25

408 1780 605 1828 precisum
649 1780 779 1816 vivere
811 1792 884 1816 11011
912 1787 1040 1829 potest
1078 1792 1196 1828 neque
1234 1792 1369 1816 ramus
1400 1780 1557 1816 arboris
1589 1780 1727 1816 viridis

410 1850 504 1884 esse,
538 1838 592 1874 sic
615 1846 650 1874 et
673 1850 802 1874 omnes
825 1838 986 1874 heretici
1002 1838 1150 1887 precisi
1170 1851 1191 1873 a
1225 1850 1391 1886 corpore
1430 1838 1539 1874 unius
1571 1838 1727 1874 ecclesie

410 1908 476 1932 nec
516 1896 631 1931 vitam
671 1896 820 1932 Christi
857 1896 892 1932 in
925 1908 968 1934 se
1006 1896 1147 1932 habere
1180 1903 1345 1945 possunt
1383 1908 1450 1931 nec
1489 1896 1724 1932 viriditatem

408 1954 548 2004 gracie
579 1955 795 2003 spiritualis
826 1955 895 1990 sed
926 1961 981 1990 est
1014 1953 1172 1990 ecclesia
1205 1965 1337 1989 eorum
1375 1954 1540 2000 deserta,
1575 1966 1647 1990 11011
1679 1954 1725 1989 ab

409 2012 636 2051 hominibus.
673 2012 883 2048 Habundat
915 2012 1012 2048 enim
1040 2011 1241 2061 perversis
1274 2011 1501 2057 hominibus,
1535 2012 1725 2060 quomodo
1742 2015 1780 2047 32

407 2082 561 2118 semper
605 2071 800 2106 malorum
840 2070 969 2106 maior
1007 2077 1062 2105 est
1100 2069 1208 2118 copia
1248 2081 1359 2118 quam
1406 2070 1615 2105 bonorum:
1657 2070 1727 2105 sed

409 2129 562 2164 deserta
586 2136 641 2164 est
663 2141 684 2164 a
707 2128 864 2174 sanctis,
888 2129 1040 2164 deserta
1064 2140 1085 2162 a
1107 2127 1321 2173 sanctitate,
1352 2127 1483 2176 afide‚
1507 2140 1528 2162 a
1553 2127 1724 2174 veritate,

408 2199 429 2221 a
473 2186 611 2236 gracia
658 2193 692 2221 et
730 2186 883 2235 spiritu,
929 2187 1082 2222 deserta
1123 2185 1282 2233 denique
1319 2186 1365 2220 ab
1404 2185 1486 2234 ipso
1520 2185 1604 2221 Deo
1637 2192 1672 2220 et
1703 2197 1724 2220 a

409 2244 515 2280 bonis
554 2244 728 2280 omnibus
765 2245 830 2293 qui
867 2251 955 2280 sunt
987 2243 1073 2279 Dei.
1124 2243 1229 2278 Sicut
1268 2243 1365 2278 enim
1405 2243 1517 2278 homo
1558 2243 1623 2291 qui
1652 2242 1728 2278 Dei

409 2314 481 2337 11011
514 2309 582 2348 est,
621 2309 800 2337 mortuus
838 2302 980 2337 dicitur
1012 2313 1104 2347 esse,
1144 2301 1318 2349 quamvis
1363 2301 1478 2345 vivat,
1522 2300 1609 2349 quia
1653 2302 1781 2336 1101135

410 2360 494 2395 Deo
526 2360 594 2395 sed
627 2360 779 2395 diabolo
815 2360 918 2406 vivit,
951 2360 1005 2396 sic
1034 2359 1156 2395 omnis
1179 2359 1339 2394 ecclesia
1363 2358 1539 2406 quamvis
1560 2358 1726 2394 abundet

409 2418 637 2464 homiuibus,
679 2425 806 2453 tamen
845 2418 879 2453 si
915 2418 962 2453 ab
1001 2417 1079 2453 illis
1111 2416 1217 2452 bouis
1249 2428 1318 2465 que
1351 2417 1452 2452 dicta
1484 2423 1571 2452 sunt
1605 2428 1725 2452 vacua

409 2476 552 2524 fuerit,
594 2477 746 2512 deserta
780 2483 846 2522 est,
881 2476 966 2524 quia
1005 2488 1078 2511 11011
1112 2475 1195 2510 Deo
1227 2475 1296 2510 sed
1328 2474 1480 2510 diabolo
1508 2474 1623 2523 plena
1656 2481 1724 2510 est.

480 2723 504 2742 2.
527 2716 563 2742 ss:
585 2715 704 2743 scilicet
728 2715 821 2742 deest.
947 2723 976 2750 ς).
997 2715 1042 2742 A:
1063 2715 1106 2741 sic
1126 2714 1215 2741 enim.
1331 2721 1372 2748 ις).
1401 2713 1445 2740 A:
1469 2712 1609 2740 Christus
1630 2712 1723 2740 deest.

409 2759 447 2777 21.
470 2750 509 2777 B:
532 2750 636 2777 exivit.
744 2749 787 2777 23.
818 2750 856 2777 B:
885 2753 913 2777 et
940 2750 1055 2776 extinct
1080 2749 1184 2776 before
1211 2748 1379 2776 videbatur.
1488 2755 1537 2781 ²4·
1557 2748 1602 2774 A:
1624 2750 1724 2774 aulem

411 2786 504 2811 deest.
597 2784 639 2811 25.
660 2786 707 2812 A:
730 2785 760 2811 in
782 2792 925 2819 corpore.
1016 2783 1055 2811 31.
1083 2784 1110 2810 A
1130 2784 1158 2810 in
1181 2791 1278 2816 marg.
1309 2782 1467 2817 superior:
1489 2782 1532 2809 ad
1549 2790 1653 2809 vocem
1673 2782 1724 2809 bo-

410 2827 519 2845 norum
539 2822 683 2846 secuntur
702 2819 823 2854 aliquot
836 2819 926 2846 verba
942 2818 1029 2846 ltaud
1047 2818 1211 2852 legibilia;
1231 2817 1386 2852 quomodo
1406 2818 1449 2850 (P)
1470 2817 1517 2844 vel
1529 2816 1653 2844 deserta
1671 2837 1677 2843 .
1694 2837 1699 2842 .
1716 2837 1722 2842 .

411 2854 499 2889 copia
520 2854 670 2881 malorum
690 2857 771 2881 serta·
791 2854 923 2881 deserta.
1014 2852 1061 2886 34.
1084 2853 1123 2880 ss:
1145 2860 1204 2887 que
1222 2855 1292 2879 sunt
1309 2851 1376 2879 Dei.
