1986 3289
207 204 294 232 CAP·
317 200 423 244 LXV]
581 207 638 238 DE
667 206 981 237 ANTICHRIS'I‘O
1011 206 1092 237 LIB..
1121 206 1141 236 I.
1724 208 1801 244 243

209 314 339 350 dicere
374 313 601 351 matutinas.
637 312 677 349 Si
712 313 815 348 enim
850 312 925 348 ista
948 312 1149 348 surreccio
1174 311 1338 359 antiqua
1372 311 1518 347 solidat
1560 319 1626 345 'she
1647 319 1778 353 practice

209 372 398 409 continue
432 383 570 407 eorum
607 370 726 406 fidem
760 384 805 407 ac
839 370 1096 407 devociouem
1134 371 1223 418 plus
1263 382 1383 417 quam
1418 382 1518 416 opus
1576 354 1765 414 ςέῐῗξῗιξὲοξο

208 430 316 466 aliud
368 429 597 465 faciendum
645 428 839 476 regularis
885 428 1000 464 huius
1045 429 1141 464 hore
1185 427 1417 464 observacio
1463 436 1518 463 est
1592 423 1747 484 {5¹25thss

208 488 422 524 laudanda.
476 488 553 523 Sed
588 495 745 523 constat
793 499 836 522 ex
870 499 1006 523 eorum
1053 485 1132 522 vita
1172 494 1292 533 atque
1331 484 1519 532 operibus

176 546 316 593 §quod
363 553 455 580 sunt
507 543 680 592 amplius
713 543 855 580 ceteris
900 544 939 580 in
972 543 1187 580 securitate
1228 542 1366 579 mundi
1399 550 1519 590 atque

209 602 544 650 prosperitatibus
583 601 829 649 profundati.
863 603 955 637 Ideo
988 603 1139 637 bonum
1176 610 1276 638 esset
1309 600 1363 636 eis
1397 601 1519 636 modo

209 673 290 708 quo
323 660 500 696 fecerunt
541 659 722 697 Christus
755 668 793 695 et
826 659 886 695 sui
919 659 1091 706 apostoli
1124 659 1163 694 in
1197 659 1343 695 talibus
1377 657 1519 693 ritibus

209 719 421 755 alternare.
455 720 557 754 Nam
582 730 625 754 ex
649 718 805 754 cautela
839 716 989 753 diaboli
1022 725 1115 753 sunt
1147 716 1187 752 in
1217 716 1362 753 talibus
1385 715 1519 752 ,Iudai-

208 775 438 812 zacionibus
472 776 560 823 plus
592 775 726 811 Judeis
759 775 923 822 perfidis
956 774 1200 822 profundati.
1236 776 1328 810 Ideo
1362 783 1519 810 moveat

156 837 315 870 1ol)eus
365 833 717 869 exterminatorem
752 833 860 880 ipsos
892 832 1090 868 instruere
1135 834 1243 880 quod
1276 845 1347 868 non
1381 833 1519 867 habent

208 892 268 927 hic
291 898 503 927 manentem
527 891 717 927 civitatem
740 892 809 927 sed
829 891 932 939 quoa’
943 891 1129 938 futuram
1155 891 1289 926 debent
1311 890 1516 938 inquirere.

266 949 535 985 Crisostomus
588 957 722 985 autem
776 961 896 996 super
940 948 1015 984 isto
1059 956 1168 984 textu
1220 947 1274 984 sic
1318 947 1517 995 quuitur:
1562 954 1783 992 Chrys-ostoun

208 1007 365 1042 Moram
398 1014 524 1043 autem
548 1007 722 1055 faciente
754 1014 821 1042 etc.
863 1006 934 1042 hoc
965 1006 1097 1056 signat
1133 1018 1275 1052 sermo,
1320 1006 1407 1053 quia
1439 989 1809 1050 tar-l{h¹a⁵t¹1¹1¹,³2{'1j¹g‡e¹l¹1{²

209 1065 323 1101 dante
375 1065 707 1100 consummacione
750 1076 821 1100 non
866 1064 991 1099 solum
1029 1071 1255 1112 peccatores
1298 1063 1367 1099 seal
1399 1063 1622 1122 εεὶαηιιοδξέ
1638 1058 1809 1128 ἐῗῗέΥζῙῖῇίδ

156 1121 297 1158 15iusti
333 1130 368 1158 et
399 1123 623 1171 spirituales
655 1123 706 1158 ad
738 1122 1021 1172 negligenciam
1067 1129 1154 1157 sunt
1195 1121 1433 1166 revolvendi,
1486 1128 1520 1156 et
1548 1116 1557 1120 ”
1605 1127 1739 1162 coming.

209 1180 346 1216 relicta
379 1181 438 1215 via
474 1180 626 1216 virtutis
658 1181 710 1215 ad
741 1180 917 1215 carnalia
950 1180 1226 1215 delectamenta
1258 1186 1345 1215 sunt
1374 1179 1520 1227 aliqua-

208 1246 315 1274 tenus
346 1238 562 1284 transituri‚
596 1246 634 1273 ut
657 1246 691 1274 et
713 1238 810 1273 illud
832 1238 1039 1286 impleatur
1066 1238 1168 1285 quod
1194 1228 1388 1286 propheta
1422 1237 1520 1272 dice-

210 1296 293 1331 bat:
327 1296 485 1331 Salvum
521 1308 579 1331 me
602 1296 677 1344 fac
712 1296 890 1338 Domine,
922 1295 1102 1344 quoniam
1135 1295 1262 1344 deficit
1283 1294 1520 1340 misericors,

210 1353 386 1402 quoniam
433 1353 611 1389 diminuti
651 1361 738 1389 sunt
759 1353 902 1402 fideles
934 1366 955 1388 a
977 1353 1079 1402 filiis
1111 1353 1319 1390 hominum.
1367 1352 1418 1387 Et
1451 1353 1521 1388 hoc

154 1425 195 1446 20
210 1419 266 1447 est
297 1412 398 1460 quod
425 1411 604 1447 Christus
627 1411 796 1447 dicebat:
828 1411 959 1457 Putas,
993 1423 1076 1446 cum
1109 1411 1255 1446 venerit
1267 1410 1378 1460 filius
1401 1410 1521 1445 homi-

211 1469 281 1516 nis,
333 1469 496 1505 inveniet
526 1469 652 1518 fidem
699 1481 817 1517 super
867 1469 1051 1504 terram?
1102 1469 1204 1504 Nam
1252 1468 1421 1518 vigilare
1467 1475 1521 1503 est

211 1527 399 1563 iusticiam
422 1527 577 1575 facere,
613 1527 787 1563 dormire
815 1534 940 1562 autem
964 1534 1020 1562 est
1044 1527 1258 1576 negligere,
1291 1526 1389 1562 sicut
1413 1526 1522 1561 dicit.-

218 1585 385 1635 Vigilate
416 1596 512 1635 ergo
546 1585 633 1633 quia
667 1584 818 1620 nescitis
850 1597 923 1633 qua
957 1585 1054 1620 liora
1088 1584 1209 1620 veniet
1233 1584 1433 1620 Dominus.
1469 1584 1521 1619 Et

212 1654 302 1678 vere
333 1655 405 1678 non
438 1644 573 1678 tardat
605 1643 674 1678 sed
705 1650 887 1690 quantum
927 1643 979 1678 aa'
1011 1649 1184 1677 nostram
1219 1642 1519 1677 inconstanciam

156 1700 194 1732 25
211 1701 374 1736 tardare
406 1700 571 1737 videtur.
618 1701 721 1735 Nam
761 1700 795 1736 si
825 1701 1113 1736 consideremus
1151 1712 1201 1735 ex
1233 1712 1303 1747 quo
1343 1699 1522 1735 Christus

212 1758 247 1793 in
280 1758 401 1794 celum
434 1758 604 1793 ascendit
636 1765 670 1793 et
702 1765 883 1805 quantum
909 1758 1085 1793 vivebant
1107 1758 1278 1793 homines
1302 1765 1389 1793 ante
1423 1757 1519 1793 dilu-

214 1816 315 1851 vium
349 1823 383 1851 et
409 1828 534 1864 prope
566 1823 712 1851 tantum
746 1816 915 1864 spacium
950 1824 1016 1859 est,
1062 1823 1200 1863 quanto
1233 1823 1405 1864 tempore
1437 1823 1522 1851 erat

213 1874 288 1909 vita
330 1873 621 1922 uniuscuiusque
659 1886 805 1909 eorum.
855 1874 897 1908 Si
940 1874 1021 1920 quis
1065 1881 1190 1909 autem
1233 1874 1365 1909 oculos
1411 1874 1522 1908 habet

211 1939 377 1980 apertos,
424 1931 605 1981 intelligit
650 1931 737 1980 quia
781 1931 995 1966 misterium
1042 1931 1152 1966 huius
1194 1931 1302 1966 verbi
1346 1931 1381 1966 in
1415 1931 1521 1967 nobis

157 1990 197 2021 30
212 1989 407 2038 impletum
442 1997 508 2024 est.
549 1989 670 2025 Omne
702 1989 799 2025 enim
831 1989 999 2024 studium
1034 1989 1239 2037 spirituale
1271 1988 1520 2037 relinquimus

212 2054 246 2082 et
277 2047 329 2082 acl
360 2047 533 2082 carnalia
567 2048 841 2083 delectamenta
875 2047 1097 2082 transimus.
1138 2047 1258 2090 Quem
1292 2047 1389 2082 enim
1422 2047 1519 2082 inve-

212 2105 290 2140 nies
322 2105 450 2151 modo,
496 2117 568 2140 non
617 2105 743 2140 dicam
777 2104 915 2140 laicum
948 2105 1016 2140 sea'
1049 2112 1115 2139 aut
1141 2105 1421 2154 presbyterum
1455 2111 1521 2140 aut

213 2162 427 2211 episcopum
461 2163 525 2210 qui
554 2163 606 2197 ad
630 2162 849 2211 perfectum
883 2169 1125 2211 contempnat
1157 2163 1277 2198 seculi
1307 2163 1404 2197 bona
1437 2174 1519 2198 cre-

213 2221 305 2255 dens
356 2220 725 2256 consummacionem
778 2232 859 2256 esse
904 2221 1193 2268 propinquam?
1259 2220 1522 2268 Unusquisque

157 2276 309 2313 35enim
356 2277 445 2313 dicit
491 2278 526 2313 in
566 2279 683 2313 corde
720 2290 788 2313 suo
836 2277 1070 2327 infidelitatis
1107 2278 1243 2326 spiritu
1276 2278 1522 2326 prevalente.-

212 2335 314 2370 Ecce
344 2347 395 2371 ex
426 2347 498 2383 quo
529 2335 707 2371 Christus
728 2336 812 2384 fuit
845 2336 879 2371 in
912 2335 1042 2382 terris,
1074 2347 1225 2384 semper
1249 2335 1401 2381 dicitur,
1434 2347 1521 2371 con-

211 2393 379 2429 sumacio
413 2393 525 2439 venit,
558 2400 593 2428 et
625 2405 708 2429 ecce
751 2394 919 2429 nondum
956 2393 1065 2429 venit.
1112 2394 1171 2428 Ne
1192 2394 1305 2442 forte
1337 2394 1522 2429 credatur

212 2452 313 2499 quod
344 2462 416 2486 non
441 2451 652 2499 reparandi
673 2463 787 2487 causa
819 2452 886 2487 sed
918 2451 1092 2487 terrendi
1113 2451 1281 2499 loquitur
1314 2451 1384 2486 ista
1400 2451 1518 2499 scrip-

212 2515 311 2544 tura.
364 2508 441 2550 Qui
482 2515 607 2544 autem
642 2521 713 2544 non
759 2521 847 2545 vere
879 2509 1003 2544 credit
1035 2508 1405 2545 consummacionem
1440 2521 1520 2545 esse

281 2686 327 2714 30.
349 2688 377 2714 A
398 2688 426 2714 iu
450 2696 562 2723 marg:
585 2687 674 2715 Nola.
757 2687 801 2722 37,
823 2687 867 2715 38.
889 2688 926 2714 B:
950 2688 1097 2716 credatur
1117 2688 1199 2723 quod
1221 2688 1312 2715 deest.

281 2782 312 2814 ς).
329 2771 429 2802 Hebr.
449 2772 535 2810 XIII,
556 2781 605 2811 14.
660 2781 709 2802 12.
725 2772 892 2813 Op.1mp.
910 2772 929 2802 1.
946 2782 973 2802 c0
988 2781 1065 2813 pag.
1081 2771 1157 2813 961.
1219 2771 1267 2802 18.
1285 2771 1409 2802 Psalm.
1419 2772 1473 2811 XI,
1491 2782 1519 2802 2.

216 2827 268 2848 20.
296 2818 410 2848 Lucae
435 2818 554 2856 XVIII,
580 2817 612 2848 8.
664 2818 714 2850 23.
743 2817 861 2849 Matth.
888 2818 1007 2856 XXIV,
1034 2827 1087 2857 42,

1324 2873 1390 2905 1132<
