1986 3289
197 226 284 254 CAP.
307 217 460 270 xrvnt]
576 228 633 258 DE
662 226 973 258 ANTiCHRtsTo
1003 226 1074 256 Lus
1114 226 1136 256 1.
1721 216 1791 261 175

197 334 337 373 mortis
390 347 433 372 ex
483 334 729 371 Antichristo
794 346 883 370 cum
938 332 1017 369 suis
1068 331 1331 380 complicibus
1384 331 1509 367 incul-

197 395 357 431 caudas.
402 394 479 430 Sed
528 392 674 429 scimus
719 404 762 428 ex
796 391 873 427 fide
917 390 1110 438 evangelii
1165 391 1270 426 Luce
1314 390 1401 426 XIX
1440 388 1509 425 ubi

195 464 328 500 supra,
363 452 470 500 quod
504 450 684 487 Christus
718 450 821 486 dicet
853 448 929 485 illis
962 457 1053 485 ante
1086 448 1361 484 ascensionem
1396 459 1509 483 suam

196 518 285 558 post
309 509 426 546 finale
449 508 660 545 iudicium:
706 508 997 556 Verumptamen
1020 507 1192 542 inimicos
1212 517 1317 542 meos
1339 505 1427 541 illos
1449 505 1512 553 qui

164 568 401 604 5n0luerunt
433 579 492 603 me
524 578 693 617 regnare
723 577 842 615 super
871 578 912 601 se
933 565 1111 600 adducite
1143 565 1215 600 huc
1247 571 1282 599 et
1313 562 1513 612 interficite

196 633 283 662 ante
315 638 384 662 me.
419 626 467 660 Et
491 637 581 661 cum
616 636 734 672 papa,
771 622 947 671 episcopi
971 631 1007 658 et
1030 621 1175 670 prelati
1199 620 1333 658 clerici
1366 621 1511 657 debent

197 696 280 720 esse
326 682 484 719 Christo
538 682 664 730 magis
709 681 933 727 domestici,
987 680 1081 728 quia
1126 681 1173 716 de
1214 692 1284 715 sua
1316 677 1511 727 peculiari

196 740 348 778 familia
401 749 438 777 et
489 749 579 776 sunt
613 739 772 776 Christo
817 739 945 787 magis
990 737 1203 786 proditorii
1244 749 1365 785 quam
1399 744 1512 772 erant
1561 744 1764 772 Punishment

196 798 408 847 pontifices
453 806 490 834 et
523 797 697 846 pharisei
730 797 827 845 legis
859 796 1016 846 veteris,
1062 795 1320 832 manifestum
1353 793 1512 830 videtur
1556 779 1766 849 Γῑξζζζθὲῃὲπ

142 868 181 890 10
197 858 305 905 quod
358 856 422 893 isti
467 855 545 892 sint
590 863 717 892 morte
762 856 937 892 secunda
985 853 1279 902 dampnacione
1316 860 1511 900 perpetua
1587 849 1729 884 preldtes.

196 914 425 961 occidendi3
466 922 504 950 et
542 913 618 950 ista
651 913 827 950 creditur
866 925 948 950 esse
980 911 1215 961 pestilencia
1249 923 1369 959 quam
1402 912 1512 946 Jero-

196 985 339 1021 nymus
363 981 400 1009 et
422 972 692 1009 Crisostornus
716 971 904 1020 inquiunt
926 970 990 1007 hic
1012 970 1229 1006 Dominum
1255 969 1510 1017 prophetare.

652 1107 791 1149 CAP.
823 1107 1050 1148 XLVIII.

255 1207 391 1241 Posset
424 1212 559 1241 autem
592 1203 720 1240 fidelis
753 1203 938 1240 dubitare
976 1201 1145 1239 ulterius
1179 1201 1210 1238 si
1243 1199 1410 1237 heretici
1442 1199 1507 1236 isti
1528 1257 1544 1263 κ
1566 1196 1761 1267 ξὸὴγῑῑὲἑῐξξὲζ

144 1262 415 1300 15conficiunt
447 1263 508 1299 vel
541 1262 614 1298 rite
637 1270 755 1298 orant
786 1261 847 1298 vel
879 1260 1108 1297 ministrant
1131 1260 1209 1296 alia
1241 1267 1505 1296 sacramenta.
1573 1266 1675 1293 desert
1694 1266 1743 1293 the

197 1323 245 1357 Et
279 1321 427 1357 clamat
460 1321 656 1357 moderna
701 1319 867 1356 ecclesia
900 1320 1008 1368 quod
1042 1318 1223 1356 Christus
1262 1330 1343 1354 non
1375 1324 1509 1365 potest
1535 1300 1786 1363 Εῃξᾞζξῑίζρεᾷῑῧῗ

197 1391 343 1427 papam
369 1386 406 1415 et
429 1390 499 1426 per
522 1390 772 1427 consequens
797 1377 1006 1414 ecclesiam
1031 1389 1143 1413 suam
1169 1377 1351 1412 deserere
1385 1383 1421 1411 et
1455 1374 1510 1411 sic
1583 1371 1632 1397 1¹¹2
1654 1378 1744 1405 pope.

198 1436 380 1474 Christus
425 1448 506 1472 non
539 1444 670 1484 potest
714 1448 861 1484 papam
896 1444 932 1471 et
966 1434 1189 1472 cardinales
1222 1446 1314 1470 suos
1348 1432 1510 1481 permit-

197 1504 279 1532 tere
311 1494 367 1531 sic
398 1506 579 1542 peccare.
614 1496 662 1530 Et
694 1494 749 1530 ita
782 1494 1012 1542 quicunque
1045 1492 1214 1529 istorum
1261 1493 1433 1528 duorum
1469 1503 1512 1527 ex

141 1564 183 1585 20
199 1552 497 1601 approbacione
531 1552 693 1589 Domini
726 1552 828 1588 foret
868 1564 986 1599 papa,
1025 1551 1108 1599 ipse
1143 1558 1244 1586 esset
1276 1549 1331 1586 sic
1364 1549 1512 1597 impec-

200 1610 337 1648 cabilis
361 1619 398 1646 et
422 1610 490 1647 alii
513 1610 582 1659 qui
605 1612 654 1647 ab
671 1610 757 1658 ipso
781 1609 984 1657 accipiunt
1006 1608 1217 1645 licenciam
1243 1606 1511 1643 ministrandi.

258 1670 336 1706 Sed
383 1668 557 1704 dimissis
606 1667 690 1704 istis
736 1667 913 1704 ridiculis
953 1667 1182 1703 infidelibus
1217 1664 1512 1702 confidentibus
1546 1659 1791 1722 Sinctelipriellates

202 1728 249 1763 de
281 1727 435 1775 prelato
469 1738 629 1763 cesareo
654 1726 824 1763 dicimus
857 1725 971 1762 nobis
1004 1724 1268 1773 probabiliter
1291 1724 1399 1772 quod
1431 1736 1512 1759 non
1587 1728 1747 1768 fossowing

202 1794 259 1822 est
292 1786 339 1820 de
373 1784 604 1821 substancia
649 1792 784 1820 nostre
830 1783 922 1820 fidei
968 1784 1074 1831 quod
1121 1785 1226 1818 Deus
1273 1764 1806 1829 cooperetur{ffffiggeffi‘fiflg'

144 1842 182 1874 25
201 1856 292 1880 cum
325 1842 395 1879 tali
428 1843 583 1890 prelato
617 1842 770 1878 cesario
804 1841 1071 1878 ministrando
1115 1839 1348 1876 huiusmodi
1382 1833 1801 1896 Sflefa·‡{1¹}2nss{tcs¹³2fffi{³1st‘}f

201 1909 349 1949 menta,
402 1900 630 1948 specialiter
675 1913 765 1936 cum
810 1900 962 1936 fructus
1008 1897 1240 1935 huiusmodi
1272 1906 1514 1934 sacramenti

201 1958 269 2007 qui
313 1959 416 1994 foret
461 1958 573 2006 sequi
606 1958 809 1995 Christum
855 1957 895 1993 in
928 1957 1107 1994 moribus
1152 1957 1270 2003 longe
1304 1955 1445 1991 melior
1479 1964 1516 1991 et

200 2016 336 2053 utilior
380 2016 546 2052 ecclesie
591 2029 710 2064 quam
758 2015 961 2052 confeccio
1007 2014 1239 2051 huiusmodi
1273 2012 1516 2050 sacramenti

201 2074 241 2111 in
284 2086 429 2122 penam
476 2074 630 2122 peccati
676 2073 766 2110 talis
811 2073 953 2121 prelati
994 2072 1223 2123 dimittitur7
1268 2084 1392 2120 quare
1436 2084 1518 2107 non

146 2132 393 2178 30inutilior,
436 2131 529 2168 licet
561 2131 759 2168 sensibilis
794 2131 1044 2168 ministracio
1077 2129 1333 2167 sacramenti.
1382 2131 1429 2165 Et
1462 2128 1518 2165 sic

203 2189 380 2227 creditur
412 2189 677 2238 probabiliter
709 2190 817 2238 quod
851 2189 987 2225 oracio
1026 2188 1117 2225 talis
1157 2187 1300 2236 prelati
1334 2187 1377 2223 fit
1410 2200 1518 2223 com-

204 2247 376 2284 muniter
420 2247 461 2283 in
504 2256 728 2296 peccatum,
782 2247 876 2295 quia
920 2260 1000 2283 non
1053 2254 1109 2282 est
1161 2245 1364 2282 evidencia
1411 2246 1518 2293 quod

204 2305 385 2342 Christus
433 2305 581 2341 assistit
625 2305 694 2342 tali
739 2304 920 2352 pontifici
964 2313 1130 2353 propter
1174 2305 1249 2340 hoc
1294 2304 1403 2351 quod
1436 2311 1517 2339 tam

204 2363 362 2400 hianter
405 2376 524 2411 super
570 2363 688 2399 istam
734 2363 904 2399 hostiam
941 2363 996 2399 sic
1043 2361 1247 2409 mentitur,
1294 2369 1331 2397 et
1363 2361 1403 2397 in
1448 2374 1519 2397 sua

148 2420 186 2453 35
205 2421 514 2458 conversacione
548 2421 643 2457 dicit
676 2420 922 2458 contrarium
956 2420 1034 2457 vite
1067 2419 1228 2456 Christi.

262 2481 310 2515 Et
342 2479 398 2515 sic
447 2480 580 2527 quoad
614 2478 786 2527 primam
821 2487 977 2526 partem
1018 2479 1066 2514 de
1099 2477 1356 2514 confeccione
1389 2477 1518 2513 hostie
1563 2481 1631 2508 God
1654 2482 1708 2520 has
1730 2486 1782 2509 not

205 2545 437 2574 consecrate
468 2537 626 2573 videtur
674 2536 808 2573 multis
842 2536 1003 2573 difficile
1046 2535 1178 2572 dicere
1210 2535 1414 2572 racionem
1450 2548 1518 2583 pa·
1545 2517 1797 2587 [ἰξυὲἒςέἒξῃῇῗὲῗ

204 2603 354 2631 tentem
399 2595 459 2632 vel
492 2594 737 2632 evidenciam
785 2606 829 2631 ex
873 2594 951 2631 fide
984 2593 1180 2642 scripture
1220 2594 1328 2642 quod
1360 2601 1517 2641 oportet
1532 2594 1681 2648 faii'liileysir
1701 2586 1767 2647 ofla

1685 2629 1737 2656 pre
1752 2625 1809 2648 ate.

276 2736 316 2755 ιο.
339 2728 375 2755 B:
397 2731 475 2756 sunt.
603 2727 639 2755 13.
662 2729 704 2755 A:
729 2728 803 2762 Cap.
825 2727 939 2755 XLVII.
1051 2736 1092 2761 14.
1114 2729 1142 2755 A
1162 2727 1192 2754 in
1214 2735 1329 2762 marg:
1350 2726 1517 2754 Jolzannes.

206 2771 249 2791 22.
271 2765 296 2791 A
317 2764 347 2790 in
368 2771 483 2798 marg:
504 2763 687 2798 Responsio.
760 2762 806 2790 36.
828 2764 856 2790 A
876 2763 905 2789 in
927 2771 1041 2797 margs:
1065 2771 1087 2789 ι.
1160 2761 1206 2796 37,
1226 2761 1272 2789 38.
1294 2761 1332 2788 ss:
1352 2764 1517 2796 petentem.

279 2857 309 2878 2.
337 2847 451 2878 Lucae
476 2847 564 2887 ΧΙΧ,
593 2856 643 2882 27.
