<?xml version="1.0" encoding="UTF-8"?>
<!DOCTYPE html PUBLIC "-//W3C//DTD XHTML 1.0 Transitional//EN"
    "http://www.w3.org/TR/xhtml1/DTD/xhtml1-transitional.dtd">
<html xmlns="http://www.w3.org/1999/xhtml" xml:lang="en" lang="en">
 <head>
  <title>
</title>
<meta http-equiv="Content-Type" content="text/html;charset=utf-8" />
  <meta name='ocr-system' content='tesseract 3.04.00' />
  <meta name='ocr-capabilities' content='ocr_page ocr_carea ocr_par ocr_line ocrx_word'/>
</head>
<body>
  <div class='ocr_page' id='page_1' title='image "./opusevangelicum34wycl/opusevangelicum34wycl_0114.png"; bbox 0 0 1986 3289; ppageno 0'>
   <div class='ocr_carea' id='block_1_1' title="bbox 182 651 413 852">
    <p class='ocr_par' dir='ltr' id='par_1_1' title="bbox 182 651 413 852">
     <span class='ocr_line' id='line_1_1' title="bbox 203 651 383 680; baseline -0.011 0"><span class='ocrx_word' id='word_1_1' title='bbox 203 651 308 680; x_wconf 81' lang='lat' dir='ltr'>Christ</span> <span class='ocrx_word' id='word_1_2' title='bbox 329 652 383 678; x_wconf 82' lang='lat' dir='ltr'>has</span> 
     </span>
     <span class='ocr_line' id='line_1_2' title="bbox 197 686 389 713; baseline 0 0"><span class='ocrx_word' id='word_1_3' title='bbox 197 686 286 713; x_wconf 82' lang='lat' dir='ltr'>made</span> <span class='ocrx_word' id='word_1_4' title='bbox 307 687 389 713; x_wconf 87' lang='lat' dir='ltr'>them</span> 
     </span>
     <span class='ocr_line' id='line_1_3' title="bbox 212 721 365 748; baseline 0 -1"><span class='ocrx_word' id='word_1_5' title='bbox 212 721 365 748; x_wconf 83' lang='lat' dir='ltr'>condemn</span> 
     </span>
     <span class='ocr_line' id='line_1_4' title="bbox 200 756 382 782; baseline -0.005 0"><span class='ocrx_word' id='word_1_6' title='bbox 200 756 382 782; x_wconf 81' lang='lat' dir='ltr'><strong>themselves</strong></span> 
     </span>
     <span class='ocr_line' id='line_1_5' title="bbox 230 790 361 817; baseline 0 0"><span class='ocrx_word' id='word_1_7' title='bbox 230 791 260 817; x_wconf 85' lang='lat' dir='ltr'>in</span> <span class='ocrx_word' id='word_1_8' title='bbox 282 790 361 817; x_wconf 85' lang='lat' dir='ltr'>their</span> 
     </span>
     <span class='ocr_line' id='line_1_6' title="bbox 182 824 413 852; baseline -0.004 0"><span class='ocrx_word' id='word_1_9' title='bbox 182 833 247 852; x_wconf 84' lang='lat' dir='ltr'>new</span> <span class='ocrx_word' id='word_1_10' title='bbox 269 824 413 852; x_wconf 84' lang='lat' dir='ltr'>services.</span> 
     </span>
    </p>
   </div>
   <div class='ocr_carea' id='block_1_2' title="bbox 161 2324 427 2559">
    <p class='ocr_par' dir='ltr' id='par_1_2' title="bbox 161 2324 427 2559">
     <span class='ocr_line' id='line_1_7' title="bbox 161 2324 427 2352; baseline 0 -1"><span class='ocrx_word' id='word_1_11' title='bbox 161 2324 299 2352; x_wconf 77' lang='lat' dir='ltr'>Jeromc:</span> <span class='ocrx_word' id='word_1_12' title='bbox 326 2324 374 2351; x_wconf 87' lang='lat' dir='ltr'>To</span> <span class='ocrx_word' id='word_1_13' title='bbox 388 2325 427 2352; x_wconf 83' lang='lat' dir='ltr'>fill</span> 
     </span>
     <span class='ocr_line' id='line_1_8' title="bbox 225 2359 365 2394; baseline 0 -8"><span class='ocrx_word' id='word_1_14' title='bbox 225 2368 265 2394; x_wconf 82' lang='lat' dir='ltr'>up</span> <span class='ocrx_word' id='word_1_15' title='bbox 286 2359 365 2386; x_wconf 83' lang='lat' dir='ltr'>their</span> 
     </span>
     <span class='ocr_line' id='line_1_9' title="bbox 182 2395 419 2430; baseline 0.004 -10"><span class='ocrx_word' id='word_1_16' title='bbox 182 2402 321 2421; x_wconf 68' lang='lat' dir='ltr'>measure</span> <span class='ocrx_word' id='word_1_17' title='bbox 349 2395 419 2430; x_wconf 84' lang='lat' dir='ltr'>they</span> 
     </span>
     <span class='ocr_line' id='line_1_10' title="bbox 211 2429 388 2463; baseline 0 -8"><span class='ocrx_word' id='word_1_18' title='bbox 211 2429 388 2463; x_wconf 75' lang='lat' dir='ltr'>persecuted</span> 
     </span>
     <span class='ocr_line' id='line_1_11' title="bbox 230 2463 362 2491; baseline 0 -1"><span class='ocrx_word' id='word_1_19' title='bbox 230 2463 362 2491; x_wconf 86' lang='lat' dir='ltr'>Christ‘s</span> 
     </span>
     <span class='ocr_line' id='line_1_12' title="bbox 225 2498 380 2525; baseline -0.006 0"><span class='ocrx_word' id='word_1_20' title='bbox 225 2498 380 2525; x_wconf 77' lang='lat' dir='ltr'>i&#39;oIIowers</span> 
     </span>
     <span class='ocr_line' id='line_1_13' title="bbox 212 2532 386 2559; baseline 0 0"><span class='ocrx_word' id='word_1_21' title='bbox 212 2540 244 2559; x_wconf 82' lang='lat' dir='ltr'>as</span> <span class='ocrx_word' id='word_1_22' title='bbox 265 2532 331 2559; x_wconf 85' lang='lat' dir='ltr'>well</span> <span class='ocrx_word' id='word_1_23' title='bbox 354 2541 386 2559; x_wconf 82' lang='lat' dir='ltr'>as</span> 
     </span>
    </p>
   </div>
   <div class='ocr_carea' id='block_1_3' title="bbox 245 2566 359 2594">
    <p class='ocr_par' dir='ltr' id='par_1_3' title="bbox 245 2566 359 2594">
     <span class='ocr_line' id='line_1_14' title="bbox 245 2566 359 2594; baseline 0.009 -1"><span class='ocrx_word' id='word_1_24' title='bbox 245 2566 359 2594; x_wconf 83' lang='lat' dir='ltr'>Christ.</span> 
     </span>
    </p>
   </div>
   <div class='ocr_carea' id='block_1_4' title="bbox 765 192 1760 246">
    <p class='ocr_par' dir='ltr' id='par_1_4' title="bbox 765 192 1760 246">
     <span class='ocr_line' id='line_1_15' title="bbox 765 192 1760 246; baseline -0.007 -10"><span class='ocrx_word' id='word_1_25' title='bbox 765 205 883 236; x_wconf 73' lang='lat' dir='ltr'>opus</span> <span class='ocrx_word' id='word_1_26' title='bbox 909 204 1245 236; x_wconf 84' lang='lat' dir='ltr'>EVANGELICUM</span> <span class='ocrx_word' id='word_1_27' title='bbox 1276 205 1359 235; x_wconf 66' lang='grc' dir='ltr'>ΜΒ.</span> <span class='ocrx_word' id='word_1_28' title='bbox 1386 204 1442 235; x_wconf 91' lang='lat'>111.</span> <span class='ocrx_word' id='word_1_29' title='bbox 1553 192 1660 246; x_wconf 82' lang='lat' dir='ltr'>[CAP.</span> <span class='ocrx_word' id='word_1_30' title='bbox 1680 203 1760 230; x_wconf 81' lang='lat' dir='ltr'>XXI.</span> 
     </span>
    </p>
   </div>
   <div class='ocr_carea' id='block_1_5' title="bbox 443 309 1822 995">
    <p class='ocr_par' dir='ltr' id='par_1_5' title="bbox 447 309 1761 358">
     <span class='ocr_line' id='line_1_16' title="bbox 447 309 1761 358; baseline 0 -11"><span class='ocrx_word' id='word_1_31' title='bbox 447 310 660 356; x_wconf 84' lang='lat' dir='ltr'>contraria,</span> <span class='ocrx_word' id='word_1_32' title='bbox 694 323 787 347; x_wconf 85' lang='lat' dir='ltr'>narn</span> <span class='ocrx_word' id='word_1_33' title='bbox 823 313 880 356; x_wconf 86' lang='lat' dir='ltr'>(ut</span> <span class='ocrx_word' id='word_1_34' title='bbox 902 318 1051 346; x_wconf 88' lang='lat' dir='ltr'>tactum</span> <span class='ocrx_word' id='word_1_35' title='bbox 1076 319 1133 346; x_wconf 89' lang='lat' dir='ltr'>est</span> <span class='ocrx_word' id='word_1_36' title='bbox 1156 309 1353 358; x_wconf 87' lang='lat' dir='ltr'>superius)</span> <span class='ocrx_word' id='word_1_37' title='bbox 1385 323 1474 346; x_wconf 82' lang='lat' dir='ltr'>curn</span> <span class='ocrx_word' id='word_1_38' title='bbox 1498 310 1578 347; x_wconf 88' lang='lat' dir='ltr'>vita</span> <span class='ocrx_word' id='word_1_39' title='bbox 1601 310 1761 358; x_wconf 82' lang='lat' dir='ltr'>Christi,</span> 
     </span>
    </p>

    <p class='ocr_par' dir='ltr' id='par_1_6' title="bbox 446 367 1760 417">
     <span class='ocr_line' id='line_1_17' title="bbox 446 367 1760 417; baseline 0.001 -13"><span class='ocrx_word' id='word_1_40' title='bbox 446 369 724 417; x_wconf 84' lang='lat' dir='ltr'>apostolorum</span> <span class='ocrx_word' id='word_1_41' title='bbox 766 377 803 404; x_wconf 92' lang='lat' dir='ltr'>et</span> <span class='ocrx_word' id='word_1_42' title='bbox 844 376 1065 416; x_wconf 86' lang='lat' dir='ltr'>martyrum</span> <span class='ocrx_word' id='word_1_43' title='bbox 1106 367 1154 404; x_wconf 90' lang='lat' dir='ltr'>sit</span> <span class='ocrx_word' id='word_1_44' title='bbox 1194 367 1402 404; x_wconf 89' lang='lat' dir='ltr'>manifeste</span> <span class='ocrx_word' id='word_1_45' title='bbox 1434 368 1511 404; x_wconf 88' lang='lat' dir='ltr'>illis</span> <span class='ocrx_word' id='word_1_46' title='bbox 1545 368 1760 415; x_wconf 81' lang='lat' dir='ltr'>contraria,</span> 
     </span>
    </p>

    <p class='ocr_par' dir='ltr' id='par_1_7' title="bbox 443 425 1761 474">
     <span class='ocr_line' id='line_1_18' title="bbox 443 425 1761 474; baseline 0 -12"><span class='ocrx_word' id='word_1_47' title='bbox 443 427 808 463; x_wconf 80' lang='lat' dir='ltr'>verecundarentur</span> <span class='ocrx_word' id='word_1_48' title='bbox 840 426 870 462; x_wconf 92' lang='lat' dir='ltr'>si</span> <span class='ocrx_word' id='word_1_49' title='bbox 894 434 1104 474; x_wconf 87' lang='lat' dir='ltr'>peccatum</span> <span class='ocrx_word' id='word_1_50' title='bbox 1129 425 1235 474; x_wconf 85' lang='lat' dir='ltr'>ipsos</span> <span class='ocrx_word' id='word_1_51' title='bbox 1264 438 1346 462; x_wconf 88' lang='lat' dir='ltr'>non</span> <span class='ocrx_word' id='word_1_52' title='bbox 1369 425 1565 462; x_wconf 88' lang='lat' dir='ltr'>cecaverit</span> <span class='ocrx_word' id='word_1_53' title='bbox 1588 427 1761 474; x_wconf 87' lang='lat' dir='ltr'>solemp-</span> 
     </span>
    </p>

    <p class='ocr_par' dir='ltr' id='par_1_8' title="bbox 443 483 1762 532">
     <span class='ocr_line' id='line_1_19' title="bbox 443 483 1762 532; baseline 0 -12"><span class='ocrx_word' id='word_1_54' title='bbox 443 484 618 520; x_wconf 86' lang='lat' dir='ltr'>nizando</span> <span class='ocrx_word' id='word_1_55' title='bbox 662 483 795 520; x_wconf 88' lang='lat' dir='ltr'>taliter</span> <span class='ocrx_word' id='word_1_56' title='bbox 826 483 901 519; x_wconf 88' lang='lat' dir='ltr'>ista</span> <span class='ocrx_word' id='word_1_57' title='bbox 934 484 1045 520; x_wconf 86' lang='lat' dir='ltr'>festa.</span> <span class='ocrx_word' id='word_1_58' title='bbox 1086 485 1134 519; x_wconf 88' lang='lat' dir='ltr'>Et</span> <span class='ocrx_word' id='word_1_59' title='bbox 1177 483 1233 520; x_wconf 85' lang='lat' dir='ltr'>sic</span> <span class='ocrx_word' id='word_1_60' title='bbox 1267 492 1324 520; x_wconf 86' lang='lat' dir='ltr'>est</span> <span class='ocrx_word' id='word_1_61' title='bbox 1371 485 1418 520; x_wconf 90' lang='lat' dir='ltr'>de</span> <span class='ocrx_word' id='word_1_62' title='bbox 1450 484 1550 520; x_wconf 90' lang='lat' dir='ltr'>festo</span> <span class='ocrx_word' id='word_1_63' title='bbox 1584 484 1762 532; x_wconf 86' lang='lat' dir='ltr'>corporis</span> 
     </span>
    </p>

    <p class='ocr_par' dir='ltr' id='par_1_9' title="bbox 444 541 1796 647">
     <span class='ocr_line' id='line_1_20' title="bbox 445 541 1796 589; baseline 0.001 -11"><span class='ocrx_word' id='word_1_64' title='bbox 445 541 592 578; x_wconf 86' lang='lat' dir='ltr'>Christi</span> <span class='ocrx_word' id='word_1_65' title='bbox 626 551 664 578; x_wconf 89' lang='lat' dir='ltr'>et</span> <span class='ocrx_word' id='word_1_66' title='bbox 696 541 785 578; x_wconf 84' lang='lat' dir='ltr'>aliis</span> <span class='ocrx_word' id='word_1_67' title='bbox 819 554 907 578; x_wconf 88' lang='lat' dir='ltr'>curn</span> <span class='ocrx_word' id='word_1_68' title='bbox 943 541 1088 589; x_wconf 88' lang='lat' dir='ltr'>quibus</span> <span class='ocrx_word' id='word_1_69' title='bbox 1120 550 1254 589; x_wconf 88' lang='lat' dir='ltr'>preter</span> <span class='ocrx_word' id='word_1_70' title='bbox 1287 541 1569 578; x_wconf 88' lang='lat' dir='ltr'>auctoritatem</span> <span class='ocrx_word' id='word_1_71' title='bbox 1601 541 1796 580; x_wconf 78' lang='lat' dir='ltr'>Domini5</span> 
     </span>
     <span class='ocr_line' id='line_1_21' title="bbox 444 599 1397 647; baseline -0.001 -11"><span class='ocrx_word' id='word_1_72' title='bbox 444 600 613 647; x_wconf 81' lang='lat' dir='ltr'>fatigant</span> <span class='ocrx_word' id='word_1_73' title='bbox 645 599 866 647; x_wconf 90' lang='lat' dir='ltr'>ypocritice</span> <span class='ocrx_word' id='word_1_74' title='bbox 898 599 1107 635; x_wconf 85' lang='lat' dir='ltr'>ecclesiam</span> <span class='ocrx_word' id='word_1_75' title='bbox 1144 599 1397 636; x_wconf 82' lang='lat' dir='ltr'>militantem.</span> 
     </span>
    </p>

    <p class='ocr_par' dir='ltr' id='par_1_10' title="bbox 446 656 1822 995">
     <span class='ocr_line' id='line_1_22' title="bbox 502 656 1764 705; baseline 0.001 -12"><span class='ocrx_word' id='word_1_76' title='bbox 502 658 617 694; x_wconf 89' lang='lat' dir='ltr'>Unde</span> <span class='ocrx_word' id='word_1_77' title='bbox 651 656 833 693; x_wconf 88' lang='lat' dir='ltr'>Christus</span> <span class='ocrx_word' id='word_1_78' title='bbox 864 657 972 705; x_wconf 91' lang='lat' dir='ltr'>ipsos</span> <span class='ocrx_word' id='word_1_79' title='bbox 1004 657 1256 693; x_wconf 87' lang='lat' dir='ltr'>necessitavit</span> <span class='ocrx_word' id='word_1_80' title='bbox 1278 657 1454 694; x_wconf 88' lang='lat' dir='ltr'>inserere</span> <span class='ocrx_word' id='word_1_81' title='bbox 1486 657 1526 693; x_wconf 91' lang='lat' dir='ltr'>in</span> <span class='ocrx_word' id='word_1_82' title='bbox 1549 657 1624 693; x_wconf 87' lang='lat' dir='ltr'>hiis</span> <span class='ocrx_word' id='word_1_83' title='bbox 1656 657 1764 694; x_wconf 86' lang='lat' dir='ltr'>festis</span> 
     </span>
     <span class='ocr_line' id='line_1_23' title="bbox 446 714 1761 765; baseline 0 -14"><span class='ocrx_word' id='word_1_84' title='bbox 446 717 617 763; x_wconf 88' lang='lat' dir='ltr'>quedam</span> <span class='ocrx_word' id='word_1_85' title='bbox 658 727 735 764; x_wconf 86' lang='lat' dir='ltr'>que</span> <span class='ocrx_word' id='word_1_86' title='bbox 768 714 917 751; x_wconf 87' lang='lat' dir='ltr'>directe</span> <span class='ocrx_word' id='word_1_87' title='bbox 939 724 1030 751; x_wconf 85' lang='lat' dir='ltr'>sunt</span> <span class='ocrx_word' id='word_1_88' title='bbox 1062 715 1214 760; x_wconf 85' lang='lat' dir='ltr'>legibus</span> <span class='ocrx_word' id='word_1_89' title='bbox 1238 715 1319 751; x_wconf 88' lang='lat' dir='ltr'>suis</span> <span class='ocrx_word' id='word_1_90' title='bbox 1343 715 1557 765; x_wconf 75' lang='lat' dir='ltr'>contraria,</span> <span class='ocrx_word' id='word_1_91' title='bbox 1590 717 1761 764; x_wconf 86' lang='lat' dir='ltr'>quedam</span> 
     </span>
     <span class='ocr_line' id='line_1_24' title="bbox 447 772 1765 822; baseline 0 -13"><span class='ocrx_word' id='word_1_92' title='bbox 447 785 523 821; x_wconf 88' lang='lat' dir='ltr'>que</span> <span class='ocrx_word' id='word_1_93' title='bbox 555 782 646 809; x_wconf 90' lang='lat' dir='ltr'>sunt</span> <span class='ocrx_word' id='word_1_94' title='bbox 679 774 727 809; x_wconf 92' lang='lat' dir='ltr'>de</span> <span class='ocrx_word' id='word_1_95' title='bbox 761 772 924 809; x_wconf 84' lang='lat' dir='ltr'>racione</span> <span class='ocrx_word' id='word_1_96' title='bbox 962 773 1022 809; x_wconf 89' lang='lat' dir='ltr'>vel</span> <span class='ocrx_word' id='word_1_97' title='bbox 1062 772 1260 820; x_wconf 81' lang='lat' dir='ltr'>scriptura</span> <span class='ocrx_word' id='word_1_98' title='bbox 1302 772 1567 809; x_wconf 84' lang='lat' dir='ltr'>infundabilia</span> <span class='ocrx_word' id='word_1_99' title='bbox 1603 782 1639 809; x_wconf 89' lang='lat' dir='ltr'>et</span> <span class='ocrx_word' id='word_1_100' title='bbox 1671 785 1765 822; x_wconf 91' lang='lat' dir='ltr'>que—</span> 
     </span>
     <span class='ocr_line' id='line_1_25' title="bbox 447 830 1822 879; baseline 0.001 -12"><span class='ocrx_word' id='word_1_101' title='bbox 447 832 553 876; x_wconf 86' lang='lat' dir='ltr'>dam,</span> <span class='ocrx_word' id='word_1_102' title='bbox 598 839 642 867; x_wconf 91' lang='lat' dir='ltr'>ut</span> <span class='ocrx_word' id='word_1_103' title='bbox 685 830 878 879; x_wconf 81' lang='lat' dir='ltr'>ypocrisis</span> <span class='ocrx_word' id='word_1_104' title='bbox 923 843 994 867; x_wconf 88' lang='lat' dir='ltr'>sua</span> <span class='ocrx_word' id='word_1_105' title='bbox 1039 831 1165 879; x_wconf 83' lang='lat' dir='ltr'>magis</span> <span class='ocrx_word' id='word_1_106' title='bbox 1210 839 1417 879; x_wconf 80' lang='lat' dir='ltr'>appareat,</span> <span class='ocrx_word' id='word_1_107' title='bbox 1457 843 1534 879; x_wconf 88' lang='lat' dir='ltr'>que</span> <span class='ocrx_word' id='word_1_108' title='bbox 1572 840 1665 867; x_wconf 90' lang='lat' dir='ltr'>sunt</span> <span class='ocrx_word' id='word_1_109' title='bbox 1703 843 1822 869; x_wconf 81' lang='lat' dir='ltr'>ex-xo</span> 
     </span>
     <span class='ocr_line' id='line_1_26' title="bbox 446 888 1763 937; baseline 0.001 -13"><span class='ocrx_word' id='word_1_110' title='bbox 446 901 582 936; x_wconf 77' lang='lat' dir='ltr'>presse</span> <span class='ocrx_word' id='word_1_111' title='bbox 629 888 852 925; x_wconf 86' lang='lat' dir='ltr'>fundabilia</span> <span class='ocrx_word' id='word_1_112' title='bbox 899 888 939 925; x_wconf 91' lang='lat' dir='ltr'>in</span> <span class='ocrx_word' id='word_1_113' title='bbox 992 888 1204 937; x_wconf 84' lang='lat' dir='ltr'>scriptura,</span> <span class='ocrx_word' id='word_1_114' title='bbox 1256 897 1300 924; x_wconf 88' lang='lat' dir='ltr'>ut</span> <span class='ocrx_word' id='word_1_115' title='bbox 1351 888 1393 924; x_wconf 90' lang='lat' dir='ltr'>in</span> <span class='ocrx_word' id='word_1_116' title='bbox 1436 889 1536 925; x_wconf 88' lang='lat' dir='ltr'>festo</span> <span class='ocrx_word' id='word_1_117' title='bbox 1582 889 1763 937; x_wconf 84' lang='lat' dir='ltr'>corporis</span> 
     </span>
     <span class='ocr_line' id='line_1_27' title="bbox 447 946 1394 995; baseline 0.001 -13"><span class='ocrx_word' id='word_1_118' title='bbox 447 946 594 983; x_wconf 86' lang='lat' dir='ltr'>Christi</span> <span class='ocrx_word' id='word_1_119' title='bbox 627 946 883 983; x_wconf 86' lang='lat' dir='ltr'>instituerunt</span> <span class='ocrx_word' id='word_1_120' title='bbox 916 947 1023 995; x_wconf 91' lang='lat' dir='ltr'>quod</span> <span class='ocrx_word' id='word_1_121' title='bbox 1056 955 1176 983; x_wconf 88' lang='lat' dir='ltr'>canat</span> <span class='ocrx_word' id='word_1_122' title='bbox 1209 946 1394 983; x_wconf 89' lang='lat' dir='ltr'>ecelesia:</span> 
     </span>
    </p>
   </div>
   <div class='ocr_carea' id='block_1_6' title="bbox 721 1016 1821 1240">
    <p class='ocr_par' dir='ltr' id='par_1_11' title="bbox 732 1016 1359 1124">
     <span class='ocr_line' id='line_1_28' title="bbox 732 1016 1359 1066; baseline 0.002 -15"><span class='ocrx_word' id='word_1_123' title='bbox 732 1016 896 1052; x_wconf 80' lang='lat' dir='ltr'>Verbum</span> <span class='ocrx_word' id='word_1_124' title='bbox 930 1028 1022 1052; x_wconf 83' lang='lat' dir='ltr'>caro</span> <span class='ocrx_word' id='word_1_125' title='bbox 1049 1028 1191 1066; x_wconf 80' lang='lat' dir='ltr'>panem</span> <span class='ocrx_word' id='word_1_126' title='bbox 1226 1029 1359 1053; x_wconf 77' lang='lat' dir='ltr'>verum</span> 
     </span>
     <span class='ocr_line' id='line_1_29' title="bbox 789 1074 1263 1124; baseline 0.002 -15"><span class='ocrx_word' id='word_1_127' title='bbox 789 1074 910 1110; x_wconf 88' lang='lat' dir='ltr'>Verbo</span> <span class='ocrx_word' id='word_1_128' title='bbox 944 1086 1098 1110; x_wconf 82' lang='lat' dir='ltr'>carnem</span> <span class='ocrx_word' id='word_1_129' title='bbox 1132 1074 1263 1124; x_wconf 87' lang='lat' dir='ltr'>efficit,</span> 
     </span>
    </p>

    <p class='ocr_par' dir='ltr' id='par_1_12' title="bbox 721 1127 1821 1240">
     <span class='ocr_line' id='line_1_30' title="bbox 721 1127 1821 1182; baseline -0.001 -15"><span class='ocrx_word' id='word_1_130' title='bbox 721 1132 859 1181; x_wconf 82' lang='lat' dir='ltr'>Fitque</span> <span class='ocrx_word' id='word_1_131' title='bbox 888 1132 1049 1182; x_wconf 75' lang='lat' dir='ltr'>sanguis</span> <span class='ocrx_word' id='word_1_132' title='bbox 1086 1132 1235 1168; x_wconf 79' lang='lat' dir='ltr'>Christi</span> <span class='ocrx_word' id='word_1_133' title='bbox 1264 1144 1412 1168; x_wconf 83' lang='lat' dir='ltr'>merum</span> <span class='ocrx_word' id='word_1_134' title='bbox 1785 1127 1821 1158; x_wconf 72' lang='lat'>15</span> 
     </span>
     <span class='ocr_line' id='line_1_31' title="bbox 781 1190 1229 1240; baseline -0.002 -14"><span class='ocrx_word' id='word_1_135' title='bbox 781 1190 834 1226; x_wconf 89' lang='lat' dir='ltr'>Et</span> <span class='ocrx_word' id='word_1_136' title='bbox 864 1190 898 1226; x_wconf 90' lang='lat' dir='ltr'>si</span> <span class='ocrx_word' id='word_1_137' title='bbox 927 1202 1059 1226; x_wconf 88' lang='lat' dir='ltr'>sensus</span> <span class='ocrx_word' id='word_1_138' title='bbox 1092 1190 1229 1240; x_wconf 75' lang='lat' dir='ltr'>deficit.</span> 
     </span>
    </p>
   </div>
   <div class='ocr_carea' id='block_1_7' title="bbox 446 1258 1825 1540">
    <p class='ocr_par' dir='ltr' id='par_1_13' title="bbox 446 1258 1825 1540">
     <span class='ocr_line' id='line_1_32' title="bbox 504 1258 1763 1308; baseline 0 -13"><span class='ocrx_word' id='word_1_139' title='bbox 504 1261 552 1295; x_wconf 85' lang='lat' dir='ltr'>Et</span> <span class='ocrx_word' id='word_1_140' title='bbox 575 1268 711 1296; x_wconf 85' lang='lat' dir='ltr'>tamen</span> <span class='ocrx_word' id='word_1_141' title='bbox 735 1259 865 1296; x_wconf 83' lang='lat' dir='ltr'>maior</span> <span class='ocrx_word' id='word_1_142' title='bbox 880 1272 973 1308; x_wconf 83' lang='lat' dir='ltr'>pars</span> <span class='ocrx_word' id='word_1_143' title='bbox 996 1259 1297 1296; x_wconf 85' lang='lat' dir='ltr'>institueneium</span> <span class='ocrx_word' id='word_1_144' title='bbox 1325 1268 1362 1296; x_wconf 90' lang='lat' dir='ltr'>et</span> <span class='ocrx_word' id='word_1_145' title='bbox 1377 1258 1763 1308; x_wconf 85' lang='lat' dir='ltr'>solempnizanciurn</span> 
     </span>
     <span class='ocr_line' id='line_1_33' title="bbox 446 1316 1766 1366; baseline 0 -13"><span class='ocrx_word' id='word_1_146' title='bbox 446 1317 552 1353; x_wconf 88' lang='lat' dir='ltr'>istud</span> <span class='ocrx_word' id='word_1_147' title='bbox 585 1318 728 1354; x_wconf 90' lang='lat' dir='ltr'>festurn</span> <span class='ocrx_word' id='word_1_148' title='bbox 763 1317 858 1354; x_wconf 85' lang='lat' dir='ltr'>dicit</span> <span class='ocrx_word' id='word_1_149' title='bbox 890 1319 998 1366; x_wconf 89' lang='lat' dir='ltr'>quod</span> <span class='ocrx_word' id='word_1_150' title='bbox 1020 1317 1093 1354; x_wconf 87' lang='lat' dir='ltr'>iste</span> <span class='ocrx_word' id='word_1_151' title='bbox 1127 1326 1267 1354; x_wconf 89' lang='lat' dir='ltr'>cantus</span> <span class='ocrx_word' id='word_1_152' title='bbox 1305 1326 1362 1354; x_wconf 92' lang='lat' dir='ltr'>est</span> <span class='ocrx_word' id='word_1_153' title='bbox 1395 1317 1591 1354; x_wconf 87' lang='lat' dir='ltr'>hereticus</span> <span class='ocrx_word' id='word_1_154' title='bbox 1624 1325 1661 1353; x_wconf 89' lang='lat' dir='ltr'>et</span> <span class='ocrx_word' id='word_1_155' title='bbox 1693 1316 1766 1353; x_wconf 87' lang='lat' dir='ltr'>irn-</span> 
     </span>
     <span class='ocr_line' id='line_1_34' title="bbox 447 1374 1763 1424; baseline 0 -13"><span class='ocrx_word' id='word_1_156' title='bbox 447 1374 662 1423; x_wconf 86' lang='lat' dir='ltr'>possibilis,</span> <span class='ocrx_word' id='word_1_157' title='bbox 698 1377 792 1411; x_wconf 90' lang='lat' dir='ltr'>dum</span> <span class='ocrx_word' id='word_1_158' title='bbox 827 1375 930 1412; x_wconf 87' lang='lat' dir='ltr'>filius</span> <span class='ocrx_word' id='word_1_159' title='bbox 960 1375 1031 1412; x_wconf 92' lang='lat' dir='ltr'>Dei</span> <span class='ocrx_word' id='word_1_160' title='bbox 1064 1389 1143 1412; x_wconf 89' lang='lat' dir='ltr'>non</span> <span class='ocrx_word' id='word_1_161' title='bbox 1167 1384 1298 1424; x_wconf 87' lang='lat' dir='ltr'>potest</span> <span class='ocrx_word' id='word_1_162' title='bbox 1321 1376 1451 1412; x_wconf 87' lang='lat' dir='ltr'>facere</span> <span class='ocrx_word' id='word_1_163' title='bbox 1475 1376 1593 1412; x_wconf 86' lang='lat' dir='ltr'>istum</span> <span class='ocrx_word' id='word_1_164' title='bbox 1618 1388 1763 1423; x_wconf 88' lang='lat' dir='ltr'>panem</span> 
     </span>
     <span class='ocr_line' id='line_1_35' title="bbox 448 1433 1825 1481; baseline 0.001 -12"><span class='ocrx_word' id='word_1_165' title='bbox 448 1445 531 1469; x_wconf 88' lang='lat' dir='ltr'>esse</span> <span class='ocrx_word' id='word_1_166' title='bbox 576 1445 721 1481; x_wconf 90' lang='lat' dir='ltr'>corpus</span> <span class='ocrx_word' id='word_1_167' title='bbox 766 1446 896 1480; x_wconf 88' lang='lat' dir='ltr'>suurn,</span> <span class='ocrx_word' id='word_1_168' title='bbox 943 1446 1016 1470; x_wconf 89' lang='lat' dir='ltr'>nec</span> <span class='ocrx_word' id='word_1_169' title='bbox 1059 1433 1165 1469; x_wconf 84' lang='lat' dir='ltr'>istud</span> <span class='ocrx_word' id='word_1_170' title='bbox 1209 1433 1345 1469; x_wconf 84' lang='lat' dir='ltr'>vinum</span> <span class='ocrx_word' id='word_1_171' title='bbox 1393 1446 1476 1470; x_wconf 87' lang='lat' dir='ltr'>esse</span> <span class='ocrx_word' id='word_1_172' title='bbox 1527 1433 1763 1481; x_wconf 82' lang='lat' dir='ltr'>sanguinem</span> <span class='ocrx_word' id='word_1_173' title='bbox 1782 1449 1825 1471; x_wconf 87' lang='lat'>20</span> 
     </span>
     <span class='ocr_line' id='line_1_36' title="bbox 448 1491 1766 1540; baseline 0.001 -14"><span class='ocrx_word' id='word_1_174' title='bbox 448 1504 577 1535; x_wconf 86' lang='lat' dir='ltr'>suum,</span> <span class='ocrx_word' id='word_1_175' title='bbox 612 1499 650 1527; x_wconf 92' lang='lat' dir='ltr'>et</span> <span class='ocrx_word' id='word_1_176' title='bbox 681 1491 737 1528; x_wconf 88' lang='lat' dir='ltr'>sic</span> <span class='ocrx_word' id='word_1_177' title='bbox 770 1493 818 1527; x_wconf 91' lang='lat' dir='ltr'>de</span> <span class='ocrx_word' id='word_1_178' title='bbox 851 1491 1127 1528; x_wconf 89' lang='lat' dir='ltr'>accidentibus</span> <span class='ocrx_word' id='word_1_179' title='bbox 1160 1491 1242 1527; x_wconf 88' lang='lat' dir='ltr'>sine</span> <span class='ocrx_word' id='word_1_180' title='bbox 1271 1491 1451 1528; x_wconf 87' lang='lat' dir='ltr'>subiecto</span> <span class='ocrx_word' id='word_1_181' title='bbox 1485 1504 1560 1540; x_wconf 86' lang='lat' dir='ltr'>que</span> <span class='ocrx_word' id='word_1_182' title='bbox 1593 1491 1766 1528; x_wconf 87' lang='lat' dir='ltr'>heretice</span> 
     </span>
    </p>
   </div>
   <div class='ocr_carea' id='block_1_8' title="bbox 448 1548 1766 1644">
    <p class='ocr_par' dir='ltr' id='par_1_14' title="bbox 448 1548 1766 1644">
     <span class='ocr_line' id='line_1_37' title="bbox 448 1548 1766 1598; baseline 0.001 -14"><span class='ocrx_word' id='word_1_183' title='bbox 448 1548 688 1596; x_wconf 85' lang='lat' dir='ltr'>imprimunt</span> <span class='ocrx_word' id='word_1_184' title='bbox 732 1549 772 1585; x_wconf 91' lang='lat' dir='ltr'>in</span> <span class='ocrx_word' id='word_1_185' title='bbox 819 1549 1010 1597; x_wconf 83' lang='lat' dir='ltr'>legendis.</span> <span class='ocrx_word' id='word_1_186' title='bbox 1047 1549 1146 1595; x_wconf 86' lang='lat' dir='ltr'>Quis</span> <span class='ocrx_word' id='word_1_187' title='bbox 1179 1562 1274 1598; x_wconf 80' lang='lat' dir='ltr'>ergo</span> <span class='ocrx_word' id='word_1_188' title='bbox 1308 1550 1418 1586; x_wconf 86' lang='lat' dir='ltr'>color</span> <span class='ocrx_word' id='word_1_189' title='bbox 1449 1550 1510 1586; x_wconf 90' lang='lat' dir='ltr'>vel</span> <span class='ocrx_word' id='word_1_190' title='bbox 1542 1550 1693 1586; x_wconf 89' lang='lat' dir='ltr'>fructus</span> <span class='ocrx_word' id='word_1_191' title='bbox 1725 1549 1766 1585; x_wconf 87' lang='lat' dir='ltr'>in</span> 
     </span>
     <span class='ocr_line' id='line_1_38' title="bbox 448 1606 1033 1644; baseline 0.002 -2"><span class='ocrx_word' id='word_1_192' title='bbox 448 1606 767 1643; x_wconf 86' lang='lat' dir='ltr'>institutionibus</span> <span class='ocrx_word' id='word_1_193' title='bbox 799 1607 890 1644; x_wconf 87' lang='lat' dir='ltr'>talis</span> <span class='ocrx_word' id='word_1_194' title='bbox 922 1607 1033 1644; x_wconf 81' lang='lat' dir='ltr'>festi?</span> 
     </span>
    </p>
   </div>
   <div class='ocr_carea' id='block_1_9' title="bbox 954 1755 1264 1798">
    <p class='ocr_par' dir='ltr' id='par_1_15' title="bbox 954 1755 1264 1798">
     <span class='ocr_line' id='line_1_39' title="bbox 954 1755 1264 1798; baseline 0 -1"><span class='ocrx_word' id='word_1_195' title='bbox 954 1755 1092 1798; x_wconf 89' lang='lat' dir='ltr'><strong>CAP.</strong></span> <span class='ocrx_word' id='word_1_196' title='bbox 1124 1755 1264 1797; x_wconf 84' lang='lat' dir='ltr'>XXI.</span> 
     </span>
    </p>
   </div>
   <div class='ocr_carea' id='block_1_10' title="bbox 448 1851 1824 2537">
    <p class='ocr_par' dir='ltr' id='par_1_16' title="bbox 448 1851 1824 2306">
     <span class='ocr_line' id='line_1_40' title="bbox 507 1851 1822 1901; baseline -0.002 -14"><span class='ocrx_word' id='word_1_197' title='bbox 507 1851 696 1899; x_wconf 86' lang='lat' dir='ltr'>Sequitur</span> <span class='ocrx_word' id='word_1_198' title='bbox 739 1851 779 1887; x_wconf 88' lang='lat' dir='ltr'>in</span> <span class='ocrx_word' id='word_1_199' title='bbox 824 1860 931 1888; x_wconf 84' lang='lat' dir='ltr'>textu</span> <span class='ocrx_word' id='word_1_200' title='bbox 971 1851 1163 1900; x_wconf 84' lang='lat' dir='ltr'>evangelii</span> <span class='ocrx_word' id='word_1_201' title='bbox 1197 1852 1303 1888; x_wconf 89' lang='lat' dir='ltr'>Joh.:</span> <span class='ocrx_word' id='word_1_202' title='bbox 1337 1851 1439 1887; x_wconf 87' lang='lat' dir='ltr'>Ecce</span> <span class='ocrx_word' id='word_1_203' title='bbox 1471 1863 1543 1901; x_wconf 78' lang='lat' dir='ltr'>ego</span> <span class='ocrx_word' id='word_1_204' title='bbox 1576 1851 1684 1886; x_wconf 83' lang='lat' dir='ltr'>mitto</span> <span class='ocrx_word' id='word_1_205' title='bbox 1716 1851 1768 1886; x_wconf 83' lang='lat' dir='ltr'>ad</span> <span class='ocrx_word' id='word_1_206' title='bbox 1783 1854 1822 1886; x_wconf 74' lang='lat'>25</span> 
     </span>
     <span class='ocr_line' id='line_1_41' title="bbox 450 1909 1767 1958; baseline 0 -14"><span class='ocrx_word' id='word_1_207' title='bbox 450 1921 516 1945; x_wconf 79' lang='lat' dir='ltr'>vos</span> <span class='ocrx_word' id='word_1_208' title='bbox 533 1910 748 1958; x_wconf 77' lang='lat' dir='ltr'>prophetas</span> <span class='ocrx_word' id='word_1_209' title='bbox 780 1917 816 1945; x_wconf 88' lang='lat' dir='ltr'>et</span> <span class='ocrx_word' id='word_1_210' title='bbox 846 1909 1037 1958; x_wconf 77' lang='lat' dir='ltr'>sapientes</span> <span class='ocrx_word' id='word_1_211' title='bbox 1069 1917 1104 1945; x_wconf 88' lang='lat' dir='ltr'>et</span> <span class='ocrx_word' id='word_1_212' title='bbox 1134 1910 1297 1955; x_wconf 78' lang='lat' dir='ltr'>scribas,</span> <span class='ocrx_word' id='word_1_213' title='bbox 1332 1917 1367 1945; x_wconf 87' lang='lat' dir='ltr'>et</span> <span class='ocrx_word' id='word_1_214' title='bbox 1399 1920 1449 1945; x_wconf 90' lang='lat' dir='ltr'>ex</span> <span class='ocrx_word' id='word_1_215' title='bbox 1481 1909 1557 1945; x_wconf 87' lang='lat' dir='ltr'>illis</span> <span class='ocrx_word' id='word_1_216' title='bbox 1589 1909 1767 1944; x_wconf 82' lang='lat' dir='ltr'>occidetis</span> 
     </span>
     <span class='ocr_line' id='line_1_42' title="bbox 450 1966 1767 2018; baseline 0 -16"><span class='ocrx_word' id='word_1_217' title='bbox 450 1975 484 2002; x_wconf 85' lang='lat' dir='ltr'>et</span> <span class='ocrx_word' id='word_1_218' title='bbox 516 1967 752 2017; x_wconf 75' lang='lat' dir='ltr'>crucifigetis</span> <span class='ocrx_word' id='word_1_219' title='bbox 784 1974 819 2003; x_wconf 84' lang='lat' dir='ltr'>et</span> <span class='ocrx_word' id='word_1_220' title='bbox 851 1979 900 2003; x_wconf 90' lang='lat' dir='ltr'>ex</span> <span class='ocrx_word' id='word_1_221' title='bbox 931 1967 1009 2003; x_wconf 88' lang='lat' dir='ltr'>illis</span> <span class='ocrx_word' id='word_1_222' title='bbox 1030 1967 1292 2018; x_wconf 74' lang='lat' dir='ltr'>flagellabitis</span> <span class='ocrx_word' id='word_1_223' title='bbox 1323 1967 1359 2003; x_wconf 89' lang='lat' dir='ltr'>in</span> <span class='ocrx_word' id='word_1_224' title='bbox 1392 1967 1597 2017; x_wconf 79' lang='lat' dir='ltr'>sinagogis</span> <span class='ocrx_word' id='word_1_225' title='bbox 1630 1966 1767 2003; x_wconf 77' lang='lat' dir='ltr'>vestris</span> 
     </span>
     <span class='ocr_line' id='line_1_43' title="bbox 449 2024 1767 2074; baseline -0.001 -14"><span class='ocrx_word' id='word_1_226' title='bbox 449 2032 484 2060; x_wconf 88' lang='lat' dir='ltr'>et</span> <span class='ocrx_word' id='word_1_227' title='bbox 522 2025 801 2074; x_wconf 79' lang='lat' dir='ltr'>persequimini</span> <span class='ocrx_word' id='word_1_228' title='bbox 843 2026 890 2061; x_wconf 84' lang='lat' dir='ltr'>de</span> <span class='ocrx_word' id='word_1_229' title='bbox 933 2025 1086 2061; x_wconf 81' lang='lat' dir='ltr'>civitate</span> <span class='ocrx_word' id='word_1_230' title='bbox 1118 2026 1154 2061; x_wconf 85' lang='lat' dir='ltr'>in</span> <span class='ocrx_word' id='word_1_231' title='bbox 1190 2025 1396 2071; x_wconf 75' lang='lat' dir='ltr'>civitatem,</span> <span class='ocrx_word' id='word_1_232' title='bbox 1430 2032 1469 2060; x_wconf 87' lang='lat' dir='ltr'>ut</span> <span class='ocrx_word' id='word_1_233' title='bbox 1504 2024 1629 2060; x_wconf 81' lang='lat' dir='ltr'>veniat</span> <span class='ocrx_word' id='word_1_234' title='bbox 1649 2037 1767 2073; x_wconf 87' lang='lat' dir='ltr'>super</span> 
     </span>
     <span class='ocr_line' id='line_1_44' title="bbox 451 2083 1765 2133; baseline -0.001 -15"><span class='ocrx_word' id='word_1_235' title='bbox 451 2095 518 2118; x_wconf 85' lang='lat' dir='ltr'>vos</span> <span class='ocrx_word' id='word_1_236' title='bbox 549 2083 671 2119; x_wconf 85' lang='lat' dir='ltr'>omnis</span> <span class='ocrx_word' id='word_1_237' title='bbox 702 2083 864 2133; x_wconf 75' lang='lat' dir='ltr'>sanguis</span> <span class='ocrx_word' id='word_1_238' title='bbox 895 2083 1028 2130; x_wconf 81' lang='lat' dir='ltr'>iustus,</span> <span class='ocrx_word' id='word_1_239' title='bbox 1061 2083 1126 2132; x_wconf 83' lang='lat' dir='ltr'>qui</span> <span class='ocrx_word' id='word_1_240' title='bbox 1155 2084 1295 2132; x_wconf 76' lang='lat' dir='ltr'>effusus</span> <span class='ocrx_word' id='word_1_241' title='bbox 1327 2090 1382 2118; x_wconf 82' lang='lat' dir='ltr'>est</span> <span class='ocrx_word' id='word_1_242' title='bbox 1413 2095 1530 2131; x_wconf 84' lang='lat' dir='ltr'>super</span> <span class='ocrx_word' id='word_1_243' title='bbox 1561 2090 1709 2118; x_wconf 81' lang='lat' dir='ltr'>terram</span> <span class='ocrx_word' id='word_1_244' title='bbox 1743 2095 1765 2117; x_wconf 87' lang='lat' dir='ltr'><strong><em>a</em></strong></span> 
     </span>
     <span class='ocr_line' id='line_1_45' title="bbox 448 2140 1824 2190; baseline -0.001 -14"><span class='ocrx_word' id='word_1_245' title='bbox 448 2141 637 2190; x_wconf 78' lang='lat' dir='ltr'>sanguine</span> <span class='ocrx_word' id='word_1_246' title='bbox 667 2140 763 2176; x_wconf 84' lang='lat' dir='ltr'>Abel</span> <span class='ocrx_word' id='word_1_247' title='bbox 793 2140 883 2177; x_wconf 88' lang='lat' dir='ltr'>iusti</span> <span class='ocrx_word' id='word_1_248' title='bbox 912 2153 1029 2189; x_wconf 84' lang='lat' dir='ltr'>usque</span> <span class='ocrx_word' id='word_1_249' title='bbox 1059 2141 1111 2176; x_wconf 79' lang='lat' dir='ltr'>ad</span> <span class='ocrx_word' id='word_1_250' title='bbox 1139 2141 1366 2190; x_wconf 73' lang='lat' dir='ltr'>sanguinem</span> <span class='ocrx_word' id='word_1_251' title='bbox 1390 2140 1553 2176; x_wconf 82' lang='lat' dir='ltr'>Zacarie</span> <span class='ocrx_word' id='word_1_252' title='bbox 1576 2140 1660 2190; x_wconf 82' lang='lat' dir='ltr'>filii</span> <span class='ocrx_word' id='word_1_253' title='bbox 1687 2140 1765 2175; x_wconf 79' lang='lat' dir='ltr'>Ba·</span> <span class='ocrx_word' id='word_1_254' title='bbox 1781 2144 1824 2175; x_wconf 80' lang='lat'>30</span> 
     </span>
     <span class='ocr_line' id='line_1_46' title="bbox 450 2198 1765 2248; baseline 0 -14"><span class='ocrx_word' id='word_1_255' title='bbox 450 2199 582 2234; x_wconf 81' lang='lat' dir='ltr'>rachie</span> <span class='ocrx_word' id='word_1_256' title='bbox 614 2210 721 2247; x_wconf 80' lang='lat' dir='ltr'>quenz</span> <span class='ocrx_word' id='word_1_257' title='bbox 756 2199 948 2234; x_wconf 82' lang='lat' dir='ltr'>occidistis</span> <span class='ocrx_word' id='word_1_258' title='bbox 978 2199 1079 2234; x_wconf 86' lang='lat' dir='ltr'>inter</span> <span class='ocrx_word' id='word_1_259' title='bbox 1104 2199 1286 2248; x_wconf 85' lang='lat' dir='ltr'>ternplum</span> <span class='ocrx_word' id='word_1_260' title='bbox 1310 2206 1345 2234; x_wconf 87' lang='lat' dir='ltr'>et</span> <span class='ocrx_word' id='word_1_261' title='bbox 1366 2199 1503 2234; x_wconf 77' lang='lat' dir='ltr'>altare.</span> <span class='ocrx_word' id='word_1_262' title='bbox 1538 2198 1658 2234; x_wconf 79' lang='lat' dir='ltr'>Arnen</span> <span class='ocrx_word' id='word_1_263' title='bbox 1682 2198 1765 2234; x_wconf 83' lang='lat' dir='ltr'>dico</span> 
     </span>
     <span class='ocr_line' id='line_1_47' title="bbox 452 2256 1605 2306; baseline -0.001 -15"><span class='ocrx_word' id='word_1_264' title='bbox 452 2256 569 2303; x_wconf 84' lang='lat' dir='ltr'>vobis,</span> <span class='ocrx_word' id='word_1_265' title='bbox 602 2257 749 2292; x_wconf 81' lang='lat' dir='ltr'>venient</span> <span class='ocrx_word' id='word_1_266' title='bbox 772 2257 839 2292; x_wconf 83' lang='lat' dir='ltr'>hec</span> <span class='ocrx_word' id='word_1_267' title='bbox 862 2256 988 2292; x_wconf 81' lang='lat' dir='ltr'>omnia</span> <span class='ocrx_word' id='word_1_268' title='bbox 1018 2268 1135 2305; x_wconf 80' lang='lat' dir='ltr'>super</span> <span class='ocrx_word' id='word_1_269' title='bbox 1155 2256 1451 2306; x_wconf 78' lang='lat' dir='ltr'>generacionem</span> <span class='ocrx_word' id='word_1_270' title='bbox 1481 2256 1605 2292; x_wconf 81' lang='lat' dir='ltr'>istam.</span> 
     </span>
    </p>

    <p class='ocr_par' dir='ltr' id='par_1_17' title="bbox 451 2313 1821 2537">
     <span class='ocr_line' id='line_1_48' title="bbox 509 2313 1767 2363; baseline -0.001 -13"><span class='ocrx_word' id='word_1_271' title='bbox 509 2316 638 2362; x_wconf 84' lang='lat' dir='ltr'>Super</span> <span class='ocrx_word' id='word_1_272' title='bbox 651 2327 732 2362; x_wconf 90' lang='lat' dir='ltr'>quo</span> <span class='ocrx_word' id='word_1_273' title='bbox 745 2313 991 2351; x_wconf 88' lang='lat' dir='ltr'>Jeronimus:</span> <span class='ocrx_word' id='word_1_274' title='bbox 1014 2314 1101 2350; x_wconf 91' lang='lat' dir='ltr'>Hoc</span> <span class='ocrx_word' id='word_1_275' title='bbox 1116 2315 1216 2363; x_wconf 84' lang='lat' dir='ltr'>quod</span> <span class='ocrx_word' id='word_1_276' title='bbox 1236 2321 1323 2350; x_wconf 84' lang='lat' dir='ltr'>ante</span> <span class='ocrx_word' id='word_1_277' title='bbox 1338 2314 1587 2350; x_wconf 79' lang='lat' dir='ltr'>dixeramus:</span> <span class='ocrx_word' id='word_1_278' title='bbox 1607 2314 1767 2362; x_wconf 77' lang='lat' dir='ltr'>Inzplete</span> 
     </span>
     <span class='ocr_line' id='line_1_49' title="bbox 451 2371 1768 2421; baseline -0.002 -13"><span class='ocrx_word' id='word_1_279' title='bbox 451 2384 669 2408; x_wconf 80' lang='lat' dir='ltr'>mensuram</span> <span class='ocrx_word' id='word_1_280' title='bbox 688 2379 848 2421; x_wconf 81' lang='lat' dir='ltr'>patrum</span> <span class='ocrx_word' id='word_1_281' title='bbox 874 2380 1091 2409; x_wconf 79' lang='lat' dir='ltr'>vestrorum</span> <span class='ocrx_word' id='word_1_282' title='bbox 1107 2373 1159 2408; x_wconf 82' lang='lat' dir='ltr'>ad</span> <span class='ocrx_word' id='word_1_283' title='bbox 1175 2384 1385 2421; x_wconf 81' lang='lat' dir='ltr'>personam</span> <span class='ocrx_word' id='word_1_284' title='bbox 1396 2372 1557 2408; x_wconf 84' lang='lat' dir='ltr'>Domini</span> <span class='ocrx_word' id='word_1_285' title='bbox 1571 2371 1768 2420; x_wconf 79' lang='lat' dir='ltr'>pertinere</span> 
     </span>
     <span class='ocr_line' id='line_1_50' title="bbox 453 2429 1821 2479; baseline -0.001 -13"><span class='ocrx_word' id='word_1_286' title='bbox 453 2442 494 2466; x_wconf 86' lang='lat' dir='ltr'>eo</span> <span class='ocrx_word' id='word_1_287' title='bbox 533 2430 634 2478; x_wconf 84' lang='lat' dir='ltr'>quod</span> <span class='ocrx_word' id='word_1_288' title='bbox 671 2430 902 2466; x_wconf 84' lang='lat' dir='ltr'>occidendus</span> <span class='ocrx_word' id='word_1_289' title='bbox 945 2438 1041 2466; x_wconf 87' lang='lat' dir='ltr'>esset</span> <span class='ocrx_word' id='word_1_290' title='bbox 1078 2430 1124 2466; x_wconf 83' lang='lat' dir='ltr'>ab</span> <span class='ocrx_word' id='word_1_291' title='bbox 1164 2430 1216 2466; x_wconf 88' lang='lat' dir='ltr'>eis</span> <span class='ocrx_word' id='word_1_292' title='bbox 1243 2437 1370 2479; x_wconf 82' lang='lat' dir='ltr'>potest</span> <span class='ocrx_word' id='word_1_293' title='bbox 1402 2437 1436 2465; x_wconf 87' lang='lat' dir='ltr'>et</span> <span class='ocrx_word' id='word_1_294' title='bbox 1468 2430 1520 2464; x_wconf 83' lang='lat' dir='ltr'>ad</span> <span class='ocrx_word' id='word_1_295' title='bbox 1559 2429 1766 2478; x_wconf 82' lang='lat' dir='ltr'>discipulos</span> <span class='ocrx_word' id='word_1_296' title='bbox 1782 2431 1821 2465; x_wconf 77' lang='lat'>35</span> 
     </span>
     <span class='ocr_line' id='line_1_51' title="bbox 454 2487 1766 2537; baseline -0.002 -14"><span class='ocrx_word' id='word_1_297' title='bbox 454 2488 533 2524; x_wconf 86' lang='lat' dir='ltr'>eius</span> <span class='ocrx_word' id='word_1_298' title='bbox 564 2488 723 2537; x_wconf 80' lang='lat' dir='ltr'>referri,</span> <span class='ocrx_word' id='word_1_299' title='bbox 758 2488 804 2524; x_wconf 86' lang='lat' dir='ltr'>de</span> <span class='ocrx_word' id='word_1_300' title='bbox 836 2488 968 2536; x_wconf 84' lang='lat' dir='ltr'>quibus</span> <span class='ocrx_word' id='word_1_301' title='bbox 1001 2500 1098 2523; x_wconf 87' lang='lat' dir='ltr'>nunc</span> <span class='ocrx_word' id='word_1_302' title='bbox 1132 2487 1292 2524; x_wconf 83' lang='lat' dir='ltr'>dicitur:</span> <span class='ocrx_word' id='word_1_303' title='bbox 1336 2488 1438 2536; x_wconf 85' lang='lat' dir='ltr'>Ecce</span> <span class='ocrx_word' id='word_1_304' title='bbox 1469 2499 1542 2537; x_wconf 81' lang='lat' dir='ltr'>ego</span> <span class='ocrx_word' id='word_1_305' title='bbox 1576 2487 1682 2522; x_wconf 83' lang='lat' dir='ltr'>mitto</span> <span class='ocrx_word' id='word_1_306' title='bbox 1715 2487 1766 2521; x_wconf 83' lang='lat' dir='ltr'>ad</span> 
     </span>
    </p>
   </div>
   <div class='ocr_carea' id='block_1_11' title="bbox 523 2667 1245 2703">
    <p class='ocr_par' dir='ltr' id='par_1_18' title="bbox 523 2667 1245 2703">
     <span class='ocr_line' id='line_1_52' title="bbox 523 2667 1245 2703; baseline -0.003 -8"><span class='ocrx_word' id='word_1_307' title='bbox 523 2668 564 2696; x_wconf 78' lang='lat'>25.</span> <span class='ocrx_word' id='word_1_308' title='bbox 587 2668 608 2695; x_wconf 81' lang='grc' dir='ltr'><em>Β</em></span> <span class='ocrx_word' id='word_1_309' title='bbox 629 2668 659 2695; x_wconf 89' lang='lat' dir='ltr'>in</span> <span class='ocrx_word' id='word_1_310' title='bbox 682 2676 796 2703; x_wconf 62' lang='lat' dir='ltr'>marg:</span> <span class='ocrx_word' id='word_1_311' title='bbox 819 2674 863 2694; x_wconf 80' lang='lat'>21.</span> <span class='ocrx_word' id='word_1_312' title='bbox 955 2667 1002 2694; x_wconf 81' lang='lat'>26.</span> <span class='ocrx_word' id='word_1_313' title='bbox 1025 2667 1063 2694; x_wconf 80' lang='lat' dir='ltr'>B:</span> <span class='ocrx_word' id='word_1_314' title='bbox 1085 2670 1113 2694; x_wconf 81' lang='lat' dir='ltr'>et</span> <span class='ocrx_word' id='word_1_315' title='bbox 1133 2675 1170 2694; x_wconf 85' lang='lat' dir='ltr'>ex</span> <span class='ocrx_word' id='word_1_316' title='bbox 1190 2668 1245 2694; x_wconf 79' lang='lat' dir='ltr'>eis.</span> 
     </span>
    </p>
   </div>
   <div class='ocr_carea' id='block_1_12' title="bbox 457 2760 1763 2853">
    <p class='ocr_par' dir='ltr' id='par_1_19' title="bbox 457 2760 1763 2853">
     <span class='ocr_line' id='line_1_53' title="bbox 529 2760 1763 2804; baseline -0.002 -10"><span class='ocrx_word' id='word_1_317' title='bbox 529 2764 577 2797; x_wconf 84' lang='lat'>13.</span> <span class='ocrx_word' id='word_1_318' title='bbox 605 2762 738 2802; x_wconf 84' lang='lat' dir='ltr'>Daniel,</span> <span class='ocrx_word' id='word_1_319' title='bbox 759 2761 928 2794; x_wconf 85' lang='lat' dir='ltr'>Thesaur.</span> <span class='ocrx_word' id='word_1_320' title='bbox 952 2762 1112 2804; x_wconf 74' lang='lat' dir='ltr'>hymnol.</span> <span class='ocrx_word' id='word_1_321' title='bbox 1132 2762 1154 2802; x_wconf 87' lang='grc' dir='ltr'>Ι,</span> <span class='ocrx_word' id='word_1_322' title='bbox 1176 2762 1251 2802; x_wconf 82' lang='lat'><strong>245.</strong></span> <span class='ocrx_word' id='word_1_323' title='bbox 1272 2762 1323 2793; x_wconf 91' lang='lat' dir='ltr'>Cf.</span> <span class='ocrx_word' id='word_1_324' title='bbox 1342 2762 1393 2793; x_wconf 88' lang='lat' dir='ltr'>De</span> <span class='ocrx_word' id='word_1_325' title='bbox 1412 2760 1638 2801; x_wconf 81' lang='lat' dir='ltr'>Eucharistia,</span> <span class='ocrx_word' id='word_1_326' title='bbox 1658 2771 1689 2802; x_wconf 85' lang='lat' dir='ltr'>p.</span> <span class='ocrx_word' id='word_1_327' title='bbox 1711 2760 1763 2793; x_wconf 83' lang='lat'>25.</span> 
     </span>
     <span class='ocr_line' id='line_1_54' title="bbox 457 2805 1762 2853; baseline -0.003 -11"><span class='ocrx_word' id='word_1_328' title='bbox 457 2809 510 2843; x_wconf 77' lang='lat'>25.</span> <span class='ocrx_word' id='word_1_329' title='bbox 536 2809 655 2841; x_wconf 86' lang='lat' dir='ltr'>Matth.</span> <span class='ocrx_word' id='word_1_330' title='bbox 681 2810 796 2850; x_wconf 83' lang='lat' dir='ltr'>XXIII,</span> <span class='ocrx_word' id='word_1_331' title='bbox 826 2808 972 2850; x_wconf 72' lang='lat'>34—36.</span> <span class='ocrx_word' id='word_1_332' title='bbox 1072 2810 1124 2842; x_wconf 78' lang='lat'>33.</span> <span class='ocrx_word' id='word_1_333' title='bbox 1153 2809 1291 2843; x_wconf 84' lang='lat' dir='ltr'>Comm.</span> <span class='ocrx_word' id='word_1_334' title='bbox 1318 2809 1352 2843; x_wconf 77' lang='lat' dir='ltr'>in</span> <span class='ocrx_word' id='word_1_335' title='bbox 1378 2807 1496 2840; x_wconf 83' lang='lat' dir='ltr'>Matth.</span> <span class='ocrx_word' id='word_1_336' title='bbox 1523 2808 1544 2838; x_wconf 95' lang='lat' dir='ltr'>l.</span> <span class='ocrx_word' id='word_1_337' title='bbox 1572 2818 1598 2839; x_wconf 83' lang='lat' dir='ltr'>c.</span> <span class='ocrx_word' id='word_1_338' title='bbox 1626 2817 1658 2850; x_wconf 87' lang='lat' dir='ltr'>p.</span> <span class='ocrx_word' id='word_1_339' title='bbox 1691 2805 1762 2853; x_wconf 84' lang='lat'>189.</span> 
     </span>
    </p>
   </div>
  </div>
 </body>
</html>
