1986 3289
195 262 284 291 CAP.
313 255 381 308 lxi]
584 266 642 297 DE
670 265 984 297 ANTmHfflsTo
1013 266 1095 297 ΜΒ.
1124 267 1144 297 1.
1745 259 1791 294 33

195 373 390 422 Neptalim
438 380 473 408 et
516 371 721 408 novissimo
754 380 980 422 aggravata
1025 379 1079 408 est
1129 373 1187 407 via
1233 373 1353 408 maris
1397 380 1507 409 trans

68 436 152 480 407⁶
192 431 402 467 ²Iordanem
432 426 437 483 Ι
471 430 620 466 Galilee
650 430 842 480 gencium.
883 431 931 466 Et
961 429 1000 466 in
1032 430 1389 467 confirmacionem
1419 443 1506 467 sen-
1607 440 1708 479 Isaiqh

195 488 324 526 tencie
355 488 468 525 istius
499 487 607 524 verbi
640 487 864 535 prophetici
897 488 1041 535 allegat
1074 489 1217 524 Matth.
1252 490 1301 524 IV
1333 501 1418 537 cap.
1460 490 1502 524 15
1541 475 1727 538 Ρῑοὲξξῑζξξ
1749 475 1783 502 of

196 547 317 583 istum
350 554 499 582 textum
545 545 827 593 propheticum
872 547 922 582 ad
955 546 1060 582 hunc
1105 558 1278 584 sensum.
1326 547 1507 582 Christus
1570 544 1746 580 preachfflg,

165 604 301 641 §enim
335 603 444 652 prius
477 602 698 652 predicavit
741 603 782 639 in
814 612 920 640 terra
952 604 1134 641 Zabulon
1179 612 1216 640 et
1261 612 1367 641 terra
1404 606 1508 652 Nep-

196 662 329 708 talim;
364 671 401 698 et
425 661 480 698 sic
512 661 579 698 illa
611 669 718 697 terra
750 673 821 709 per
843 673 958 698 suam
980 661 1304 710 predicacionem
1324 661 1509 699 alleviata

197 729 254 757 est
286 721 335 756 de
367 718 524 756 sarcina
558 727 830 767 peccatorum.

252 778 330 814 Sed
362 777 567 814 novissimo
600 784 774 825 tempore
818 777 1110 824 predicacionis
1157 777 1320 814 Domini
1353 790 1507 828 aggra-

198 844 284 872 vata
318 843 373 872 est
405 835 464 871 via
497 835 619 870 maris
651 842 760 870 trans
780 835 992 871 Jordanem
1022 836 1171 872 Galilee
1191 836 1382 885 gencium,
1416 835 1510 883 quia

146 906 184 926 10
200 893 313 929 multi
352 894 400 929 de
444 892 522 929 illis
566 891 705 940 patriis
750 901 786 928 et
832 892 967 928 multis
1011 893 1098 929 aliis
1131 906 1152 929 a
1187 893 1264 930 fide
1297 893 1510 930 infeliciter

197 960 290 987 sunt
322 950 462 997 aversi,
495 958 538 986 ut
571 958 679 998 patet
711 961 755 986 ex
782 962 971 998 processu
1004 951 1212 999 evangelii.

256 1010 334 1046 Sed
367 1008 461 1056 quia
483 1007 664 1056 oportuit
686 1007 1011 1056 predicacionem
1036 1009 1136 1045 tanti
1160 1008 1340 1056 magistri
1363 1010 1511 1045 habere
1524 1018 1559 1045 of
1576 1017 1626 1044 the
1645 1017 1703 1044 few
1722 1016 1803 1043 Jews

198 1079 309 1103 suam
346 1065 581 1111 efficaciam,
614 1065 705 1102 ideo
737 1065 873 1102 subdit
901 1067 1116 1114 propheta:
1151 1067 1323 1116 Populus
1343 1067 1510 1116 quiam-
1561 1051 1767 1121 whbcglisgivczuld

197 1125 352 1161 bulabat
383 1125 419 1160 in
443 1124 608 1160 tenebris
632 1124 727 1160 vidit
748 1124 870 1160 lucem
894 1137 1092 1174 magnam,
1127 1124 1203 1161 hoc
1228 1133 1299 1171 est,
1322 1125 1370 1160 de
1394 1133 1511 1172 gente

147 1183 417 1219 15Judeorum
463 1181 530 1230 qui
574 1193 645 1229 per
689 1181 892 1218 Christum
943 1182 1210 1229 crediderant,
1259 1181 1350 1218 licet
1402 1181 1512 1230 prius

200 1240 507 1278 ambulaverant
550 1239 591 1275 in
635 1239 808 1276 tenebris
840 1248 1115 1288 peccatorum.
1155 1241 1198 1276 In
1230 1239 1513 1288 predicacione

199 1308 336 1336 tamen
369 1297 517 1335 Christi
550 1298 621 1334 lux
656 1297 835 1334 veritatis
867 1298 1092 1345 evangelice
1121 1305 1207 1334 orta
1237 1306 1292 1335 est
1320 1298 1385 1345 eis,
1423 1298 1514 1334 licet

201 1356 310 1405 prius
342 1356 500 1392 fuerant
531 1355 662 1392 incole
694 1357 835 1392 umbre
869 1355 1021 1392 mortis.

259 1415 336 1451 Sed
380 1413 475 1462 quia
519 1415 567 1450 de
615 1422 730 1461 gente
775 1413 939 1450 Judaica
985 1413 1104 1462 pauci
1148 1413 1204 1449 sic
1244 1413 1511 1458 crediderant,

146 1471 293 1509 zolicet
326 1470 441 1508 multi
473 1472 693 1507 Judeorum
738 1471 898 1508 fuerant
930 1472 1064 1520 quoad
1103 1483 1317 1507 numerum
1349 1481 1516 1508 natura-

201 1543 304 1576 rum,
356 1529 446 1565 ideo
491 1538 781 1578 consequenter
824 1528 921 1566 dicit
967 1530 1179 1578 propheta,
1234 1531 1317 1566 Deo
1369 1538 1515 1566 notans

202 1589 308 1637 quod
332 1587 449 1635 pauci
473 1586 633 1623 illorum
657 1586 697 1623 in
720 1586 924 1624 Christum
949 1587 1221 1625 crediderant:
1245 1587 1518 1636 Multiplicasti

201 1653 366 1696 gentem,
421 1658 493 1682 non
537 1645 799 1695 magnificasti
841 1645 1018 1681 leticiam.
1073 1646 1130 1681 De
1182 1653 1299 1693 gente
1352 1644 1513 1693 quidem

201 1703 366 1740 Judaica
410 1703 571 1739 fuerunt
616 1703 731 1739 multi
776 1703 908 1751 quoad
952 1711 1154 1748 naturam,
1201 1704 1269 1739 sed
1302 1702 1420 1751 pauci
1468 1703 1516 1739 de

148 1763 186 1794 25
203 1761 349 1810 quibus
382 1760 456 1797 fuit
488 1762 709 1807 letandum‚
750 1773 839 1797 cum
875 1773 1012 1797 eorum
1046 1760 1211 1809 plurimi
1240 1761 1398 1797 fuerant
1428 1773 1517 1809 pre-

204 1819 292 1856 sciti
326 1828 363 1856 et
395 1828 438 1855 ut
470 1819 649 1855 infideles
682 1819 722 1854 in
754 1818 916 1855 tartaris
950 1818 1291 1866 condempnandi.

261 1878 310 1913 Et
355 1877 467 1925 quia
493 1889 588 1925 gens
631 1876 699 1913 illa
735 1876 900 1913 Judaica
950 1876 1023 1913 fuit
1065 1876 1247 1913 occisura
1297 1876 1516 1921 Christum,
1561 1872 1619 1899 ³¹¹3
1642 1871 1783 1899 howthe

203 1935 293 1971 ideo
327 1935 541 1983 prophetat
572 1943 726 1983 gestum
754 1947 894 1971 eorum
927 1947 1045 1982 quem
1080 1935 1320 1979 habuerunt,
1354 1935 1516 1982 quando
1548 1907 1789 1968 Jgiivciisiildnjliiiii]

205 1993 302 2029 illud
334 1993 489 2029 facinus
522 2001 816 2041 perpetrarunt.
850 1993 1104 2038 Letabuntur,
1138 1991 1282 2041 inquit,
1316 2004 1447 2028 coram
1481 1999 1516 2028 te
1575 1984 1605 2003 ¹¹¹
1619 1975 1758 2038 «ἓᾞξυδ

149 2055 190 2087 30
205 2051 302 2087 sicut
334 2051 398 2099 qui
428 2051 595 2087 letantur
626 2051 662 2086 in
696 2063 829 2095 messe,
862 2051 959 2087 sicut
996 2051 1174 2087 exultant
1206 2050 1371 2086 victores
1403 2057 1515 2098 capta

200 2109 338 2158 preda,
390 2109 540 2157 quando
594 2108 770 2145 dividunt
818 2109 955 2157 spolia.
1009 2108 1121 2144 Sicut
1160 2108 1265 2144 enim
1322 2119 1516 2144 messores

206 2174 355 2203 canunt
389 2167 523 2203 *multa
569 2166 724 2203 cantica
768 2166 1001 2213 insolenter,
1046 2166 1101 2202 sic
1141 2166 1372 2202 clamabant
1402 2165 1517 2201 Judei

206 2224 246 2260 in
279 2223 533 2261 crucifixione
558 2223 704 2260 Christi
729 2225 853 2260 multa
879 2225 1114 2272 blasphema
1137 2223 1308 2270 cantica,
1341 2232 1385 2259 ut
1408 2231 1518 2271 patet

208 2294 251 2318 ex
274 2294 461 2330 processu
498 2281 703 2330 evangelii,
738 2290 775 2318 et
807 2291 896 2330 post
919 2281 1160 2318 occisionem
1186 2281 1334 2318 Christi
1368 2280 1517 2317 divide-

151 2343 190 2376 35
208 2341 304 2376 bant
336 2339 574 2376 vestimenta
597 2352 680 2386 sua,
716 2339 817 2376 sicut
840 2339 1023 2376 dividunt
1055 2339 1227 2376 victores
1263 2338 1392 2387 spolia
1415 2338 1518 2375 occi-

208 2410 356 2434 sorum.

267 2456 342 2492 Sed
390 2454 486 2503 quia
535 2464 624 2503 post
670 2454 817 2492 Christi
864 2463 1049 2500 mortem,
1103 2454 1443 2491 resurreccionem
1483 2462 1520 2489 et

209 2513 484 2550 ascensionem
510 2512 727 2549 Christiani
755 2525 852 2549 *suos
876 2512 1055 2548 infideles
1074 2511 1324 2549 adversarios
1357 2523 1520 2560 supera—

209 2579 316 2618 runt,
360 2570 450 2608 ideo
495 2570 590 2607 dicit
637 2571 834 2619 propheta
879 2578 1189 2619 consequenter:
1235 2570 1375 2620 Iugum
1421 2569 1517 2605 enim

279 2736 298 2755 1.
320 2729 363 2755 A:
384 2731 508 2764 aggrat
526 2730 719 2763 aggravata.
797 2734 819 2754 2.
843 2728 881 2754 B:
903 2727 934 2754 in
955 2726 1192 2761 confirmacione
1206 2727 1343 2754 racione.
1419 2734 1458 2753 10.
1480 2726 1518 2752 13:

209 2763 270 2789 illis
284 2763 409 2797 patriis.
495 2761 533 2796 13,
556 2771 596 2795 ¹4-
618 2763 665 2789 A:
685 2762 830 2789 ambulat.
905 2770 946 2795 14.
967 2762 1015 2788 A:
1039 2763 1085 2788 est
1109 2761 1203 2788 deest.
1289 2768 1331 2788 22.
1351 2761 1396 2788 A:
1423 2760 1520 2788 credi-

208 2801 329 2825 derant.
419 2796 461 2824 33.
483 2798 526 2824 A:
549 2797 746 2832 blasphemia.
863 2794 909 2831 34,
932 2795 971 2824 35.
993 2797 1031 2823 A:
1054 2795 1230 2823 dlvidehant
1249 2795 1343 2823 deest.

284 2882 331 2913 13.
359 2881 399 2911 Is.
427 2881 480 2920 IX,
509 2890 537 2910 2.
603 2890 653 2911 22.
682 2880 722 2911 Is.
748 2880 801 2919 IX,
830 2880 859 2912 3.
934 2889 985 2921 29.
1014 2879 1054 2910 Is.
1083 2879 1136 2917 IX,
1159 2879 1187 2910 3.
1263 2879 1312 2920 30.
1343 2879 1383 2909 Is.
1411 2878 1462 2917 lX,
1489 2888 1519 2918 4.

1363 2936 1379 2967 3
