1986 3289
186 206 265 242 288
763 213 926 244 OPERIS
952 213 1233 244 EVANGELICI
1263 214 1344 244 LIB.
1367 213 1421 244 IV.
1636 200 1746 254 [CAP.
1762 209 1784 237 1.

225 328 369 362 Meaning
388 327 422 354 of
473 320 646 368 fratres,
680 331 752 355 non
784 320 882 356 sicut
913 320 1064 369 quidem
1089 320 1325 367 existimant,
1363 320 1530 356 Grecum
1565 332 1698 356 nomen
1732 328 1787 356 est

256 363 382 390 Pascha.
472 378 540 413 sed
564 377 781 413 Hebreum:
803 378 1129 427 opportunissime
1151 385 1276 414 tamen
1301 378 1473 414 occurrit
1495 378 1530 413 in
1554 378 1624 413 hoc
1640 378 1788 414 nomine

472 435 634 484 quedam
688 436 947 485 congruencia
982 443 1234 484 utrarumque
1266 436 1506 486 litigi-tarum.
1557 435 1656 478 Quia
1689 436 1785 471 enim

468 493 601 542 passio
639 493 764 529 Grece
807 494 964 545 paschy
998 494 1152 539 dicitur,
1201 494 1284 529 ideo
1314 494 1459 543 pascha
1488 493 1620 542 passio
1649 500 1786 542 putata

474 558 541 596 est,
577 551 679 586 velut
711 551 782 587 hoc
805 563 939 587 nomen
973 564 993 587 a
1022 552 1192 602 paschy‚
1225 552 1297 587 hoc
1329 559 1395 597 est,
1426 551 1606 600 passione
1636 551 1685 587 sit
1716 554 1819 600 ap-5

469 609 681 657 pellatum;
713 609 748 643 in
782 621 849 644 sua
873 621 970 660 ergo
1004 609 1150 659 lingua,
1184 610 1254 645 hoc
1277 616 1343 655 est,
1377 609 1412 644 in
1437 609 1606 655 Hebrea,
1638 610 1786 645 Pascha

474 666 660 702 transitus
704 666 859 713 dicitur,
907 674 1119 716 propterea
1164 667 1250 715 quia
1284 674 1372 702 tunc
1420 667 1591 716 primum
1640 667 1787 716 pascha

474 724 683 760 celebravit
710 725 881 773 populus
912 724 1001 771 Dei,
1046 726 1199 774 quando
1233 737 1283 761 ex
1314 724 1460 775 Egipto
1482 725 1690 775 fugientes
1723 737 1787 760 ru-

474 782 585 817 brum
611 794 721 818 mare
743 783 994 819 transierunt.
1029 783 1142 819 Nunc
1165 795 1261 833 ergo
1283 782 1426 833 figura
1459 782 1525 818 illa
1553 782 1787 832 prophetica

474 840 510 875 in
545 840 707 876 veritate
739 841 928 890 completa
962 848 1029 888 est,
1063 853 1147 876 cum
1180 841 1277 876 sicut
1310 840 1392 877 ovis
1423 841 1475 875 ad
1506 840 1785 877 immolandum
1809 853 1847 874 10

472 898 630 933 ‘ducitur
678 898 857 935 Christus
900 899 1006 934 cuius
1043 898 1233 949 sanguine
1276 898 1383 934 illitis
1420 898 1593 947 postibus
1633 898 1788 945 nostris,

474 956 514 991 id
557 964 623 1002 est,
671 956 778 992 cuius
821 957 933 1007 signo
979 956 1105 993 crucis
1146 956 1313 1006 signatis
1345 956 1550 1005 frontibus
1594 956 1735 992 nostris
1767 969 1788 991 a

469 1014 696 1062 perdicione
728 1015 839 1050 huius
882 1014 1004 1051 seculi
1034 1022 1230 1063 tamqnam
1265 1027 1286 1050 a
1320 1014 1543 1063 captivitate
1582 1014 1642 1049 vel
1673 1013 1789 1049 inter-

475 1072 670 1121 empcione
719 1072 886 1122 Egipcia
939 1072 1153 1108 liberamur
1205 1079 1239 1107 et
1282 1072 1439 1122 agimus
1489 1071 1788 1108 saluberrimum

475 1130 696 1175 transitum,
746 1143 830 1166 cunz
864 1143 885 1165 a
920 1130 1072 1167 diabolo
1106 1130 1318 1166 transimus
1355 1131 1408 1165 ad
1445 1130 1642 1166 Christum
1676 1136 1710 1165 et
1742 1130 1789 1165 ab
1811 1133 1846 1165 15

475 1187 545 1223 isto
580 1188 750 1224 instabili
779 1189 908 1225 seculo
941 1189 993 1223 ad
1024 1189 1103 1224 eius
1126 1188 1450 1236 fundatissimum
1486 1200 1664 1238 regnum.
1698 1187 1789 1223 Ideo

475 1246 612 1295 quippe
643 1247 695 1281 ad
716 1247 843 1282 Deum
872 1253 1165 1295 permanentem
1200 1246 1424 1293 transimus,
1458 1259 1503 1282 ne
1534 1258 1617 1281 cum
1648 1245 1790 1281 mundo

475 1311 699 1340 transeunte
721 1312 977 1340 transeamus.
1012 1305 1072 1340 De
1095 1304 1168 1339 hac
1192 1304 1297 1340 nobis
1328 1304 1469 1340 collata
1501 1303 1640 1354 gracia
1664 1304 1788 1339 Deum

477 1362 642 1398 laudans
663 1362 872 1411 Apostolus
906 1362 1017 1399 dicit:
1057 1362 1133 1405 Qui
1164 1362 1264 1398 eruit
1295 1374 1363 1398 nos
1396 1362 1442 1397 de
1469 1368 1660 1410 potestate
1691 1369 1790 1397 tene-

476 1421 638 1455 brarum
684 1427 718 1456 et
750 1420 950 1456 transtulit
982 1420 1017 1455 in
1052 1432 1214 1470 regnum
1237 1420 1320 1469 filii
1350 1420 1526 1455 caritatis
1557 1419 1653 1455 sue?
1705 1419 1791 1455 Hoc
1807 1428 1849 1449 20

477 1478 602 1526 itaque
634 1490 784 1525 nomen,
829 1478 869 1513 id
901 1486 968 1524 est,
1002 1478 1151 1524 Pascha
1192 1478 1293 1526 quod
1325 1478 1462 1513 Latine
1494 1485 1534 1513 ut
1567 1477 1653 1513 dixi
1683 1484 1790 1512 tran-

476 1536 571 1572 situs
615 1543 859 1585 nuncupatur
911 1537 1012 1572 velut
1056 1536 1316 1585 interpretans
1361 1535 1466 1571 nobis
1498 1536 1629 1571 beatus
1661 1535 1791 1570 Evan-

475 1594 643 1644 gelista:
686 1594 784 1629 Ante
824 1594 936 1640 diem,
981 1594 1111 1643 inquit,
1147 1594 1297 1642 festum
1339 1594 1486 1642 pasche
1527 1593 1650 1629 sciens
1680 1593 1791 1629 Jesus

475 1652 562 1701 quia
598 1652 697 1687 venit
729 1652 827 1688 hora
861 1652 952 1697 eius,
1001 1659 1041 1687 ut
1072 1658 1245 1687 transeat·
1277 1663 1327 1687 ex
1359 1652 1430 1688 hoc
1463 1652 1605 1687 mundo
1639 1651 1691 1686 ad
1716 1663 1789 1700 pa-

477 1717 590 1746 trem.
624 1710 726 1746 Ecce
748 1710 913 1757 Pascha,
946 1722 1030 1746 ecce
1054 1709 1253 1745 transitus.
1292 1709 1399 1745 Unde
1431 1717 1465 1745 et
1495 1721 1565 1757 quo
1578 1711 1597 1744 ἰ)
1628 1710 1689 1744 De
1720 1709 1847 1744 lzoc25

475 1768 620 1804 scilicet
652 1769 794 1803 mundo
827 1769 878 1803 ad
905 1775 1075 1817 patrem.
1129 1769 1225 1816 Spes
1258 1767 1442 1803 memhris
1475 1767 1510 1802 in
1544 1767 1667 1816 capite
1700 1766 1789 1801 data

477 1833 531 1862 est
569 1827 671 1874 quod
699 1833 823 1862 essent
854 1826 921 1861 illo
953 1833 1175 1862 transeunte
1205 1825 1286 1861 sine
1319 1825 1430 1861 dubio
1459 1832 1664 1869 secutura,·
1701 1823 1792 1873 quid

478 1896 575 1934 ergo
610 1883 783 1933 infideles
826 1891 860 1920 et
904 1884 950 1919 ab
989 1884 1060 1920 hoc
1105 1883 1228 1932 capite
1266 1890 1377 1931 atque
1423 1883 1469 1918 ab
1503 1883 1582 1919 eius
1625 1893 1792 1931 corpore

477 1942 621 1977 alieni?
665 1954 786 1977 nonne
830 1950 863 1977 et
895 1942 969 1991 ipsi
1019 1948 1231 1988 transeunt⁷
1283 1941 1370 1990 quia
1416 1953 1488 1977 non
1531 1939 1792 1990 permanent?

485 2000 703 2036 Transeunt
730 2000 848 2049 plane
871 2007 906 2035 et
928 2000 1014 2048 ipsi,
1046 2000 1114 2035 sed
1146 1999 1256 2034 aliud
1278 2006 1333 2034 est
1355 1998 1525 2034 transire
1558 1999 1603 2033 de
1635 1998 1790 2044 mundo,
1807 2008 1850 2040 30

478 2058 586 2093 aliud
618 2066 672 2094 est
702 2058 874 2093 transire
906 2070 990 2093 cum
1024 2058 1180 2103 mundo,
1232 2057 1340 2092 aliud
1378 2057 1430 2092 ad
1463 2064 1632 2106 patrem,
1685 2055 1792 2091 aliud

478 2116 530 2150 ad
561 2116 731 2160 hostem;
782 2129 868 2151 nam
904 2123 938 2152 et
971 2115 1150 2166 Egypcii
1181 2115 1434 2170 transierunt,
1467 2127 1540 2150 non
1574 2114 1670 2150 enim
1700 2125 1791 2162 per-

478 2174 669 2222 sequendo
703 2174 939 2219 invaserunt,
973 2186 1045 2210 non
1069 2181 1194 2209 tamen
1228 2173 1467 2209 transierunt
1494 2185 1569 2221 per
1601 2183 1711 2207 mare
1742 2171 1793 2206 ad

480 2243 643 2281 regnunt
676 2232 744 2267 sed
776 2232 812 2267 in
846 2232 948 2267 mari
978 2232 1030 2266 ad
1061 2231 1270 2268 interitum.

540 2290 671 2325 Sciens
715 2302 812 2339 ergo
856 2290 980 2336 Jesus,
1028 2289 1115 2338 quia
1149 2289 1249 2325 venit
1292 2289 1389 2324 hora
1423 2288 1502 2324 eius
1535 2295 1574 2322 ut
1607 2286 1848 2322 transiret&

481 2359 531 2383 ex
564 2348 635 2383 hoc
667 2349 809 2383 mundo
842 2349 893 2383 ad
922 2348 1093 2393 Patrem,
1128 2359 1211 2382 cum
1237 2346 1437 2382 dilexisset
1467 2358 1556 2381 suos
1588 2345 1653 2393 qui
1683 2351 1793 2380 erant

482 2405 516 2440 in
552 2406 707 2451 mundo,
742 2405 776 2440 in
799 2405 921 2454 finem
949 2405 1086 2441 dilexit
1118 2417 1193 2441 eos.
1233 2405 1367 2453 Utique
1400 2411 1440 2439 ut
1472 2411 1506 2439 et
1539 2403 1612 2452 ipsi
1644 2403 1690 2438 de
1722 2403 1792 2438 hoc

482 2464 623 2499 mundo
668 2463 731 2498 ubi
773 2471 897 2509 erant,
944 2464 995 2498 ad
1037 2475 1146 2498 suum
1181 2467 1295 2511 caput
1340 2462 1441 2510 qnod
1474 2461 1559 2497 hinc
1591 2460 1792 2496 transisset

481 2521 559 2556 eius
604 2521 810 2557 dileccione
853 2521 1075 2559 transirent.
1134 2521 1238 2564 Quid
1281 2520 1377 2555 enim
1423 2527 1477 2556 est
1511 2519 1545 2554 in
1567 2519 1689 2568 finem
1723 2517 1796 2553 nisi

480 2579 516 2614 in
555 2579 784 2614 Christum?
830 2579 939 2614 Finis
982 2579 1079 2614 enim
1114 2579 1213 2628 legis
1259 2577 1450 2624 Christus,
1495 2577 1548 2612 ait
1587 2576 1852 2625 Apostolus40

551 2788 582 2817 8.
626 2787 734 2818 Exodi
775 2787 862 2825 XIV,
905 2796 957 2828 29.
1123 2796 1152 2828 ς),
1199 2786 1236 2816 Is.
1284 2786 1366 2823 LIII,
1409 2795 1439 2825 7.
1480 2784 1589 2815 Exodi
1631 2783 1700 2821 XII,
1742 2784 1793 2815 23.

489 2844 535 2870 1‹).
566 2834 639 2864 (jol.
669 2834 690 2871 1,
724 2835 771 2864 13.
