1986 3289
226 241 313 268 CAP.
336 231 462 285 xxm]
603 242 660 272 DE
688 241 1001 272 ANTicansro
1030 240 1112 271 ΜΒ.
1139 241 1162 272 1.

281 348 473 384 Diabolus
507 356 639 383 autem
675 348 794 383 habet
827 347 941 383 istam
978 346 1254 396 calliditatem,
1294 355 1336 383 ut
1369 348 1533 383 seducat

223 407 417 455 populum
463 405 513 441 ad
559 406 801 441 credendum
852 406 958 452 quod
1007 403 1277 440 Antichristus
1323 417 1412 440 cum
1461 416 1533 441 suo

223 463 393 501 exercitu
423 463 541 499 faciet
575 462 774 499 mirabilia
799 464 1002 508 mandata,
1037 475 1082 499 ac
1114 462 1146 498 si
1178 462 1294 498 vellet
1327 461 1533 499 intendere

221 522 338 559 istam
372 520 618 557 illusionem:
654 533 758 568 papa
791 533 881 556 cum
910 520 991 556 suis
1022 519 1285 568 complicibus
1308 533 1388 556 non
1413 520 1533 557 efficit

189 580 295 616 5ista
336 579 460 626 signa,
506 579 595 614 ideo
639 579 812 626 populus
857 579 905 614 de
949 590 1053 626 papa
1092 591 1172 615 non
1210 579 1326 614 debet
1372 579 1533 615 credere

222 638 329 686 quod
362 637 445 684 ipse
479 636 527 672 sit
549 636 820 672 Antichristus
853 647 971 684 quem
1007 636 1104 672 fides
1133 635 1329 683 scripture
1351 635 1534 673 nominat

221 695 276 732 ita
322 696 474 733 crebro.
517 695 607 730 Non
653 693 871 742 (inquiunt)
918 694 1112 730 subvertit
1162 695 1338 740 arbores,
1384 693 1534 730 faciens

221 753 327 801 ipsas
359 751 565 799 florigeras
600 764 670 799 per
703 752 870 797 radices,
911 764 984 788 nec
1016 752 1123 788 volat
1155 751 1194 788 in
1227 751 1409 788 curribus
1443 765 1531 788 cum

222 810 333 859 equis
356 809 495 858 igneis,
529 821 602 846 nec
631 811 751 846 habet
774 822 817 846 ex
846 810 1003 846 cautela
1026 809 1186 857 dyaboli
1209 810 1323 846 valde
1346 809 1534 857 copiosos

169 881 206 902 xo
222 870 434 904 thesauros
473 867 750 915 absconditos3
797 880 872 915 que
911 867 1050 903 omnia
1092 880 1182 903 cum
1223 867 1303 903 suis
1336 867 1533 903 similibus

223 926 411 962 dicuntur
455 926 696 973 prophetata
736 934 967 973 competere
1006 925 1270 962 Antichristo.
1318 927 1391 962 Per
1435 926 1533 962 tales

223 997 317 1032 ergo
370 983 558 1020 ficciones
610 983 877 1019 infundabiles
930 992 1062 1031 potest
1115 983 1297 1020 diabolus
1351 983 1535 1020 callidius

221 1041 477 1078 introducere
509 1041 814 1086 Antichristum,
847 1050 1154 1089 verumptamen
1186 1041 1406 1089 prophecia
1428 1043 1534 1089 Apo-

223 1099 392 1147 calypsis
432 1112 477 1136 ac
511 1099 617 1135 dicta
651 1099 728 1135 alia
760 1108 929 1146 possunt
962 1098 1119 1135 mistice
1158 1100 1377 1136 secundum
1412 1101 1534 1136 verba

168 1157 423 1194 15mirabilia
468 1165 696 1205 competere
734 1157 994 1193 Antichristo.
1042 1158 1120 1193 Sed
1166 1170 1233 1193 nos
1277 1158 1343 1206 qui
1384 1165 1532 1193 tantum

221 1215 389 1264 suspecti
417 1227 548 1251 sumus
581 1216 627 1250 de
659 1216 795 1258 heresi,
829 1215 1021 1251 debemus
1044 1215 1163 1262 plane
1187 1227 1229 1251 ex
1252 1215 1391 1262 patulo
1415 1227 1531 1251 sensu

222 1273 418 1320 scripture
462 1272 725 1321 probabiliter
773 1272 903 1309 dicere
951 1284 1109 1308 sensum
1158 1281 1357 1319 nostrum,
1403 1272 1532 1309 inten-

222 1332 352 1367 dendo
396 1330 453 1366 illi
497 1330 760 1379 grammatice
801 1330 954 1378 vulgari
987 1343 1108 1378 quarn
1153 1331 1273 1367 habet
1318 1331 1531 1378 Johannes,

221 1388 357 1425 dicens
398 1389 504 1436 quod
548 1388 777 1424 Antichristi
801 1389 909 1436 facti
944 1395 1032 1424 sunt
1072 1388 1192 1434 multi,
1239 1387 1294 1424 sic
1346 1388 1530 1425 videlicet

165 1457 205 1478 20
222 1447 328 1495 quod
374 1446 551 1494 quelibet
595 1458 768 1493 persona
807 1446 976 1494 simplex
1013 1446 1073 1482 vel
1114 1455 1329 1494 aggregata
1363 1459 1439 1494 que
1473 1455 1529 1482 est

221 1504 450 1540 notabiliter
489 1512 628 1540 contra
668 1503 874 1540 Christum
914 1504 1134 1540 secundum
1176 1503 1296 1540 fidem
1335 1504 1532 1552 scripture

223 1561 369 1598 dicitur
403 1561 686 1597 Antichristus.

281 1622 336 1655 Ex
367 1619 444 1655 isto
477 1619 686 1667 supposito
720 1632 810 1655 cum
845 1619 923 1655 fide
957 1618 1278 1656 conversacionis
1313 1619 1461 1656 Christi
1493 1629 1531 1656 et

224 1677 534 1714 conversacione
585 1689 689 1725 pape
740 1676 896 1714 videtur
953 1677 1136 1714 fidelibus
1195 1677 1531 1724 cognoscentibus

167 1737 205 1768 25
224 1736 465 1771 antecedens
498 1737 607 1783 quod
640 1748 745 1783 papa
777 1735 826 1771 sit
858 1736 1018 1782 patulus
1052 1735 1336 1781 Antichristus,
1383 1744 1420 1772 et
1452 1749 1533 1772 non

223 1793 351 1829 solum
399 1793 465 1829 illa
511 1793 678 1841 simplex
722 1805 895 1840 persona
940 1805 1017 1840 que
1061 1794 1147 1841 plus
1198 1793 1349 1830 stabilit
1399 1794 1532 1841 plures

224 1851 329 1899 leges
363 1850 586 1887 contrarias
618 1850 695 1898 legi
726 1850 886 1897 Christi,
926 1852 994 1886 sed
1035 1851 1251 1887 multitudo
1281 1863 1477 1899 paparum
1514 1864 1536 1887 a

224 1918 405 1956 tempore
438 1908 663 1945 dotacionis
697 1908 874 1954 ecclesie,
923 1908 1204 1955 cardinalium,
1250 1909 1533 1957 episcoporum

225 1975 262 2004 et
304 1979 469 2002 suorum
516 1966 771 2014 complicium
824 1966 1009 2002 aliorum.
1064 1967 1132 2002 I'lla
1179 1966 1284 2002 enirn
1331 1976 1387 2003 est
1425 1966 1536 2003 Anti-

168 2024 361 2061 50christi
407 2036 579 2071 persona
630 2023 854 2072 composita
909 2032 1174 2061 monstruosa.
1228 2026 1309 2067 Nec
1357 2037 1536 2072 repugno

225 2082 321 2130 quin
354 2082 570 2129 Gregorius
617 2090 654 2117 et
699 2082 766 2118 alii
811 2094 914 2129 pape
954 2081 1021 2129 qui
1060 2081 1100 2117 in
1132 2081 1213 2118 vita
1252 2095 1322 2119 sua
1356 2083 1535 2119 fecerunt

226 2140 352 2175 multa
396 2141 502 2175 bona
547 2140 594 2175 de
638 2152 782 2187 genere
828 2140 1036 2176 fructuoso
1076 2139 1249 2175 finaliter
1287 2139 1534 2189 penitebant,

224 2206 530 2244 verumptamen
570 2197 706 2233 omnia
745 2197 820 2233 ista
859 2205 1025 2245 accepto
1066 2206 1275 2245 tamquam
1310 2197 1535 2246 probabilia

227 2254 326 2291 citra
360 2254 493 2291 fidem.

169 2312 208 2346 35
283 2314 364 2348 Nec
408 2312 524 2348 video
575 2312 672 2360 quin
717 2312 987 2348 Antichristus
1042 2313 1186 2349 habeat
1237 2315 1433 2361 quosdam
1488 2314 1535 2349 de

227 2370 395 2406 seculari
436 2369 603 2406 brachio
642 2378 777 2418 partes
817 2383 927 2416 suas;
974 2371 1042 2405 sed
1080 2370 1181 2406 sicut
1213 2369 1354 2418 ignoro
1388 2383 1464 2419 que
1498 2380 1535 2407 et

227 2436 324 2475 quot
374 2440 544 2475 persone
596 2429 645 2464 ad
697 2440 841 2475 penam
896 2436 1132 2475 perpetuam
1177 2427 1394 2464 notabilius
1442 2437 1536 2464 sunt

226 2484 410 2532 prescite,
444 2485 499 2521 sic
531 2485 672 2533 ignoro
706 2498 783 2533 que
817 2494 853 2522 et
876 2493 972 2533 quot
996 2497 1167 2532 persone
1199 2495 1290 2522 sunt
1314 2487 1535 2522 secundum

227 2542 346 2579 fidem
380 2542 578 2590 scripture
609 2543 799 2579 Johannis
832 2542 898 2579 ille
921 2555 1019 2591 quas
1048 2543 1231 2579 nominat
1252 2543 1535 2582 Antichristus.

166 2616 211 2646 40
228 2600 319 2636 Scio
364 2609 499 2636 tamen
546 2613 589 2636 ex
633 2600 710 2636 fide
755 2601 952 2648 scripture
997 2602 1105 2647 quod
1157 2601 1387 2637 Antz'clzristi
1427 2601 1539 2637 multi

233 2658 342 2706 facti
371 2666 471 2705 sunt,
504 2659 572 2694 sed
592 2658 660 2707 qui
689 2667 781 2694 sunt
805 2658 861 2694 illi
884 2671 965 2695 non
990 2658 1116 2695 habeo
1141 2658 1535 2697 demonstracionern

297 2870 344 2896 29.
365 2861 404 2889 B:
428 2862 613 2899 complicum.
705 2872 747 2895 41.
769 2862 911 2899 A:fczcti
930 2863 1024 2890 deest.

1747 244 1818 278 107

1590 353 1656 381 The
1678 355 1776 390 Popes

1557 394 1739 424 supporters
1761 398 1813 426 say

1575 424 1610 450 he
1630 429 1742 451 cannot
1762 425 1797 451 bc

1573 459 1746 486 Antichrist
1765 467 1798 486 as

1593 493 1629 520 he
1649 493 1724 521 does
1744 502 1783 521 no

1610 528 1760 555 miracles.

1576 1175 1643 1210 We,
1664 1176 1736 1202 who
1757 1183 1806 1202 arc

1578 1210 1743 1246 suspected
1764 1211 1799 1237 of

1577 1243 1695 1282 Heresy,
1720 1247 1794 1280 keep

1583 1285 1615 1308 to
1635 1282 1684 1308 the
1706 1280 1788 1312 plain

1619 1324 1706 1343 sense
1727 1316 1762 1343 of

1554 1350 1730 1385 §crimin-<23
1752 1351 1817 1377 that

1595 1386 1641 1419 he,
1663 1386 1732 1412 who
1752 1386 1778 1412 is

1558 1420 1677 1455 against
1699 1420 1812 1455 Christ,

1570 1456 1596 1482 is
1614 1455 1800 1483 Antichrist.

1558 1629 1599 1657 So
1620 1629 1743 1664 judged,
1764 1629 1813 1655 the

1565 1664 1648 1698 Pope
1669 1664 1728 1690 and
1752 1663 1799 1690 his

1608 1703 1695 1725 court
1716 1707 1766 1725 are

1591 1733 1782 1761 Antichrist.

1601 2319 1702 2348 There
1723 2328 1773 2347 are

1555 2356 1675 2390 layrneu
1700 2363 1814 2390 among

1567 2390 1615 2417 his
1636 2390 1800 2417 members.
