1986 3289
126 230 177 264 94

159 685 365 720 Chrysostom

160 720 265 747 differs
284 720 366 746 from

134 755 319 789 Augustine‚
341 753 393 780 but

189 789 264 815 does
285 792 339 815 not

125 824 299 852 contradict
319 822 394 850 him.

157 1866 221 1894 Chr
245 1871 380 1893 sostom:

132 1901 200 1929 The
228 1909 317 1928 iouse
337 1901 403 1928 that

186 1936 298 1963 should
321 1936 356 1962 be

161 1971 298 1997 desolate
319 1979 382 1997 was

162 2006 212 2032 the
231 2005 372 2041 Temple.

730 222 848 253 OPUS
874 221 1211 254 EVANGELICUM
1240 222 1323 253 [ΑΒ.
1352 222 1403 253 111.
1488 211 1594 264 [CAP.
1618 218 1729 246 XXVI.

411 330 480 366 sed
517 330 628 379 quasi
670 329 870 365 silvestres
906 328 1008 377 pulli
1043 328 1292 378 sanguinarii
1324 328 1489 364 vulturis
1528 335 1594 364 aut
1633 327 1732 364 acci-

408 388 524 437 pitris
568 400 640 424 non
673 387 797 423 solum
850 387 901 422 ad
942 386 1143 422 veritatem
1197 387 1363 422 duorum
1416 393 1734 423 testamentorum

414 446 543 481 venire
575 457 648 481 non
687 444 953 493 adquiescunt,
996 445 1064 480 sed
1101 445 1228 480 adhuc
1265 445 1423 480 irruunt
1458 456 1576 494 super
1613 445 1734 494 ipsam

411 503 618 554 gallinam,
663 503 704 538 id
746 510 815 549 est,
860 502 1059 539 ecclesiam
1106 509 1141 538 et
1180 503 1390 552 dirripiunt
1435 509 1469 538 et
1507 502 1738 553 dispergunt

411 562 541 610 pullos
573 561 654 597 eius
676 568 711 597 et
734 560 925 596 debellant
957 573 1040 596 eam
1073 560 1216 597 tociens
1241 561 1321 597 vult
1348 560 1436 596 illos
1468 573 1736 611 congregare3
1754 561 1770 593 5

415 619 474 655 illi
504 626 631 655 autem
665 619 811 656 nolunt.
847 619 931 654 Hec
965 617 1249 655 Crisostomus.

473 676 643 713 Videtur
686 676 808 713 istum
854 685 1039 713 sanctum
1080 676 1270 725 colligere
1309 677 1530 713 secundum
1576 688 1737 712 sensum

417 734 534 771 huius
557 735 772 783 scripture:
803 735 991 779 Quociens
1015 735 1120 770 volui
1152 747 1401 786 congregare
1413 735 1524 784 filios
1550 741 1635 771 tuos
1665 742 1738 773 ete.

415 793 524 830 varie
564 795 633 830 sed
665 806 746 830 non
780 792 981 829 contrarie
1020 792 1257 840 Augustino,
1304 794 1412 841 quod
1452 791 1634 829 Christus
1673 792 1738 829 hic

417 851 599 900 loquitur
631 852 852 888 secundum
887 850 1079 887 deitatem
1120 864 1201 887 non
1232 852 1454 887 secundum
1489 851 1737 887 voluntatem
1759 862 1797 883 10

417 923 529 947 suam
577 918 754 946 eternam
795 910 863 945 sed
908 910 1130 945 secundum
1169 909 1417 946 voluntatem
1460 910 1737 945 membrorum

417 980 582 1004 suorum
630 980 707 1015 que
746 976 837 1004 sunt
886 966 1065 1004 ecclesia.
1099 968 1140 1003 In
1173 980 1253 1015 qua
1285 966 1496 1003 volucione
1530 975 1588 1003 est
1620 967 1741 1003 alter-

416 1025 533 1063 nacio
557 1027 777 1062 secundum
802 1026 911 1074 quod
936 1024 1100 1062 ecclesie
1127 1024 1381 1062 mocionibus
1404 1024 1542 1062 Sancti
1567 1023 1740 1073 Spiritus

419 1085 653 1130 alternatur,
700 1083 755 1120 ita
801 1084 908 1132 quod
953 1083 1027 1119 iste
1071 1083 1121 1119 sit
1154 1096 1312 1120 sensus:
1348 1082 1590 1119 Multociens
1633 1081 1740 1119 volui

418 1154 664 1190 congregare
704 1141 807 1178 filios
840 1150 930 1178 tuos
969 1154 1040 1189 per
1071 1141 1374 1190 predicaciones
1414 1141 1506 1178 fidei
1543 1140 1798 1189 scripture15

418 1213 495 1249 que
528 1209 587 1237 est
629 1199 790 1236 realiter
828 1201 994 1236 verbum
1033 1199 1105 1236 Dei
1144 1208 1181 1236 et
1220 1209 1263 1236 tu
1301 1211 1396 1247 sepe
1440 1198 1605 1235 noluisti
1644 1198 1742 1234 illud

418 1258 654 1305 admittere3
688 1267 724 1295 et
747 1259 797 1294 ad
821 1258 896 1295 hoc
919 1257 1029 1294 vadit
1053 1258 1278 1306 exemplum
1302 1256 1467 1294 Domini
1500 1258 1548 1293 de
1581 1256 1742 1305 gallina,

418 1319 466 1353 Et
498 1316 591 1353 huic
615 1324 810 1353 consonat
841 1317 949 1365 quod
972 1316 1157 1353 voluntas
1181 1315 1253 1352 Dei
1282 1315 1323 1351 in
1356 1315 1548 1352 membris
1577 1314 1743 1351 ecclesie

421 1374 631 1412 militantis
670 1387 762 1422 sepe
801 1387 882 1410 non
920 1373 1130 1422 perficitur
1168 1374 1270 1410 sicut
1318 1373 1486 1410 ecclesia
1526 1372 1742 1419 desiderat,

418 1433 510 1470 licet
561 1433 747 1470 voluntas
801 1431 873 1468 Dei
926 1432 1143 1469 intrinseca
1191 1431 1418 1469 necessario
1462 1432 1513 1468 sit
1561 1430 1743 1479 impleta.
1760 1441 1802 1462 20

421 1493 626 1536 Quantum
651 1492 701 1528 ad
717 1490 826 1528 aliud
848 1490 1028 1536 dubium,
1045 1492 1253 1538 quomodo
1269 1489 1435 1526 heretici
1457 1489 1560 1526 filios
1577 1488 1743 1526 ecclesie

420 1558 732 1598 persequuntur,
766 1558 877 1597 patet
909 1548 1076 1585 inferius
1109 1550 1250 1585 Matth.
1297 1549 1419 1584 XXIV
1452 1560 1540 1596 cap.
1574 1556 1611 1584 et
1644 1559 1743 1595 quo-

422 1609 546 1644 modo
585 1616 671 1644 tota
704 1620 777 1644 sua
816 1607 1021 1644 sentencia
1060 1619 1180 1655 super
1214 1605 1427 1643 mendacio
1468 1614 1526 1642 est
1563 1605 1743 1644 fundata.

911 1765 1023 1820 Cap.
1062 1765 1252 1807 XXVI.

482 1862 758 1899 Crisostomus
796 1871 930 1899 autem
969 1862 1230 1911 prosequitur
1262 1863 1335 1898 sub
1375 1861 1450 1898 hiis
1489 1860 1743 1898 sermonibus
1762 1859 1800 1892 25

424 1920 544 1957 istum
598 1929 770 1957 textum:
824 1921 927 1957 Ecce
979 1921 1219 1969 relinquetur
1271 1920 1377 1957 vobis
1429 1920 1567 1956 domus
1615 1926 1743 1955 vestra

425 1980 592 2026 deserta,
627 1979 666 2014 id
698 1986 766 2025 est,
799 1991 884 2015 ecce
916 1991 1014 2014 nunc
1046 1986 1220 2027 tempore
1252 1978 1327 2014 iam
1362 1978 1521 2014 instanti
1552 1989 1637 2013 cum
1671 1989 1744 2027 ego

428 2038 552 2086 fuero
600 2037 826 2087 crucifixus,
889 2036 1089 2073 scindetur
1147 2037 1271 2073 velum
1324 2036 1460 2085 templi
1509 2043 1545 2072 et
1594 2042 1744 2071 secreta

425 2095 599 2131 misteria
637 2095 854 2131 sanctitatis
892 2095 971 2131 eius
998 2094 1302 2144 publicabuntur
1346 2101 1380 2130 et
1422 2094 1575 2130 recedet
1617 2093 1663 2128 ab
1703 2105 1745 2129 eo

424 2153 583 2203 spiritus
606 2153 694 2190 Dei.
718 2153 771 2188 Et
803 2153 899 2189 sicut
922 2165 1064 2202 corpus
1093 2152 1221 2188 anima
1246 2153 1446 2188 recedente
1459 2152 1571 2200 prius
1594 2151 1743 2200 quidem
1764 2156 1817 2188 35.

416 2211 621 2261 frigescit,
647 2211 782 2247 deinde
810 2211 1001 2259 putrescit
1033 2218 1068 2247 et
1096 2210 1275 2257 solvitur,
1304 2210 1358 2246 sic
1390 2217 1424 2246 et
1452 2208 1638 2258 templum
1672 2208 1749 2244 Dei

426 2282 559 2305 rerum
591 2269 732 2318 spiritu
766 2269 967 2304 recedente
1006 2269 1052 2304 ab
1085 2281 1127 2304 eo
1155 2269 1270 2318 prius
1303 2268 1453 2317 quidem
1492 2266 1748 2303 sedicionibus

426 2334 461 2363 et
493 2326 910 2376 indisciplinacionibus
945 2326 1157 2375 replebitur
1180 2326 1406 2376 tyrannidis
1439 2325 1548 2374 quasi
1578 2324 1746 2361 Domino

427 2385 525 2420 illud
558 2385 632 2420 iam
668 2397 741 2421 non
775 2385 1031 2435 gubernante,
1069 2385 1205 2421 deinde
1238 2384 1359 2420 veniet
1398 2384 1449 2419 ad
1481 2383 1650 2422 ruinam.
1694 2382 1747 2418 Et

426 2443 524 2479 sicut
552 2450 639 2478 ante
671 2450 835 2478 mortem
873 2443 1038 2479 hominis
1066 2442 1295 2480 insanabilis
1324 2442 1501 2491 precedit
1529 2440 1745 2491 infirmitas,
1763 2445 1779 2477 3

496 2597 522 2617 2.
552 2589 814 2621 testimoniorum
843 2589 884 2616 ib.
917 2590 962 2616 A:
990 2589 1161 2624 disripiunt
1191 2591 1222 2615 et
1247 2588 1342 2615 deest.
1452 2596 1478 2622 7.
1505 2588 1533 2614 A
1571 2587 1601 2614 in
1631 2594 1746 2621 ma1·g.:

427 2624 597 2652 Jolzannes.
689 2624 730 2651 18.
751 2624 824 2651 Ain
842 2632 956 2658 marga
984 2623 1130 2651 Voluntas
1151 2623 1211 2650 Dei
1229 2623 1258 2650 in
1280 2623 1421 2650 membris
1441 2621 1568 2649 ecclesie
1586 2621 1749 2649 militantis

427 2667 500 2694 sepe
519 2667 578 2686 non
597 2658 768 2694 perficitur,
789 2659 858 2686 licet
876 2659 1018 2685 voluntas
1050 2658 1111 2685 Dei
1140 2657 1312 2684 intrinseca
1339 2657 1512 2685 necessario
1543 2657 1585 2684 sit
1613 2655 1747 2690 impleta.

429 2702 474 2727 27.
496 2694 557 2721 iam
577 2693 672 2721 deest.
753 2692 794 2721 33.
817 2694 854 2720 B:
877 2694 974 2720 eciam
994 2692 1353 2727 indisciplinacionibus,·
1378 2692 1418 2719 ib.
1440 2693 1483 2719 A:
1511 2694 1521 2718 t
1544 2690 1682 2718 rannicis
1708 2690 1747 2717 13:

430 2729 572 2755 correxit.
681 2727 727 2761 34.
749 2730 793 2755 A:
816 2728 875 2755 iam
897 2728 999 2760 (ἱερεῖς
1026 2727 1143 2755 Codd.:
1173 2727 1306 2755 Domino
1327 2735 1403 2755 eum.
1513 2726 1553 2754 ’5.
1582 2727 1626 2753 A:
1647 2727 1748 2752 autem

430 2766 577 2797 mortem;
598 2764 625 2790 A
646 2763 676 2790 in
705 2771 818 2797 marg:
840 2762 919 2790 Nota
941 2763 1118 2797 exemplum.

503 2846 555 2878 26.
586 2847 652 2889 Op.
681 2847 768 2889 Imp.
795 2847 816 2878 1.
844 2857 871 2878 6.
899 2857 931 2889 p.
958 2845 1025 2889 938
1052 2846 1234 2888 (Cxcvl).
