1986 3289
125 185 204 222 208
699 191 817 222 opus
843 189 1177 221 EVANGELICUM
1207 190 1288 220 ΜΒ.
1311 190 1363 220 111.
1525 177 1724 231 [CAP.LV1,

412 299 517 334 vivos
549 305 582 333 et
616 304 789 333 mortuos
821 297 983 333 virtutes
1016 297 1190 346 angelice
1223 297 1460 332 moventur?
1519 296 1726 332 Terribiles

410 356 578 391 ministri
608 355 882 391 terribiliorem
915 355 1109 391 dominum
1140 355 1416 402 procedentes:
1453 354 1658 390 Cherubim
1693 362 1727 390 et

410 413 613 462 Seraphim
667 420 937 462 preparantur
982 413 1033 447 ad
1064 413 1191 448 sedem
1240 411 1361 456 unius,
1405 419 1440 448 et
1484 412 1729 448 racionabilis

409 472 572 507 thronus
626 471 750 506 vivam
785 470 1017 519 sapienciam
1046 477 1289 519 portaturus
1344 470 1425 505 Nec
1469 470 1565 505 enim
1599 477 1728 518 potest

409 542 490 565 esse
522 541 584 565 res
616 532 770 564 mortua
804 541 873 577 que
904 528 1051 564 baiulat
1084 528 1213 564 vitam.
1247 529 1346 564 Ante
1378 528 1500 576 ipsum
1530 540 1606 576 pro
1638 530 1759 563 can-5

410 587 579 623 delabris
620 587 796 637 fulgura
842 586 927 622 viva
968 586 1177 635 precedent
1217 593 1252 621 et
1278 598 1355 634 pro
1401 585 1499 621 tubis
1531 586 1728 621 horrenda

409 645 591 681 tonitrua.
651 644 788 689 Qualis
835 656 909 680 rex·
959 644 1049 680 talis
1092 651 1128 679 et
1169 643 1403 693 preparacio
1444 643 1564 694 regis.
1634 643 1730 679 Vere

410 716 554 754 magna
587 697 675 738 tuba
722 702 907 738 terribilis
948 702 1010 738 cui
1040 702 1166 738 omnia
1200 702 1409 737 obaudiunt
1441 702 1625 737 elementa
1659 713 1729 750 que

404 769 540 810 petras
572 761 724 804 scindit,
759 761 906 808 inferos
938 760 1076 809 aperit,
1122 760 1327 796 clausuras
1359 759 1606 795 tenebrarum
1635 771 1728 808 per-

409 819 561 864 transit,
580 826 719 867 portas
734 830 844 854 ereas
867 818 1041 863 conterit,
1071 825 1195 854 vectes
1216 818 1487 853 adamantinos
1509 824 1545 852 et
1565 818 1729 865 ferreos
1749 830 1786 851 10

409 877 645 927 confringet,
674 876 824 912 vincula
849 876 987 912 mortis
1010 875 1224 924 disrumpet
1246 883 1281 911 et
1304 876 1350 911 de
1367 875 1581 924 profundis
1613 875 1731 911 abissi

409 935 559 971 animas
611 935 796 970 liberatas
839 934 1068 982 corporibus
1111 934 1189 970 suis
1236 934 1424 983 assignat.
1486 932 1570 969 Hec
1602 933 1728 968 omnia

409 993 525 1029 cicius
577 999 771 1028 consumet
815 993 850 1027 in
896 1003 1011 1040 opere
1042 1003 1153 1040 quam
1199 991 1344 1041 sagitta
1386 991 1525 1027 transit
1563 991 1599 1026 in
1638 1003 1730 1027 aere

411 1051 557 1087 dicente
588 1051 796 1099 Apostolo:
830 1050 870 1085 In
895 1057 1099 1096 momento,
1133 1049 1168 1085 in
1202 1050 1276 1085 ictu
1309 1049 1420 1093 oculi,
1453 1049 1488 1084 in
1522 1048 1727 1085 nouissima

411 1110 512 1145 tuba.
573 1109 675 1144 Tuba
727 1108 824 1144 enim
859 1115 968 1144 canet
1000 1115 1034 1143 et
1067 1108 1212 1144 mortui
1257 1115 1466 1157 resurgent
1497 1107 1727 1156 incorrupti.
1748 1109 1783 1141 15

411 1168 451 1203 In
485 1167 551 1202 illa
597 1179 687 1203 voce
713 1166 844 1216 pulvis
876 1166 952 1201 iam
989 1166 1199 1202 dissolutus
1241 1178 1449 1214 corporum
1484 1172 1727 1201 mortuorum

410 1225 446 1261 in
479 1237 576 1261 noua
611 1225 784 1260 membra
818 1224 1070 1274 constringit;
1102 1224 1137 1259 in
1170 1224 1237 1259 illa
1272 1235 1363 1260 voce
1393 1223 1505 1273 quasi
1535 1236 1607 1259 una
1635 1235 1728 1272 per-

409 1296 501 1319 sona
535 1283 700 1319 obnoxia
734 1290 853 1318 totum
886 1294 996 1318 mare
1028 1282 1244 1329 discutitur,
1293 1289 1332 1317 ut
1363 1281 1397 1317 si
1434 1281 1524 1330 quid
1554 1281 1659 1331 apud
1689 1293 1729 1317 se

411 1341 548 1377 retinet
595 1341 640 1376 de
672 1340 850 1376 humanis
893 1340 1040 1376 ossibus
1071 1340 1152 1376 sine
1195 1339 1505 1376 contradiccione
1537 1339 1726 1375 restituat.

410 1400 451 1435 In
485 1399 551 1434 illa
586 1411 675 1435 voce
707 1411 727 1434 a
756 1398 936 1447 partibus
980 1398 1115 1434 mundi
1142 1398 1299 1447 spiritus
1338 1404 1635 1448 congregantur
1665 1397 1731 1446 qui
1745 1409 1786 1430 20

412 1458 639 1494 resuscitent
666 1456 851 1505 populum
887 1456 1153 1492 dormientem.

172 1510 238 1537 The
260 1510 339 1537 saint
467 1515 634 1551 Videtur
686 1514 805 1550 istum
839 1522 1021 1550 sanctum
1068 1514 1246 1550 incutere
1279 1513 1498 1550 viatoribus
1532 1522 1727 1549 terrorem

138 1545 385 1614 riieonuifigiiiisslssiis
411 1574 461 1609 ad
506 1572 704 1609 iusticiam
739 1573 1029 1608 observandum
1065 1585 1136 1619 pro
1177 1572 1321 1608 timore
1354 1572 1432 1608 diei
1465 1571 1622 1617 iudicii3
1655 1584 1728 1608 nec

132 1617 180 1641 lor
199 1615 263 1642 fear
283 1615 384 1642 ofthe
531 1631 538 1636 .
575 1630 581 1636 .
711 1630 717 1635 .
773 1630 779 1635 .
837 1630 843 1635 .
891 1629 897 1635 .
1120 1630 1125 1635 .
1381 1630 1387 1635 ,
1528 1630 1534 1635 ,

172 1648 341 1685 judgment.
412 1642 540 1679 reperi
574 1644 612 1666 in
644 1639 802 1678 scrlptis
835 1639 948 1666 istius
973 1631 1148 1666 doctoris
1170 1631 1231 1667 vel
1263 1638 1389 1666 sancti
1424 1630 1585 1666 alterius
1619 1630 1727 1678 quod

411 1689 524 1733 clavi,
560 1701 652 1725 crux
687 1697 723 1724 et
756 1689 896 1724 lancea
930 1697 1044 1724 erunt
1078 1688 1237 1724 realiter
1286 1701 1358 1735 pro
1392 1688 1454 1724 die
1488 1687 1625 1724 iudicii
1659 1690 1726 1724 sed
1745 1691 1783 1722 25

411 1748 518 1795 quod
552 1747 709 1795 signum
736 1747 941 1794 quoddam
967 1746 1105 1782 efficax
1138 1746 1178 1782 in
1212 1758 1380 1793 corpore
1411 1745 1573 1781 Domini
1606 1758 1728 1794 appa-

411 1805 511 1841 rebit
544 1817 615 1853 per
648 1806 755 1852 quod
790 1805 934 1851 duplex
969 1804 1164 1840 memoria
1204 1805 1251 1840 de
1284 1803 1470 1851 passione
1505 1804 1652 1840 Christi
1687 1804 1725 1840 in

411 1862 598 1899 cordibus
632 1862 843 1898 hominum
894 1861 1149 1909 imprimetur
1183 1875 1273 1898 cum
1308 1861 1488 1900 salvandi
1524 1863 1727 1898 habebunt

413 1920 649 1957 memoriam
685 1920 834 1956 amoris
868 1929 905 1956 et
939 1920 1224 1956 delectacionis
1258 1929 1294 1955 et
1327 1920 1575 1967 dampnandi
1610 1921 1727 1956 habe-

411 1980 508 2015 bunt
544 1978 780 2014 memoriam
818 1977 975 2014 timoris
1009 1986 1045 2014 et
1080 1977 1419 2015 contristacioniS.
1746 1982 1785 2014 3²0

173 2044 240 2071 Tne
261 2052 344 2072 scars
468 2039 548 2073 Nec
596 2045 756 2084 oportet
802 2036 961 2072 fidelem
1007 2048 1089 2072 esse
1123 2035 1337 2072 sollicitum
1374 2035 1479 2072 circa
1520 2035 1727 2072 cicatrices

123 2080 499 2149 ¹¹¹g¹1llybss01ssstefigmJesu
532 2094 673 2141 nostri,
709 2093 802 2142 quia
836 2095 912 2129 hoc
936 2107 1008 2141 pro
1043 2094 1159 2130 firmo
1189 2103 1369 2130 tenemus
1403 2094 1511 2142 quod
1531 2102 1623 2129 tunc
1647 2106 1727 2130 non

187 2154 332 2177 moment.
411 2161 527 2189 erunt
572 2153 735 2190 vulnera
777 2164 921 2199 penam
957 2151 1115 2188 Christo
1149 2151 1364 2188 inferencia
1411 2163 1484 2187 nec
1518 2152 1725 2187 horrorem

411 2210 449 2246 in
484 2210 786 2258 composicione
831 2209 890 2245 sui
925 2210 1104 2257 corporis
1152 2222 1224 2246 nec
1271 2211 1375 2258 quod
1411 2209 1592 2245 Christus
1626 2218 1726 2245 tam-

411 2281 532 2317 quam
566 2268 762 2304 ioculator
803 2269 985 2304 ostendet
1022 2268 1101 2303 suis
1136 2268 1319 2303 fidelibus
1365 2267 1520 2315 signum
1562 2267 1783 2315 aliquod25

412 2326 595 2363 falsitatis
640 2327 708 2362 sed
742 2339 831 2362 cum
878 2334 955 2362 stat
989 2339 1133 2374 corpus
1187 2325 1454 2373 glorificatum
1489 2325 1528 2361 in
1562 2325 1726 2361 diversis

412 2384 548 2432 figuris
581 2397 620 2420 se
654 2385 877 2427 ostendere,
913 2396 958 2420 eo
992 2385 1098 2432 quod
1135 2383 1303 2420 materia
1337 2383 1410 2419 erit
1441 2392 1534 2419 tunc
1567 2382 1725 2431 spiritui

411 2455 568 2478 summe
598 2442 802 2487 obediens,
836 2455 915 2478 non
938 2442 1053 2478 video
1087 2442 1195 2489 quod
1219 2441 1283 2477 ille
1307 2441 1510 2478 cicatrices
1540 2440 1726 2477 continue

411 2509 527 2536 antea
581 2501 639 2537 vel
685 2500 724 2536 in
759 2508 998 2548 perpetuum
1034 2501 1292 2547 postmodum
1338 2507 1452 2535 erunt
1484 2499 1523 2534 in
1558 2511 1725 2546 corpore

482 2701 500 2719 1.
524 2693 568 2719 A:
591 2695 828 2719 commoventur.
915 2700 939 2719 2.
971 2693 1014 2719 A:
1049 2692 1266 2719 terribiliorem
1295 2692 1389 2718 deest.
1465 2692 1491 2718 6.
1514 2693 1557 2718 A:
1585 2689 1627 2717 ad
1645 2690 1723 2716 viva.

413 2735 448 2753 12.
472 2728 508 2753 A:
530 2727 593 2753 suis
614 2727 706 2753 deest.
789 2734 830 2754 22.
854 2728 880 2754 A
902 2727 930 2753 in
954 2734 1067 2760 marg:
1087 2726 1252 2753 Johannes.

486 2820 535 2850 14.
563 2811 584 2841 1.
613 2810 691 2841 Cor.
719 2811 790 2850 XV,
821 2811 873 2841 52.
