<?xml version="1.0" encoding="UTF-8"?>
<!DOCTYPE html PUBLIC "-//W3C//DTD XHTML 1.0 Transitional//EN"
    "http://www.w3.org/TR/xhtml1/DTD/xhtml1-transitional.dtd">
<html xmlns="http://www.w3.org/1999/xhtml" xml:lang="en" lang="en">
 <head>
  <title>
</title>
<meta http-equiv="Content-Type" content="text/html;charset=utf-8" />
  <meta name='ocr-system' content='tesseract 3.04.00' />
  <meta name='ocr-capabilities' content='ocr_page ocr_carea ocr_par ocr_line ocrx_word'/>
</head>
<body>
  <div class='ocr_page' id='page_1' title='image "./opusevangelicum34wycl/opusevangelicum34wycl_0274.png"; bbox 0 0 1986 3289; ppageno 0'>
   <div class='ocr_carea' id='block_1_1' title="bbox 173 217 1772 270">
    <p class='ocr_par' dir='ltr' id='par_1_1' title="bbox 173 217 1772 270">
     <span class='ocr_line' id='line_1_1' title="bbox 173 217 1772 270; baseline -0.006 -3"><span class='ocrx_word' id='word_1_1' title='bbox 173 219 252 267; x_wconf 76' lang='lat'><em>236</em></span> <span class='ocrx_word' id='word_1_2' title='bbox 774 228 891 260; x_wconf 83' lang='lat' dir='ltr'>OPUS</span> <span class='ocrx_word' id='word_1_3' title='bbox 917 228 1252 260; x_wconf 78' lang='lat' dir='ltr'>EVANGELICUM</span> <span class='ocrx_word' id='word_1_4' title='bbox 1282 228 1364 260; x_wconf 65' lang='grc' dir='ltr'><em>ΜΒ.</em></span> <span class='ocrx_word' id='word_1_5' title='bbox 1392 229 1445 260; x_wconf 78' lang='lat'><em>111.</em></span> <span class='ocrx_word' id='word_1_6' title='bbox 1540 217 1645 270; x_wconf 76' lang='lat' dir='ltr'>[CAP.</span> <span class='ocrx_word' id='word_1_7' title='bbox 1666 226 1772 253; x_wconf 72' lang='lat' dir='ltr'><em>Lxm.</em></span> 
     </span>
    </p>
   </div>
   <div class='ocr_carea' id='block_1_2' title="bbox 166 333 1778 2234">
    <p class='ocr_par' dir='ltr' id='par_1_2' title="bbox 460 333 1775 847">
     <span class='ocr_line' id='line_1_2' title="bbox 521 333 1773 382; baseline 0.002 -14"><span class='ocrx_word' id='word_1_8' title='bbox 521 333 622 369; x_wconf 90' lang='lat' dir='ltr'><em>Ecce</em></span> <span class='ocrx_word' id='word_1_9' title='bbox 664 334 761 369; x_wconf 87' lang='lat' dir='ltr'><em>enim</em></span> <span class='ocrx_word' id='word_1_10' title='bbox 814 335 1136 382; x_wconf 81' lang='lat' dir='ltr'><em>quemadmodum</em></span> <span class='ocrx_word' id='word_1_11' title='bbox 1201 347 1286 370; x_wconf 83' lang='lat' dir='ltr'><em>cum</em></span> <span class='ocrx_word' id='word_1_12' title='bbox 1331 335 1541 370; x_wconf 79' lang='lat' dir='ltr'><strong><em>manducas</em></strong></span> <span class='ocrx_word' id='word_1_13' title='bbox 1588 342 1623 370; x_wconf 91' lang='lat' dir='ltr'><em>et</em></span> <span class='ocrx_word' id='word_1_14' title='bbox 1667 334 1773 380; x_wconf 87' lang='lat' dir='ltr'><em>bibis,</em></span> 
     </span>
     <span class='ocr_line' id='line_1_3' title="bbox 462 391 1774 441; baseline 0.001 -15"><span class='ocrx_word' id='word_1_15' title='bbox 462 403 534 426; x_wconf 89' lang='lat' dir='ltr'><em>non</em></span> <span class='ocrx_word' id='word_1_16' title='bbox 568 391 695 426; x_wconf 88' lang='lat' dir='ltr'><em>anima</em></span> <span class='ocrx_word' id='word_1_17' title='bbox 729 392 938 427; x_wconf 85' lang='lat' dir='ltr'><em>manducat</em></span> <span class='ocrx_word' id='word_1_18' title='bbox 967 392 1036 427; x_wconf 85' lang='lat' dir='ltr'><em>sed</em></span> <span class='ocrx_word' id='word_1_19' title='bbox 1067 404 1229 440; x_wconf 85' lang='lat' dir='ltr'><em>corpus,·</em></span> <span class='ocrx_word' id='word_1_20' title='bbox 1273 404 1335 428; x_wconf 90' lang='lat' dir='ltr'><em>res</em></span> <span class='ocrx_word' id='word_1_21' title='bbox 1379 392 1475 428; x_wconf 88' lang='lat' dir='ltr'><em>enim</em></span> <span class='ocrx_word' id='word_1_22' title='bbox 1515 392 1774 441; x_wconf 84' lang='lat' dir='ltr'><em>incorporalis</em></span> 
     </span>
     <span class='ocr_line' id='line_1_4' title="bbox 462 449 1773 498; baseline 0.001 -14"><span class='ocrx_word' id='word_1_23' title='bbox 462 449 664 497; x_wconf 89' lang='lat' dir='ltr'><em>corporali</em></span> <span class='ocrx_word' id='word_1_24' title='bbox 685 449 765 485; x_wconf 83' lang='lat' dir='ltr'><em>cibo</em></span> <span class='ocrx_word' id='word_1_25' title='bbox 798 461 871 485; x_wconf 86' lang='lat' dir='ltr'><em>non</em></span> <span class='ocrx_word' id='word_1_26' title='bbox 898 449 1088 498; x_wconf 89' lang='lat' dir='ltr'><em>pascitur,</em></span> <span class='ocrx_word' id='word_1_27' title='bbox 1121 450 1175 485; x_wconf 86' lang='lat' dir='ltr'><em>sic</em></span> <span class='ocrx_word' id='word_1_28' title='bbox 1207 462 1292 485; x_wconf 91' lang='lat' dir='ltr'><em>cum</em></span> <span class='ocrx_word' id='word_1_29' title='bbox 1327 450 1387 485; x_wconf 78' lang='lat' dir='ltr'><em>vir</em></span> <span class='ocrx_word' id='word_1_30' title='bbox 1419 450 1574 485; x_wconf 89' lang='lat' dir='ltr'><em>mulieri</em></span> <span class='ocrx_word' id='word_1_31' title='bbox 1594 458 1661 486; x_wconf 89' lang='lat' dir='ltr'><em>aut</em></span> <span class='ocrx_word' id='word_1_32' title='bbox 1691 462 1773 485; x_wconf 88' lang='lat' dir='ltr'><em>mu-</em></span> 
     </span>
     <span class='ocr_line' id='line_1_5' title="bbox 462 506 1772 557; baseline 0.001 -16"><span class='ocrx_word' id='word_1_33' title='bbox 462 506 535 542; x_wconf 86' lang='lat' dir='ltr'><em>lier</em></span> <span class='ocrx_word' id='word_1_34' title='bbox 567 506 650 542; x_wconf 78' lang='lat' dir='ltr'><em>viro</em></span> <span class='ocrx_word' id='word_1_35' title='bbox 683 507 946 557; x_wconf 77' lang='lat' dir='ltr'><em>coniungitur,</em></span> <span class='ocrx_word' id='word_1_36' title='bbox 995 521 1067 543; x_wconf 83' lang='lat' dir='ltr'><em>non</em></span> <span class='ocrx_word' id='word_1_37' title='bbox 1100 508 1227 543; x_wconf 87' lang='lat' dir='ltr'><em>anima</em></span> <span class='ocrx_word' id='word_1_38' title='bbox 1273 508 1477 556; x_wconf 89' lang='lat' dir='ltr'><em>copulatur</em></span> <span class='ocrx_word' id='word_1_39' title='bbox 1519 508 1587 543; x_wconf 86' lang='lat' dir='ltr'><em>sed</em></span> <span class='ocrx_word' id='word_1_40' title='bbox 1619 520 1772 557; x_wconf 85' lang='lat' dir='ltr'><em>corpus.</em></span> 
     </span>
     <span class='ocr_line' id='line_1_6' title="bbox 463 564 1774 615; baseline 0.002 -17"><span class='ocrx_word' id='word_1_41' title='bbox 463 564 676 612; x_wconf 81' lang='lat' dir='ltr'><em>Propterea</em></span> <span class='ocrx_word' id='word_1_42' title='bbox 712 565 947 613; x_wconf 82' lang='lat' dir='ltr'><em>frequenter</em></span> <span class='ocrx_word' id='word_1_43' title='bbox 973 565 1039 614; x_wconf 88' lang='lat' dir='ltr'><em>fit,</em></span> <span class='ocrx_word' id='word_1_44' title='bbox 1085 573 1125 601; x_wconf 85' lang='lat' dir='ltr'><em>ut</em></span> <span class='ocrx_word' id='word_1_45' title='bbox 1168 573 1285 614; x_wconf 85' lang='lat' dir='ltr'><em>nupta</em></span> <span class='ocrx_word' id='word_1_46' title='bbox 1329 566 1363 600; x_wconf 89' lang='lat' dir='ltr'><em>si</em></span> <span class='ocrx_word' id='word_1_47' title='bbox 1392 565 1490 601; x_wconf 89' lang='lat' dir='ltr'><em>alias</em></span> <span class='ocrx_word' id='word_1_48' title='bbox 1534 578 1607 601; x_wconf 86' lang='lat' dir='ltr'><em>non</em></span> <span class='ocrx_word' id='word_1_49' title='bbox 1643 572 1774 615; x_wconf 87' lang='lat' dir='ltr'><em>peccet</em></span> 
     </span>
     <span class='ocr_line' id='line_1_7' title="bbox 462 622 1774 673; baseline 0.002 -17"><span class='ocrx_word' id='word_1_50' title='bbox 462 622 601 658; x_wconf 86' lang='lat' dir='ltr'><em>melior</em></span> <span class='ocrx_word' id='word_1_51' title='bbox 632 622 682 658; x_wconf 89' lang='lat' dir='ltr'><em>sit</em></span> <span class='ocrx_word' id='word_1_52' title='bbox 714 634 827 670; x_wconf 82' lang='lat' dir='ltr'><em>quam</em></span> <span class='ocrx_word' id='word_1_53' title='bbox 862 623 929 658; x_wconf 89' lang='lat' dir='ltr'><em>illa</em></span> <span class='ocrx_word' id='word_1_54' title='bbox 960 634 1029 671; x_wconf 79' lang='lat' dir='ltr'><em>que</em></span> <span class='ocrx_word' id='word_1_55' title='bbox 1062 623 1176 673; x_wconf 70' lang='lat' dir='ltr'><em>virgo</em></span> <span class='ocrx_word' id='word_1_56' title='bbox 1211 632 1264 659; x_wconf 88' lang='lat' dir='ltr'><em>est</em></span> <span class='ocrx_word' id='word_1_57' title='bbox 1297 630 1331 658; x_wconf 87' lang='lat' dir='ltr'><em>et</em></span> <span class='ocrx_word' id='word_1_58' title='bbox 1354 623 1453 659; x_wconf 89' lang='lat' dir='ltr'><em>alias</em></span> <span class='ocrx_word' id='word_1_59' title='bbox 1480 631 1630 672; x_wconf 90' lang='lat' dir='ltr'><em>peccat.</em></span> <span class='ocrx_word' id='word_1_60' title='bbox 1671 623 1774 667; x_wconf 83' lang='lat' dir='ltr'><em>Quo-</em></span> 
     </span>
     <span class='ocr_line' id='line_1_8' title="bbox 460 679 1773 730; baseline 0.001 -16"><span class='ocrx_word' id='word_1_61' title='bbox 460 679 562 715; x_wconf 87' lang='lat' dir='ltr'><em>niam</em></span> <span class='ocrx_word' id='word_1_62' title='bbox 594 680 628 715; x_wconf 90' lang='lat' dir='ltr'><em>si</em></span> <span class='ocrx_word' id='word_1_63' title='bbox 659 680 725 715; x_wconf 88' lang='lat' dir='ltr'><em>illa</em></span> <span class='ocrx_word' id='word_1_64' title='bbox 760 693 834 716; x_wconf 86' lang='lat' dir='ltr'><em>non</em></span> <span class='ocrx_word' id='word_1_65' title='bbox 881 688 1018 730; x_wconf 91' lang='lat' dir='ltr'><em>peccat</em></span> <span class='ocrx_word' id='word_1_66' title='bbox 1050 693 1121 729; x_wconf 79' lang='lat' dir='ltr'><em>que</em></span> <span class='ocrx_word' id='word_1_67' title='bbox 1152 689 1268 730; x_wconf 88' lang='lat' dir='ltr'><em>nupta</em></span> <span class='ocrx_word' id='word_1_68' title='bbox 1302 688 1370 727; x_wconf 88' lang='lat' dir='ltr'><em>est,</em></span> <span class='ocrx_word' id='word_1_69' title='bbox 1414 692 1579 730; x_wconf 87' lang='lat' dir='ltr'><em>corpore</em></span> <span class='ocrx_word' id='word_1_70' title='bbox 1622 681 1773 730; x_wconf 78' lang='lat' dir='ltr'><em>quidem</em></span> 
     </span>
     <span class='ocr_line' id='line_1_9' title="bbox 460 738 1775 789; baseline 0.001 -17"><span class='ocrx_word' id='word_1_71' title='bbox 460 745 577 785; x_wconf 87' lang='lat' dir='ltr'><em>nupta</em></span> <span class='ocrx_word' id='word_1_72' title='bbox 611 745 678 785; x_wconf 91' lang='lat' dir='ltr'><em>est,</em></span> <span class='ocrx_word' id='word_1_73' title='bbox 711 738 839 773; x_wconf 91' lang='lat' dir='ltr'><em>anima</em></span> <span class='ocrx_word' id='word_1_74' title='bbox 872 738 987 789; x_wconf 77' lang='lat' dir='ltr'><em>virgo</em></span> <span class='ocrx_word' id='word_1_75' title='bbox 1020 746 1087 775; x_wconf 87' lang='lat' dir='ltr'><em>est.</em></span> <span class='ocrx_word' id='word_1_76' title='bbox 1140 739 1222 783; x_wconf 82' lang='lat' dir='ltr'><em>Que</em></span> <span class='ocrx_word' id='word_1_77' title='bbox 1253 746 1379 774; x_wconf 88' lang='lat' dir='ltr'><em>autem</em></span> <span class='ocrx_word' id='word_1_78' title='bbox 1425 739 1525 775; x_wconf 91' lang='lat' dir='ltr'><em>alias</em></span> <span class='ocrx_word' id='word_1_79' title='bbox 1563 746 1698 787; x_wconf 88' lang='lat' dir='ltr'><em>peccat</em></span> <span class='ocrx_word' id='word_1_80' title='bbox 1741 745 1775 773; x_wconf 90' lang='lat' dir='ltr'><em>et</em></span> 
     </span>
     <span class='ocr_line' id='line_1_10' title="bbox 461 795 1773 847; baseline 0.002 -18"><span class='ocrx_word' id='word_1_81' title='bbox 461 795 574 845; x_wconf 72' lang='lat' dir='ltr'><em>virgo</em></span> <span class='ocrx_word' id='word_1_82' title='bbox 608 803 674 841; x_wconf 88' lang='lat' dir='ltr'><em>est,</em></span> <span class='ocrx_word' id='word_1_83' title='bbox 720 808 887 845; x_wconf 86' lang='lat' dir='ltr'><em>corpore</em></span> <span class='ocrx_word' id='word_1_84' title='bbox 917 797 1069 845; x_wconf 82' lang='lat' dir='ltr'><em>quidem</em></span> <span class='ocrx_word' id='word_1_85' title='bbox 1104 797 1219 847; x_wconf 76' lang='lat' dir='ltr'><em>virgo</em></span> <span class='ocrx_word' id='word_1_86' title='bbox 1253 804 1321 841; x_wconf 86' lang='lat' dir='ltr'><em>est,</em></span> <span class='ocrx_word' id='word_1_87' title='bbox 1368 797 1496 831; x_wconf 86' lang='lat' dir='ltr'><em>anima</em></span> <span class='ocrx_word' id='word_1_88' title='bbox 1529 804 1655 832; x_wconf 89' lang='lat' dir='ltr'><em>autem</em></span> <span class='ocrx_word' id='word_1_89' title='bbox 1678 797 1773 844; x_wconf 87' lang='lat' dir='ltr'><em>for-</em></span> 
     </span>
    </p>

    <p class='ocr_par' dir='ltr' id='par_1_3' title="bbox 166 852 1775 1193">
     <span class='ocr_line' id='line_1_11' title="bbox 182 852 1772 904; baseline 0.002 -18"><span class='ocrx_word' id='word_1_90' title='bbox 182 859 289 898; x_wconf 79' lang='lat' dir='ltr'><em>Desire</em></span> <span class='ocrx_word' id='word_1_91' title='bbox 310 868 380 896; x_wconf 89' lang='lat' dir='ltr'><em>may</em></span> <span class='ocrx_word' id='word_1_92' title='bbox 401 860 436 887; x_wconf 80' lang='lat' dir='ltr'><em>be</em></span> <span class='ocrx_word' id='word_1_93' title='bbox 460 852 621 892; x_wconf 80' lang='lat' dir='ltr'><em>uicaria,</em></span> <span class='ocrx_word' id='word_1_94' title='bbox 656 854 733 889; x_wconf 85' lang='lat' dir='ltr'><em>Sed</em></span> <span class='ocrx_word' id='word_1_95' title='bbox 764 866 809 889; x_wconf 87' lang='lat' dir='ltr'><em>ne</em></span> <span class='ocrx_word' id='word_1_96' title='bbox 839 855 1050 903; x_wconf 85' lang='lat' dir='ltr'><em>desperare</em></span> <span class='ocrx_word' id='word_1_97' title='bbox 1069 854 1272 902; x_wconf 85' lang='lat' dir='ltr'><em>faciamus</em></span> <span class='ocrx_word' id='word_1_98' title='bbox 1295 854 1414 890; x_wconf 89' lang='lat' dir='ltr'><em>eciam</em></span> <span class='ocrx_word' id='word_1_99' title='bbox 1439 854 1610 904; x_wconf 79' lang='lat' dir='ltr'><em>virgines</em></span> <span class='ocrx_word' id='word_1_100' title='bbox 1642 854 1772 899; x_wconf 87' lang='lat' dir='ltr'><em>bonas,</em></span> 
     </span>
     <span class='ocr_line' id='line_1_12' title="bbox 181 895 1773 962; baseline 0.001 -17"><span class='ocrx_word' id='word_1_101' title='bbox 181 895 378 956; x_wconf 37' lang='lat' dir='ltr'><em>mvoxl’aeissftffiry</em></span> <span class='ocrx_word' id='word_1_102' title='bbox 398 903 432 922; x_wconf 84' lang='lat' dir='ltr'><em>or</em></span> <span class='ocrx_word' id='word_1_103' title='bbox 460 911 546 958; x_wconf 84' lang='lat' dir='ltr'><em>quia</em></span> <span class='ocrx_word' id='word_1_104' title='bbox 587 907 591 962; x_wconf 84' lang='grc'>1</span> <span class='ocrx_word' id='word_1_105' title='bbox 633 911 806 947; x_wconf 78' lang='lat' dir='ltr'><em>diximus</em></span> <span class='ocrx_word' id='word_1_106' title='bbox 838 924 914 960; x_wconf 91' lang='lat' dir='ltr'><em>per</em></span> <span class='ocrx_word' id='word_1_107' title='bbox 959 912 1307 961; x_wconf 88' lang='lat' dir='ltr'><em>concupiscenciam</em></span> <span class='ocrx_word' id='word_1_108' title='bbox 1362 912 1511 947; x_wconf 89' lang='lat' dir='ltr'><em>animas</em></span> <span class='ocrx_word' id='word_1_109' title='bbox 1558 911 1773 960; x_wconf 84' lang='lat' dir='ltr'><em>fornicari,</em></span> 
     </span>
     <span class='ocr_line' id='line_1_13' title="bbox 166 964 1775 1027; baseline 0.001 -24"><span class='ocrx_word' id='word_1_110' title='bbox 166 964 444 1027; x_wconf 46' lang='grc' dir='ltr'><em>Ῑῑῃῡᾶΐσξὲξθῇξθὸ</em></span> <span class='ocrx_word' id='word_1_111' title='bbox 459 969 655 1004; x_wconf 85' lang='lat' dir='ltr'><em>sciendum</em></span> <span class='ocrx_word' id='word_1_112' title='bbox 699 970 803 1018; x_wconf 77' lang='lat' dir='ltr'><em>quod</em></span> <span class='ocrx_word' id='word_1_113' title='bbox 834 969 943 1005; x_wconf 87' lang='lat' dir='ltr'><em>aliud</em></span> <span class='ocrx_word' id='word_1_114' title='bbox 985 978 1041 1006; x_wconf 91' lang='lat' dir='ltr'><em>est</em></span> <span class='ocrx_word' id='word_1_115' title='bbox 1072 970 1341 1019; x_wconf 77' lang='lat' dir='ltr'><em>concupiscere</em></span> <span class='ocrx_word' id='word_1_116' title='bbox 1371 969 1479 1005; x_wconf 85' lang='lat' dir='ltr'><em>aliud</em></span> <span class='ocrx_word' id='word_1_117' title='bbox 1511 970 1608 1006; x_wconf 79' lang='lat' dir='ltr'><em>velle</em></span> <span class='ocrx_word' id='word_1_118' title='bbox 1639 981 1775 1005; x_wconf 85' lang='lat' dir='ltr'><em>concu-</em></span> 
     </span>
     <span class='ocr_line' id='line_1_14' title="bbox 169 1021 1774 1076; baseline 0.001 -15"><span class='ocrx_word' id='word_1_119' title='bbox 169 1034 267 1061; x_wconf 82' lang='lat' dir='ltr'><em>desire</em></span> <span class='ocrx_word' id='word_1_120' title='bbox 289 1035 363 1062; x_wconf 81' lang='lat' dir='ltr'><em>does</em></span> <span class='ocrx_word' id='word_1_121' title='bbox 384 1021 620 1075; x_wconf 61' lang='lat' dir='ltr'><em>nbtpiscere.</em></span> <span class='ocrx_word' id='word_1_122' title='bbox 673 1026 956 1076; x_wconf 86' lang='lat' dir='ltr'><em>Concupiscere</em></span> <span class='ocrx_word' id='word_1_123' title='bbox 1001 1035 1126 1064; x_wconf 88' lang='lat' dir='ltr'><em>autem</em></span> <span class='ocrx_word' id='word_1_124' title='bbox 1168 1027 1362 1076; x_wconf 79' lang='lat' dir='ltr'><em>passionis</em></span> <span class='ocrx_word' id='word_1_125' title='bbox 1395 1035 1461 1074; x_wconf 91' lang='lat' dir='ltr'><em>est,</em></span> <span class='ocrx_word' id='word_1_126' title='bbox 1515 1028 1612 1064; x_wconf 81' lang='lat' dir='ltr'><em>velle</em></span> <span class='ocrx_word' id='word_1_127' title='bbox 1649 1034 1774 1063; x_wconf 88' lang='lat' dir='ltr'><em>autem</em></span> 
     </span>
     <span class='ocr_line' id='line_1_15' title="bbox 220 1069 1773 1134; baseline 0 -15"><span class='ocrx_word' id='word_1_128' title='bbox 220 1069 312 1096; x_wconf 84' lang='lat' dir='ltr'><em>damn</em></span> <span class='ocrx_word' id='word_1_129' title='bbox 335 1078 380 1097; x_wconf 68' lang='lat'><em>¹¹³·</em></span> <span class='ocrx_word' id='word_1_130' title='bbox 458 1084 625 1120; x_wconf 86' lang='lat' dir='ltr'><em>arbitrii.</em></span> <span class='ocrx_word' id='word_1_131' title='bbox 672 1085 916 1134; x_wconf 74' lang='lat' dir='ltr'><em>Frequenter</em></span> <span class='ocrx_word' id='word_1_132' title='bbox 948 1086 1252 1134; x_wconf 77' lang='lat' dir='ltr'><em>concupiscimus</em></span> <span class='ocrx_word' id='word_1_133' title='bbox 1297 1086 1416 1121; x_wconf 88' lang='lat' dir='ltr'><em>eciam</em></span> <span class='ocrx_word' id='word_1_134' title='bbox 1448 1086 1551 1134; x_wconf 79' lang='lat' dir='ltr'><em>quod</em></span> <span class='ocrx_word' id='word_1_135' title='bbox 1583 1086 1773 1122; x_wconf 89' lang='lat' dir='ltr'><em>nolumus.</em></span> 
     </span>
     <span class='ocr_line' id='line_1_16' title="bbox 460 1142 1774 1193; baseline 0.001 -16"><span class='ocrx_word' id='word_1_136' title='bbox 460 1142 503 1177; x_wconf 83' lang='lat' dir='ltr'><em>Si</em></span> <span class='ocrx_word' id='word_1_137' title='bbox 534 1154 631 1193; x_wconf 81' lang='lat' dir='ltr'><em>ergo</em></span> <span class='ocrx_word' id='word_1_138' title='bbox 677 1143 985 1192; x_wconf 87' lang='lat' dir='ltr'><em>concupiscencie</em></span> <span class='ocrx_word' id='word_1_139' title='bbox 1031 1157 1103 1180; x_wconf 88' lang='lat' dir='ltr'><em>non</em></span> <span class='ocrx_word' id='word_1_140' title='bbox 1148 1144 1334 1180; x_wconf 86' lang='lat' dir='ltr'><em>consentit</em></span> <span class='ocrx_word' id='word_1_141' title='bbox 1395 1143 1584 1189; x_wconf 77' lang='lat' dir='ltr'><em>voluntas,</em></span> <span class='ocrx_word' id='word_1_142' title='bbox 1640 1155 1774 1179; x_wconf 89' lang='lat' dir='ltr'><em>concu-</em></span> 
     </span>
    </p>

    <p class='ocr_par' dir='ltr' id='par_1_4' title="bbox 453 1200 1773 1251">
     <span class='ocr_line' id='line_1_17' title="bbox 453 1200 1773 1251; baseline -0.001 -15"><span class='ocrx_word' id='word_1_143' title='bbox 453 1200 649 1249; x_wconf 87' lang='lat' dir='ltr'><em>piscencia</em></span> <span class='ocrx_word' id='word_1_144' title='bbox 700 1201 784 1237; x_wconf 90' lang='lat' dir='ltr'><em>sola</em></span> <span class='ocrx_word' id='word_1_145' title='bbox 837 1213 909 1236; x_wconf 86' lang='lat' dir='ltr'><em>non</em></span> <span class='ocrx_word' id='word_1_146' title='bbox 955 1202 1151 1250; x_wconf 78' lang='lat' dir='ltr'><em>dampnat,</em></span> <span class='ocrx_word' id='word_1_147' title='bbox 1201 1202 1270 1237; x_wconf 85' lang='lat' dir='ltr'><em>sed</em></span> <span class='ocrx_word' id='word_1_148' title='bbox 1321 1201 1450 1251; x_wconf 77' lang='lat' dir='ltr'><em>magis</em></span> <span class='ocrx_word' id='word_1_149' title='bbox 1498 1201 1773 1251; x_wconf 81' lang='lat' dir='ltr'><em>gloriosiorem</em></span> 
     </span>
    </p>

    <p class='ocr_par' dir='ltr' id='par_1_5' title="bbox 448 1258 1774 1309">
     <span class='ocr_line' id='line_1_18' title="bbox 448 1258 1774 1309; baseline 0 -16"><span class='ocrx_word' id='word_1_150' title='bbox 448 1258 556 1306; x_wconf 86' lang='lat' dir='ltr'><em>facit</em></span> <span class='ocrx_word' id='word_1_151' title='bbox 588 1258 828 1309; x_wconf 75' lang='lat' dir='ltr'><em>virginitatis</em></span> <span class='ocrx_word' id='word_1_152' title='bbox 860 1271 1057 1295; x_wconf 87' lang='lat' dir='ltr'><em>coronam.</em></span> <span class='ocrx_word' id='word_1_153' title='bbox 1091 1260 1178 1294; x_wconf 88' lang='lat' dir='ltr'><em>Jam</em></span> <span class='ocrx_word' id='word_1_154' title='bbox 1222 1259 1418 1295; x_wconf 77' lang='lat' dir='ltr'><em>veniamus</em></span> <span class='ocrx_word' id='word_1_155' title='bbox 1450 1260 1502 1294; x_wconf 84' lang='lat' dir='ltr'><em>ad</em></span> <span class='ocrx_word' id='word_1_156' title='bbox 1531 1259 1774 1308; x_wconf 88' lang='lat' dir='ltr'><em>spiritualem</em></span> 
     </span>
    </p>

    <p class='ocr_par' dir='ltr' id='par_1_6' title="bbox 457 1316 1775 1367">
     <span class='ocr_line' id='line_1_19' title="bbox 457 1316 1775 1367; baseline 0.001 -17"><span class='ocrx_word' id='word_1_157' title='bbox 457 1316 537 1352; x_wconf 85' lang='lat' dir='ltr'><em>eius</em></span> <span class='ocrx_word' id='word_1_158' title='bbox 580 1317 862 1355; x_wconf 86' lang='lat' dir='ltr'><em>narracionem.</em></span> <span class='ocrx_word' id='word_1_159' title='bbox 914 1318 1058 1353; x_wconf 86' lang='lat' dir='ltr'><em>Decem</em></span> <span class='ocrx_word' id='word_1_160' title='bbox 1093 1317 1265 1367; x_wconf 75' lang='lat' dir='ltr'><em>virgines</em></span> <span class='ocrx_word' id='word_1_161' title='bbox 1298 1329 1429 1353; x_wconf 89' lang='lat' dir='ltr'><em>omnes</em></span> <span class='ocrx_word' id='word_1_162' title='bbox 1468 1316 1640 1353; x_wconf 86' lang='lat' dir='ltr'><em>homines</em></span> <span class='ocrx_word' id='word_1_163' title='bbox 1673 1316 1775 1363; x_wconf 87' lang='lat' dir='ltr'><em>dicit,</em></span> 
     </span>
    </p>

    <p class='ocr_par' dir='ltr' id='par_1_7' title="bbox 456 1374 1776 1423">
     <span class='ocr_line' id='line_1_20' title="bbox 456 1374 1776 1423; baseline 0.001 -15"><span class='ocrx_word' id='word_1_164' title='bbox 456 1386 621 1422; x_wconf 81' lang='lat' dir='ltr'><em>quorum</em></span> <span class='ocrx_word' id='word_1_165' title='bbox 657 1374 732 1410; x_wconf 79' lang='lat' dir='ltr'><em>vita</em></span> <span class='ocrx_word' id='word_1_166' title='bbox 768 1376 897 1411; x_wconf 85' lang='lat' dir='ltr'><em>decem</em></span> <span class='ocrx_word' id='word_1_167' title='bbox 931 1375 1105 1411; x_wconf 81' lang='lat' dir='ltr'><em>sensibus</em></span> <span class='ocrx_word' id='word_1_168' title='bbox 1147 1381 1400 1422; x_wconf 82' lang='lat' dir='ltr'><em>sustentatur,</em></span> <span class='ocrx_word' id='word_1_169' title='bbox 1444 1375 1606 1423; x_wconf 81' lang='lat' dir='ltr'><em>quinque</em></span> <span class='ocrx_word' id='word_1_170' title='bbox 1638 1386 1776 1410; x_wconf 87' lang='lat' dir='ltr'><em>carna-</em></span> 
     </span>
    </p>

    <p class='ocr_par' dir='ltr' id='par_1_8' title="bbox 458 1431 1776 1482">
     <span class='ocr_line' id='line_1_21' title="bbox 458 1431 1776 1482; baseline 0.001 -16"><span class='ocrx_word' id='word_1_171' title='bbox 458 1431 556 1467; x_wconf 84' lang='lat' dir='ltr'><em>libus</em></span> <span class='ocrx_word' id='word_1_172' title='bbox 589 1439 624 1467; x_wconf 93' lang='lat' dir='ltr'><em>et</em></span> <span class='ocrx_word' id='word_1_173' title='bbox 654 1433 817 1481; x_wconf 80' lang='lat' dir='ltr'><em>quinque</em></span> <span class='ocrx_word' id='word_1_174' title='bbox 837 1433 1127 1482; x_wconf 84' lang='lat' dir='ltr'><em>spiritualibus;</em></span> <span class='ocrx_word' id='word_1_175' title='bbox 1159 1433 1325 1469; x_wconf 90' lang='lat' dir='ltr'><em>omnium</em></span> <span class='ocrx_word' id='word_1_176' title='bbox 1352 1433 1450 1468; x_wconf 88' lang='lat' dir='ltr'><em>enim</em></span> <span class='ocrx_word' id='word_1_177' title='bbox 1474 1433 1669 1468; x_wconf 85' lang='lat' dir='ltr'><em>hominum</em></span> <span class='ocrx_word' id='word_1_178' title='bbox 1704 1433 1776 1467; x_wconf 86' lang='lat' dir='ltr'><em>due</em></span> 
     </span>
    </p>

    <p class='ocr_par' dir='ltr' id='par_1_9' title="bbox 453 1490 1776 1540">
     <span class='ocr_line' id='line_1_22' title="bbox 453 1490 1776 1540; baseline 0.001 -16"><span class='ocrx_word' id='word_1_179' title='bbox 453 1497 591 1537; x_wconf 88' lang='lat' dir='ltr'><em>partes</em></span> <span class='ocrx_word' id='word_1_180' title='bbox 614 1497 713 1526; x_wconf 87' lang='lat' dir='ltr'><em>sunt.</em></span> <span class='ocrx_word' id='word_1_181' title='bbox 747 1490 824 1527; x_wconf 88' lang='lat' dir='ltr'><em>Aut</em></span> <span class='ocrx_word' id='word_1_182' title='bbox 845 1491 942 1527; x_wconf 87' lang='lat' dir='ltr'><em>enim</em></span> <span class='ocrx_word' id='word_1_183' title='bbox 963 1498 1189 1540; x_wconf 81' lang='lat' dir='ltr'><em>peccatores</em></span> <span class='ocrx_word' id='word_1_184' title='bbox 1211 1498 1299 1527; x_wconf 88' lang='lat' dir='ltr'><em>sunt</em></span> <span class='ocrx_word' id='word_1_185' title='bbox 1319 1498 1386 1526; x_wconf 87' lang='lat' dir='ltr'><em>aut</em></span> <span class='ocrx_word' id='word_1_186' title='bbox 1409 1491 1519 1535; x_wconf 87' lang='lat' dir='ltr'><em>iusti;</em></span> <span class='ocrx_word' id='word_1_187' title='bbox 1548 1497 1776 1539; x_wconf 87' lang='lat' dir='ltr'><em>peccatores</em></span> 
     </span>
    </p>

    <p class='ocr_par' dir='ltr' id='par_1_10' title="bbox 458 1547 1778 1595">
     <span class='ocr_line' id='line_1_23' title="bbox 458 1547 1778 1595; baseline 0.001 -14"><span class='ocrx_word' id='word_1_188' title='bbox 458 1547 521 1595; x_wconf 78' lang='lat' dir='ltr'><em>qui</em></span> <span class='ocrx_word' id='word_1_189' title='bbox 551 1548 760 1583; x_wconf 85' lang='lat' dir='ltr'><em>secundum</em></span> <span class='ocrx_word' id='word_1_190' title='bbox 795 1549 974 1585; x_wconf 89' lang='lat' dir='ltr'><em>carnales</em></span> <span class='ocrx_word' id='word_1_191' title='bbox 1006 1549 1208 1584; x_wconf 86' lang='lat' dir='ltr'><em>ambulant</em></span> <span class='ocrx_word' id='word_1_192' title='bbox 1238 1561 1385 1594; x_wconf 76' lang='lat' dir='ltr'><em>sensus,</em></span> <span class='ocrx_word' id='word_1_193' title='bbox 1431 1548 1522 1584; x_wconf 89' lang='lat' dir='ltr'><em>iusti</em></span> <span class='ocrx_word' id='word_1_194' title='bbox 1551 1555 1677 1584; x_wconf 88' lang='lat' dir='ltr'><em>autem</em></span> <span class='ocrx_word' id='word_1_195' title='bbox 1713 1547 1778 1595; x_wconf 84' lang='lat' dir='ltr'><em>qui</em></span> 
     </span>
    </p>

    <p class='ocr_par' dir='ltr' id='par_1_11' title="bbox 457 1606 1773 1657">
     <span class='ocr_line' id='line_1_24' title="bbox 457 1606 1773 1657; baseline 0 -17"><span class='ocrx_word' id='word_1_196' title='bbox 457 1606 665 1641; x_wconf 83' lang='lat' dir='ltr'><em>secundum</em></span> <span class='ocrx_word' id='word_1_197' title='bbox 705 1606 939 1655; x_wconf 85' lang='lat' dir='ltr'><em>spirituales.</em></span> <span class='ocrx_word' id='word_1_198' title='bbox 986 1607 1102 1657; x_wconf 78' lang='lat' dir='ltr'><em>Ergo</em></span> <span class='ocrx_word' id='word_1_199' title='bbox 1147 1614 1181 1642; x_wconf 88' lang='lat' dir='ltr'><em>et</em></span> <span class='ocrx_word' id='word_1_200' title='bbox 1221 1619 1330 1642; x_wconf 87' lang='lat' dir='ltr'><em>omne</em></span> <span class='ocrx_word' id='word_1_201' title='bbox 1372 1619 1495 1657; x_wconf 75' lang='lat' dir='ltr'><em>genus</em></span> <span class='ocrx_word' id='word_1_202' title='bbox 1520 1613 1773 1655; x_wconf 87' lang='lat' dir='ltr'><em>peccatorum</em></span> 
     </span>
    </p>

    <p class='ocr_par' dir='ltr' id='par_1_12' title="bbox 458 1663 1773 1714">
     <span class='ocr_line' id='line_1_25' title="bbox 458 1663 1773 1714; baseline 0.001 -17"><span class='ocrx_word' id='word_1_203' title='bbox 458 1663 492 1697; x_wconf 85' lang='lat' dir='ltr'><em>in</em></span> <span class='ocrx_word' id='word_1_204' title='bbox 525 1663 688 1712; x_wconf 78' lang='lat' dir='ltr'><em>quinque</em></span> <span class='ocrx_word' id='word_1_205' title='bbox 721 1664 908 1700; x_wconf 83' lang='lat' dir='ltr'><em>dividitur</em></span> <span class='ocrx_word' id='word_1_206' title='bbox 940 1672 976 1700; x_wconf 86' lang='lat' dir='ltr'><em>et</em></span> <span class='ocrx_word' id='word_1_207' title='bbox 1008 1676 1118 1700; x_wconf 88' lang='lat' dir='ltr'><em>omne</em></span> <span class='ocrx_word' id='word_1_208' title='bbox 1149 1676 1273 1714; x_wconf 75' lang='lat' dir='ltr'><em>genus</em></span> <span class='ocrx_word' id='word_1_209' title='bbox 1305 1664 1496 1700; x_wconf 88' lang='lat' dir='ltr'><em>iustorum</em></span> <span class='ocrx_word' id='word_1_210' title='bbox 1530 1664 1566 1699; x_wconf 88' lang='lat' dir='ltr'><em>in</em></span> <span class='ocrx_word' id='word_1_211' title='bbox 1598 1663 1773 1713; x_wconf 82' lang='lat' dir='ltr'><em>quinque,</em></span> 
     </span>
    </p>

    <p class='ocr_par' dir='ltr' id='par_1_13' title="bbox 457 1722 1774 1758">
     <span class='ocr_line' id='line_1_26' title="bbox 457 1722 1774 1758; baseline 0 -2"><span class='ocrx_word' id='word_1_212' title='bbox 457 1722 665 1757; x_wconf 85' lang='lat' dir='ltr'><em>secundum</em></span> <span class='ocrx_word' id='word_1_213' title='bbox 697 1729 824 1758; x_wconf 91' lang='lat' dir='ltr'><em>autem</em></span> <span class='ocrx_word' id='word_1_214' title='bbox 859 1735 1060 1758; x_wconf 86' lang='lat' dir='ltr'><em>numerum</em></span> <span class='ocrx_word' id='word_1_215' title='bbox 1093 1734 1272 1758; x_wconf 82' lang='lat' dir='ltr'><em>sensuum</em></span> <span class='ocrx_word' id='word_1_216' title='bbox 1308 1735 1380 1758; x_wconf 86' lang='lat' dir='ltr'><em>non</em></span> <span class='ocrx_word' id='word_1_217' title='bbox 1413 1722 1620 1758; x_wconf 80' lang='lat' dir='ltr'><em>secundum</em></span> <span class='ocrx_word' id='word_1_218' title='bbox 1645 1733 1774 1756; x_wconf 89' lang='lat' dir='ltr'><em>nume—</em></span> 
     </span>
    </p>

    <p class='ocr_par' dir='ltr' id='par_1_14' title="bbox 461 1779 1773 1830">
     <span class='ocr_line' id='line_1_27' title="bbox 461 1779 1773 1830; baseline 0 -17"><span class='ocrx_word' id='word_1_219' title='bbox 461 1791 547 1814; x_wconf 91' lang='lat' dir='ltr'><em>rum</em></span> <span class='ocrx_word' id='word_1_220' title='bbox 582 1779 791 1815; x_wconf 87' lang='lat' dir='ltr'><em>hominum.</em></span> <span class='ocrx_word' id='word_1_221' title='bbox 826 1780 913 1816; x_wconf 85' lang='lat' dir='ltr'><em>Has</em></span> <span class='ocrx_word' id='word_1_222' title='bbox 937 1780 1110 1830; x_wconf 73' lang='lat' dir='ltr'><em>virgines</em></span> <span class='ocrx_word' id='word_1_223' title='bbox 1136 1780 1365 1816; x_wconf 76' lang='lat' dir='ltr'><em>dividendas</em></span> <span class='ocrx_word' id='word_1_224' title='bbox 1392 1780 1553 1829; x_wconf 86' lang='lat' dir='ltr'><em>profert</em></span> <span class='ocrx_word' id='word_1_225' title='bbox 1581 1779 1773 1823; x_wconf 84' lang='lat' dir='ltr'><em>Christus,</em></span> 
     </span>
    </p>

    <p class='ocr_par' dir='ltr' id='par_1_15' title="bbox 457 1836 1774 1886">
     <span class='ocr_line' id='line_1_28' title="bbox 457 1836 1774 1886; baseline -0.001 -14"><span class='ocrx_word' id='word_1_226' title='bbox 457 1837 608 1884; x_wconf 83' lang='lat' dir='ltr'><em>quando</em></span> <span class='ocrx_word' id='word_1_227' title='bbox 641 1844 675 1872; x_wconf 93' lang='lat' dir='ltr'><em>et</em></span> <span class='ocrx_word' id='word_1_228' title='bbox 707 1838 796 1874; x_wconf 88' lang='lat' dir='ltr'><em>iusti</em></span> <span class='ocrx_word' id='word_1_229' title='bbox 820 1838 866 1873; x_wconf 84' lang='lat' dir='ltr'><em>ab</em></span> <span class='ocrx_word' id='word_1_230' title='bbox 890 1838 1038 1874; x_wconf 87' lang='lat' dir='ltr'><em>iniustis</em></span> <span class='ocrx_word' id='word_1_231' title='bbox 1062 1850 1138 1886; x_wconf 91' lang='lat' dir='ltr'><em>per</em></span> <span class='ocrx_word' id='word_1_232' title='bbox 1169 1839 1325 1873; x_wconf 79' lang='lat' dir='ltr'><em>verbum</em></span> <span class='ocrx_word' id='word_1_233' title='bbox 1350 1838 1427 1873; x_wconf 89' lang='lat' dir='ltr'><em>Dei</em></span> <span class='ocrx_word' id='word_1_234' title='bbox 1446 1844 1535 1873; x_wconf 87' lang='lat' dir='ltr'><em>sunt</em></span> <span class='ocrx_word' id='word_1_235' title='bbox 1567 1836 1774 1882; x_wconf 81' lang='lat' dir='ltr'><em>dividendi,</em></span> 
     </span>
    </p>

    <p class='ocr_par' dir='ltr' id='par_1_16' title="bbox 458 1894 1774 1944">
     <span class='ocr_line' id='line_1_29' title="bbox 458 1894 1774 1944; baseline 0 -15"><span class='ocrx_word' id='word_1_236' title='bbox 458 1902 498 1929; x_wconf 91' lang='lat' dir='ltr'><em>ut</em></span> <span class='ocrx_word' id='word_1_237' title='bbox 529 1895 692 1944; x_wconf 81' lang='lat' dir='ltr'><em>quinque</em></span> <span class='ocrx_word' id='word_1_238' title='bbox 743 1896 894 1944; x_wconf 80' lang='lat' dir='ltr'><em>quidem</em></span> <span class='ocrx_word' id='word_1_239' title='bbox 936 1903 1136 1944; x_wconf 85' lang='lat' dir='ltr'><em>ponantur</em></span> <span class='ocrx_word' id='word_1_240' title='bbox 1168 1896 1220 1936; x_wconf 81' lang='lat' dir='ltr'><em>ad</em></span> <span class='ocrx_word' id='word_1_241' title='bbox 1253 1897 1460 1931; x_wconf 78' lang='lat' dir='ltr'><em>dexteram</em></span> <span class='ocrx_word' id='word_1_242' title='bbox 1506 1894 1596 1930; x_wconf 89' lang='lat' dir='ltr'><em>iusti</em></span> <span class='ocrx_word' id='word_1_243' title='bbox 1627 1894 1774 1937; x_wconf 85' lang='lat' dir='ltr'><em>iudicis,</em></span> 
     </span>
    </p>

    <p class='ocr_par' dir='ltr' id='par_1_17' title="bbox 458 1952 1774 2002">
     <span class='ocr_line' id='line_1_30' title="bbox 458 1952 1774 2002; baseline -0.001 -14"><span class='ocrx_word' id='word_1_244' title='bbox 458 1952 529 1988; x_wconf 81' lang='lat' dir='ltr'><em>hoc</em></span> <span class='ocrx_word' id='word_1_245' title='bbox 562 1960 617 1989; x_wconf 90' lang='lat' dir='ltr'><em>est</em></span> <span class='ocrx_word' id='word_1_246' title='bbox 637 1953 841 2002; x_wconf 85' lang='lat' dir='ltr'><em>sapientes,</em></span> <span class='ocrx_word' id='word_1_247' title='bbox 875 1954 1037 2002; x_wconf 79' lang='lat' dir='ltr'><em>quinque</em></span> <span class='ocrx_word' id='word_1_248' title='bbox 1066 1961 1191 1989; x_wconf 90' lang='lat' dir='ltr'><em>autem</em></span> <span class='ocrx_word' id='word_1_249' title='bbox 1226 1954 1278 1989; x_wconf 80' lang='lat' dir='ltr'><em>ad</em></span> <span class='ocrx_word' id='word_1_250' title='bbox 1309 1953 1520 1998; x_wconf 86' lang='lat' dir='ltr'><em>sinistram,</em></span> <span class='ocrx_word' id='word_1_251' title='bbox 1554 1952 1594 1988; x_wconf 82' lang='lat' dir='ltr'><em>id</em></span> <span class='ocrx_word' id='word_1_252' title='bbox 1625 1959 1681 1988; x_wconf 91' lang='lat' dir='ltr'><em>est</em></span> <span class='ocrx_word' id='word_1_253' title='bbox 1703 1952 1774 2000; x_wconf 89' lang='lat' dir='ltr'><em>fa-</em></span> 
     </span>
    </p>

    <p class='ocr_par' dir='ltr' id='par_1_18' title="bbox 457 2010 1774 2060">
     <span class='ocr_line' id='line_1_31' title="bbox 457 2010 1774 2060; baseline 0 -15"><span class='ocrx_word' id='word_1_254' title='bbox 457 2017 529 2046; x_wconf 93' lang='lat' dir='ltr'><em>tue.</em></span> <span class='ocrx_word' id='word_1_255' title='bbox 576 2010 792 2047; x_wconf 85' lang='lat' dir='ltr'><em>Secundum</em></span> <span class='ocrx_word' id='word_1_256' title='bbox 839 2018 964 2047; x_wconf 89' lang='lat' dir='ltr'><em>autem</em></span> <span class='ocrx_word' id='word_1_257' title='bbox 998 2011 1195 2047; x_wconf 87' lang='lat' dir='ltr'><em>consimile</em></span> <span class='ocrx_word' id='word_1_258' title='bbox 1228 2011 1442 2047; x_wconf 88' lang='lat' dir='ltr'><em>misterium</em></span> <span class='ocrx_word' id='word_1_259' title='bbox 1489 2017 1566 2046; x_wconf 86' lang='lat' dir='ltr'><em>est.-</em></span> <span class='ocrx_word' id='word_1_260' title='bbox 1609 2010 1774 2060; x_wconf 77' lang='lat' dir='ltr'><em>Moyses</em></span> 
     </span>
    </p>

    <p class='ocr_par' dir='ltr' id='par_1_19' title="bbox 457 2067 1774 2119">
     <span class='ocr_line' id='line_1_32' title="bbox 457 2067 1774 2119; baseline -0.001 -16"><span class='ocrx_word' id='word_1_261' title='bbox 457 2068 492 2103; x_wconf 90' lang='lat' dir='ltr'><em>in</em></span> <span class='ocrx_word' id='word_1_262' title='bbox 528 2069 674 2104; x_wconf 81' lang='lat' dir='ltr'><em>duabus</em></span> <span class='ocrx_word' id='word_1_263' title='bbox 697 2069 838 2105; x_wconf 82' lang='lat' dir='ltr'><em>tabulis</em></span> <span class='ocrx_word' id='word_1_264' title='bbox 861 2069 986 2119; x_wconf 78' lang='lat' dir='ltr'><em>legem</em></span> <span class='ocrx_word' id='word_1_265' title='bbox 1009 2069 1175 2118; x_wconf 66' lang='lat' dir='ltr'><em>suscepit</em></span> <span class='ocrx_word' id='word_1_266' title='bbox 1199 2070 1327 2104; x_wconf 85' lang='lat' dir='ltr'><em>a&#39;ecem</em></span> <span class='ocrx_word' id='word_1_267' title='bbox 1352 2069 1582 2112; x_wconf 75' lang='lat' dir='ltr'><em>verborum5</em></span> <span class='ocrx_word' id='word_1_268' title='bbox 1613 2067 1774 2116; x_wconf 81' lang='lat' dir='ltr'><em>quinque</em></span> 
     </span>
    </p>

    <p class='ocr_par' dir='ltr' id='par_1_20' title="bbox 457 2125 1772 2175">
     <span class='ocr_line' id='line_1_33' title="bbox 457 2125 1772 2175; baseline 0.002 -15"><span class='ocrx_word' id='word_1_269' title='bbox 457 2126 607 2173; x_wconf 81' lang='lat' dir='ltr'><em>quidem</em></span> <span class='ocrx_word' id='word_1_270' title='bbox 641 2127 826 2162; x_wconf 83' lang='lat' dir='ltr'><em>mandata</em></span> <span class='ocrx_word' id='word_1_271' title='bbox 859 2127 895 2162; x_wconf 85' lang='lat' dir='ltr'><em>in</em></span> <span class='ocrx_word' id='word_1_272' title='bbox 928 2127 1059 2163; x_wconf 86' lang='lat' dir='ltr'><em>tabula</em></span> <span class='ocrx_word' id='word_1_273' title='bbox 1093 2140 1179 2173; x_wconf 88' lang='lat' dir='ltr'><em>una,</em></span> <span class='ocrx_word' id='word_1_274' title='bbox 1218 2127 1381 2175; x_wconf 78' lang='lat' dir='ltr'><em>quinque</em></span> <span class='ocrx_word' id='word_1_275' title='bbox 1412 2133 1538 2162; x_wconf 88' lang='lat' dir='ltr'><em>autem</em></span> <span class='ocrx_word' id='word_1_276' title='bbox 1573 2125 1609 2161; x_wconf 91' lang='lat' dir='ltr'><em>in</em></span> <span class='ocrx_word' id='word_1_277' title='bbox 1642 2125 1772 2163; x_wconf 81' lang='lat' dir='ltr'><em>tabula</em></span> 
     </span>
    </p>

    <p class='ocr_par' dir='ltr' id='par_1_21' title="bbox 456 2183 1771 2234">
     <span class='ocr_line' id='line_1_34' title="bbox 456 2183 1771 2234; baseline -0.001 -16"><span class='ocrx_word' id='word_1_278' title='bbox 456 2183 595 2220; x_wconf 87' lang='lat' dir='ltr'><em>altera.</em></span> <span class='ocrx_word' id='word_1_279' title='bbox 643 2185 685 2220; x_wconf 87' lang='lat' dir='ltr'><em>Si</em></span> <span class='ocrx_word' id='word_1_280' title='bbox 715 2196 812 2234; x_wconf 74' lang='lat' dir='ltr'><em>ergo</em></span> <span class='ocrx_word' id='word_1_281' title='bbox 858 2185 985 2220; x_wconf 85' lang='lat' dir='ltr'><em>tabule</em></span> <span class='ocrx_word' id='word_1_282' title='bbox 1028 2185 1246 2221; x_wconf 87' lang='lat' dir='ltr'><em>testamenti</em></span> <span class='ocrx_word' id='word_1_283' title='bbox 1288 2184 1391 2220; x_wconf 91' lang='lat' dir='ltr'><em>illius</em></span> <span class='ocrx_word' id='word_1_284' title='bbox 1423 2184 1459 2219; x_wconf 87' lang='lat' dir='ltr'><em>in</em></span> <span class='ocrx_word' id='word_1_285' title='bbox 1502 2196 1575 2219; x_wconf 89' lang='lat' dir='ltr'><em>uno</em></span> <span class='ocrx_word' id='word_1_286' title='bbox 1620 2183 1771 2231; x_wconf 84' lang='lat' dir='ltr'><em>quidem</em></span> 
     </span>
    </p>
   </div>
   <div class='ocr_carea' id='block_1_3' title="bbox 457 2241 1772 2292">
    <p class='ocr_par' dir='ltr' id='par_1_22' title="bbox 457 2241 1772 2292">
     <span class='ocr_line' id='line_1_35' title="bbox 457 2241 1772 2292; baseline 0 -17"><span class='ocrx_word' id='word_1_287' title='bbox 457 2241 655 2288; x_wconf 80' lang='lat' dir='ltr'><em>herebant,</em></span> <span class='ocrx_word' id='word_1_288' title='bbox 689 2250 816 2278; x_wconf 90' lang='lat' dir='ltr'><em>tamen</em></span> <span class='ocrx_word' id='word_1_289' title='bbox 850 2255 922 2278; x_wconf 87' lang='lat' dir='ltr'><em>non</em></span> <span class='ocrx_word' id='word_1_290' title='bbox 942 2250 1100 2291; x_wconf 87' lang='lat' dir='ltr'><em>poterat</em></span> <span class='ocrx_word' id='word_1_291' title='bbox 1121 2242 1220 2292; x_wconf 90' lang='lat' dir='ltr'><em>fieri</em></span> <span class='ocrx_word' id='word_1_292' title='bbox 1242 2249 1280 2277; x_wconf 93' lang='lat' dir='ltr'><em>ut</em></span> <span class='ocrx_word' id='word_1_293' title='bbox 1304 2242 1413 2278; x_wconf 82' lang='lat' dir='ltr'><em>ambe</em></span> <span class='ocrx_word' id='word_1_294' title='bbox 1433 2242 1581 2291; x_wconf 88' lang='lat' dir='ltr'><em>fierent</em></span> <span class='ocrx_word' id='word_1_295' title='bbox 1603 2241 1655 2276; x_wconf 87' lang='lat' dir='ltr'><em>aa&#39;</em></span> <span class='ocrx_word' id='word_1_296' title='bbox 1678 2241 1772 2276; x_wconf 79' lang='lat' dir='ltr'><em>dex-</em></span> 
     </span>
    </p>
   </div>
   <div class='ocr_carea' id='block_1_4' title="bbox 1795 868 1832 888">
    <p class='ocr_par' dir='ltr' id='par_1_23' title="bbox 1795 868 1832 888">
     <span class='ocr_line' id='line_1_36' title="bbox 1795 868 1832 888; baseline 0 0"><span class='ocrx_word' id='word_1_297' title='bbox 1795 868 1832 888; x_wconf 90' lang='lat'><em>10</em></span> 
     </span>
    </p>
   </div>
   <div class='ocr_carea' id='block_1_5' title="bbox 1817 926 1884 958">
    <p class='ocr_par' dir='ltr' id='par_1_24' title="bbox 1817 926 1884 958">
     <span class='ocr_line' id='line_1_37' title="bbox 1817 926 1884 958; baseline 0.015 -1"><span class='ocrx_word' id='word_1_298' title='bbox 1817 926 1884 958; x_wconf 87' lang='lat'><em>427</em></span> 
     </span>
    </p>
   </div>
   <div class='ocr_carea' id='block_1_6' title="bbox 1796 1147 1831 1179">
    <p class='ocr_par' dir='ltr' id='par_1_25' title="bbox 1796 1147 1831 1179">
     <span class='ocr_line' id='line_1_38' title="bbox 1796 1147 1831 1179; baseline 0.029 -1"><span class='ocrx_word' id='word_1_299' title='bbox 1796 1147 1831 1179; x_wconf 77' lang='lat'><em>15</em></span> 
     </span>
    </p>
   </div>
   <div class='ocr_carea' id='block_1_7' title="bbox 1793 1446 1833 1467">
    <p class='ocr_par' dir='ltr' id='par_1_26' title="bbox 1793 1446 1833 1467">
     <span class='ocr_line' id='line_1_39' title="bbox 1793 1446 1833 1467; baseline 0 0"><span class='ocrx_word' id='word_1_300' title='bbox 1793 1446 1833 1467; x_wconf 89' lang='lat'><em>20</em></span> 
     </span>
    </p>
   </div>
   <div class='ocr_carea' id='block_1_8' title="bbox 1792 1725 1831 1756">
    <p class='ocr_par' dir='ltr' id='par_1_27' title="bbox 1792 1725 1831 1756">
     <span class='ocr_line' id='line_1_40' title="bbox 1792 1725 1831 1756; baseline 0.026 -1"><span class='ocrx_word' id='word_1_301' title='bbox 1792 1725 1831 1756; x_wconf 79' lang='lat'><em>25</em></span> 
     </span>
    </p>
   </div>
   <div class='ocr_carea' id='block_1_9' title="bbox 456 2299 1826 2349">
    <p class='ocr_par' dir='ltr' id='par_1_28' title="bbox 456 2299 1826 2349">
     <span class='ocr_line' id='line_1_41' title="bbox 456 2299 1826 2349; baseline 0 -16"><span class='ocrx_word' id='word_1_302' title='bbox 456 2306 581 2334; x_wconf 88' lang='lat' dir='ltr'><em>teram</em></span> <span class='ocrx_word' id='word_1_303' title='bbox 606 2300 782 2349; x_wconf 77' lang='lat' dir='ltr'><em>legenti&#39;S,</em></span> <span class='ocrx_word' id='word_1_304' title='bbox 815 2301 884 2336; x_wconf 83' lang='lat' dir='ltr'><em>sea’</em></span> <span class='ocrx_word' id='word_1_305' title='bbox 916 2312 1068 2336; x_wconf 89' lang='lat' dir='ltr'><em>necesse</em></span> <span class='ocrx_word' id='word_1_306' title='bbox 1101 2307 1185 2335; x_wconf 88' lang='lat' dir='ltr'><em>erat</em></span> <span class='ocrx_word' id='word_1_307' title='bbox 1208 2308 1246 2335; x_wconf 86' lang='lat' dir='ltr'><em>ut</em></span> <span class='ocrx_word' id='word_1_308' title='bbox 1275 2312 1349 2335; x_wconf 88' lang='lat' dir='ltr'><em>una</em></span> <span class='ocrx_word' id='word_1_309' title='bbox 1373 2312 1457 2335; x_wconf 90' lang='lat' dir='ltr'><em>cum</em></span> <span class='ocrx_word' id='word_1_310' title='bbox 1482 2299 1644 2347; x_wconf 81' lang='lat' dir='ltr'><em>quinque</em></span> <span class='ocrx_word' id='word_1_311' title='bbox 1676 2305 1770 2334; x_wconf 89' lang='lat' dir='ltr'><em>esset</em></span> <span class='ocrx_word' id='word_1_312' title='bbox 1789 2301 1826 2334; x_wconf 79' lang='lat'><em>35</em></span> 
     </span>
    </p>
   </div>
   <div class='ocr_carea' id='block_1_10' title="bbox 456 2356 1772 2578">
    <p class='ocr_par' dir='ltr' id='par_1_29' title="bbox 456 2356 1772 2578">
     <span class='ocr_line' id='line_1_42' title="bbox 457 2356 1772 2406; baseline -0.001 -14"><span class='ocrx_word' id='word_1_313' title='bbox 457 2357 508 2391; x_wconf 83' lang='lat' dir='ltr'><em>ad</em></span> <span class='ocrx_word' id='word_1_314' title='bbox 540 2358 759 2402; x_wconf 80' lang='lat' dir='ltr'><em>dexteram,</em></span> <span class='ocrx_word' id='word_1_315' title='bbox 805 2358 931 2393; x_wconf 89' lang='lat' dir='ltr'><em>altera</em></span> <span class='ocrx_word' id='word_1_316' title='bbox 975 2365 1101 2393; x_wconf 89' lang='lat' dir='ltr'><em>autem</em></span> <span class='ocrx_word' id='word_1_317' title='bbox 1141 2370 1224 2394; x_wconf 86' lang='lat' dir='ltr'><em>cum</em></span> <span class='ocrx_word' id='word_1_318' title='bbox 1260 2358 1421 2406; x_wconf 82' lang='lat' dir='ltr'><em>quinque</em></span> <span class='ocrx_word' id='word_1_319' title='bbox 1465 2356 1552 2392; x_wconf 88' lang='lat' dir='ltr'><em>aliis</em></span> <span class='ocrx_word' id='word_1_320' title='bbox 1590 2363 1688 2392; x_wconf 88' lang='lat' dir='ltr'><em>esset</em></span> <span class='ocrx_word' id='word_1_321' title='bbox 1720 2356 1772 2391; x_wconf 85' lang='lat' dir='ltr'><em>ad</em></span> 
     </span>
     <span class='ocr_line' id='line_1_43' title="bbox 456 2413 1769 2452; baseline 0 -4"><span class='ocrx_word' id='word_1_322' title='bbox 456 2414 668 2451; x_wconf 87' lang='lat' dir='ltr'><em>sinistram.</em></span> <span class='ocrx_word' id='word_1_323' title='bbox 705 2416 766 2451; x_wconf 87' lang='lat' dir='ltr'><em>Sic</em></span> <span class='ocrx_word' id='word_1_324' title='bbox 789 2428 920 2452; x_wconf 86' lang='lat' dir='ltr'><em>omnes</em></span> <span class='ocrx_word' id='word_1_325' title='bbox 943 2416 1149 2451; x_wconf 83' lang='lat' dir='ltr'><em>christiani</em></span> <span class='ocrx_word' id='word_1_326' title='bbox 1179 2415 1214 2451; x_wconf 87' lang='lat' dir='ltr'><em>in</em></span> <span class='ocrx_word' id='word_1_327' title='bbox 1238 2428 1311 2450; x_wconf 88' lang='lat' dir='ltr'><em>una</em></span> <span class='ocrx_word' id='word_1_328' title='bbox 1345 2422 1522 2451; x_wconf 85' lang='lat' dir='ltr'><em>tenentur</em></span> <span class='ocrx_word' id='word_1_329' title='bbox 1555 2413 1769 2450; x_wconf 80' lang='lat' dir='ltr'><em>vocacione.</em></span> 
     </span>
     <span class='ocr_line' id='line_1_44' title="bbox 457 2472 1770 2522; baseline 0.001 -16"><span class='ocrx_word' id='word_1_330' title='bbox 457 2472 542 2507; x_wconf 89' lang='lat' dir='ltr'><em>Non</em></span> <span class='ocrx_word' id='word_1_331' title='bbox 576 2480 631 2508; x_wconf 88' lang='lat' dir='ltr'><em>est</em></span> <span class='ocrx_word' id='word_1_332' title='bbox 660 2481 786 2509; x_wconf 87' lang='lat' dir='ltr'><em>autem</em></span> <span class='ocrx_word' id='word_1_333' title='bbox 807 2474 1002 2522; x_wconf 85' lang='lat' dir='ltr'><em>possibile,</em></span> <span class='ocrx_word' id='word_1_334' title='bbox 1037 2481 1075 2508; x_wconf 92' lang='lat' dir='ltr'><em>ut</em></span> <span class='ocrx_word' id='word_1_335' title='bbox 1108 2485 1238 2509; x_wconf 89' lang='lat' dir='ltr'><em>omnes</em></span> <span class='ocrx_word' id='word_1_336' title='bbox 1259 2472 1363 2522; x_wconf 87' lang='lat' dir='ltr'><em>fiant</em></span> <span class='ocrx_word' id='word_1_337' title='bbox 1395 2473 1446 2507; x_wconf 85' lang='lat' dir='ltr'><em>aa&#39;</em></span> <span class='ocrx_word' id='word_1_338' title='bbox 1479 2472 1681 2508; x_wconf 82' lang='lat' dir='ltr'><em>dexteram</em></span> <span class='ocrx_word' id='word_1_339' title='bbox 1714 2483 1770 2507; x_wconf 88' lang='lat' dir='ltr'><em>se-</em></span> 
     </span>
     <span class='ocr_line' id='line_1_45' title="bbox 458 2530 1768 2578; baseline 0 -14"><span class='ocrx_word' id='word_1_340' title='bbox 458 2530 602 2574; x_wconf 83' lang='lat' dir='ltr'><em>dentis;</em></span> <span class='ocrx_word' id='word_1_341' title='bbox 652 2532 720 2566; x_wconf 80' lang='lat' dir='ltr'><em>sed</em></span> <span class='ocrx_word' id='word_1_342' title='bbox 763 2543 913 2566; x_wconf 86' lang='lat' dir='ltr'><em>necesse</em></span> <span class='ocrx_word' id='word_1_343' title='bbox 946 2539 1012 2577; x_wconf 85' lang='lat' dir='ltr'><em>est,</em></span> <span class='ocrx_word' id='word_1_344' title='bbox 1059 2539 1098 2566; x_wconf 88' lang='lat' dir='ltr'><em>ut</em></span> <span class='ocrx_word' id='word_1_345' title='bbox 1146 2531 1235 2566; x_wconf 84' lang='lat' dir='ltr'><em>iusti</em></span> <span class='ocrx_word' id='word_1_346' title='bbox 1265 2531 1415 2578; x_wconf 81' lang='lat' dir='ltr'><em>quidem</em></span> <span class='ocrx_word' id='word_1_347' title='bbox 1469 2530 1520 2565; x_wconf 83' lang='lat' dir='ltr'><em>ad</em></span> <span class='ocrx_word' id='word_1_348' title='bbox 1565 2530 1768 2565; x_wconf 84' lang='lat' dir='ltr'><em>dexteram</em></span> 
     </span>
    </p>
   </div>
   <div class='ocr_carea' id='block_1_11' title="bbox 454 2778 1767 2877">
    <p class='ocr_par' dir='ltr' id='par_1_30' title="bbox 454 2778 1767 2877">
     <span class='ocr_line' id='line_1_46' title="bbox 526 2778 1767 2815; baseline -0.002 -8"><span class='ocrx_word' id='word_1_349' title='bbox 526 2779 550 2807; x_wconf 74' lang='lat'><em>3.</em></span> <span class='ocrx_word' id='word_1_350' title='bbox 571 2782 612 2808; x_wconf 84' lang='lat' dir='ltr'><em>A:</em></span> <span class='ocrx_word' id='word_1_351' title='bbox 636 2781 690 2808; x_wconf 80' lang='lat' dir='ltr'><em>sed</em></span> <span class='ocrx_word' id='word_1_352' title='bbox 708 2790 784 2808; x_wconf 84' lang='lat' dir='ltr'><em>cum.</em></span> <span class='ocrx_word' id='word_1_353' title='bbox 883 2790 923 2815; x_wconf 82' lang='lat'><em>14.</em></span> <span class='ocrx_word' id='word_1_354' title='bbox 946 2782 989 2808; x_wconf 88' lang='lat' dir='ltr'><em>A:</em></span> <span class='ocrx_word' id='word_1_355' title='bbox 1012 2781 1253 2815; x_wconf 81' lang='lat' dir='ltr'><em>concupiscimus</em></span> <span class='ocrx_word' id='word_1_356' title='bbox 1272 2781 1305 2807; x_wconf 81' lang='lat' dir='ltr'><em>id</em></span> <span class='ocrx_word' id='word_1_357' title='bbox 1345 2781 1414 2807; x_wconf 84' lang='lat' dir='ltr'><em>uod.</em></span> <span class='ocrx_word' id='word_1_358' title='bbox 1496 2778 1613 2807; x_wconf 81' lang='lat'><em>25—26.</em></span> <span class='ocrx_word' id='word_1_359' title='bbox 1635 2780 1679 2806; x_wconf 89' lang='lat' dir='ltr'><em>A:</em></span> <span class='ocrx_word' id='word_1_360' title='bbox 1700 2787 1767 2806; x_wconf 85' lang='lat' dir='ltr'><em>sen-</em></span> 
     </span>
     <span class='ocr_line' id='line_1_47' title="bbox 454 2814 1766 2852; baseline -0.002 -11"><span class='ocrx_word' id='word_1_361' title='bbox 454 2823 750 2843; x_wconf 80' lang='lat' dir='ltr'><em>suum—numerum</em></span> <span class='ocrx_word' id='word_1_362' title='bbox 770 2817 863 2843; x_wconf 82' lang='lat' dir='ltr'><em>deest.</em></span> <span class='ocrx_word' id='word_1_363' title='bbox 938 2815 979 2842; x_wconf 83' lang='lat'><em>33.</em></span> <span class='ocrx_word' id='word_1_364' title='bbox 1001 2817 1044 2842; x_wconf 85' lang='lat' dir='ltr'><em>A:</em></span> <span class='ocrx_word' id='word_1_365' title='bbox 1066 2816 1094 2842; x_wconf 85' lang='lat' dir='ltr'><em>si</em></span> <span class='ocrx_word' id='word_1_366' title='bbox 1111 2824 1198 2852; x_wconf 75' lang='lat' dir='ltr'><em>ergo.</em></span> <span class='ocrx_word' id='word_1_367' title='bbox 1254 2814 1322 2842; x_wconf 63' lang='grc'><em>35»-</em></span> <span class='ocrx_word' id='word_1_368' title='bbox 1342 2815 1370 2842; x_wconf 82' lang='grc'><em>6.</em></span> <span class='ocrx_word' id='word_1_369' title='bbox 1391 2815 1435 2842; x_wconf 84' lang='lat' dir='ltr'><em>A:</em></span> <span class='ocrx_word' id='word_1_370' title='bbox 1458 2818 1548 2841; x_wconf 86' lang='lat' dir='ltr'><em>erant</em></span> <span class='ocrx_word' id='word_1_371' title='bbox 1567 2814 1597 2840; x_wconf 84' lang='lat' dir='ltr'><em>in</em></span> <span class='ocrx_word' id='word_1_372' title='bbox 1619 2821 1680 2840; x_wconf 81' lang='lat' dir='ltr'><em>una</em></span> <span class='ocrx_word' id='word_1_373' title='bbox 1702 2834 1707 2839; x_wconf 90' lang='lat'><em>.</em></span> <span class='ocrx_word' id='word_1_374' title='bbox 1731 2835 1737 2840; x_wconf 94' lang='lat'><em>.</em></span> <span class='ocrx_word' id='word_1_375' title='bbox 1760 2834 1766 2839; x_wconf 93' lang='lat'><em>.</em></span> 
     </span>
     <span class='ocr_line' id='line_1_48' title="bbox 454 2849 1269 2877; baseline 0 -1"><span class='ocrx_word' id='word_1_376' title='bbox 454 2853 553 2876; x_wconf 75' lang='lat' dir='ltr'><em>essent</em></span> <span class='ocrx_word' id='word_1_377' title='bbox 574 2871 578 2875; x_wconf 87' lang='lat'><em>.</em></span> <span class='ocrx_word' id='word_1_378' title='bbox 602 2872 607 2877; x_wconf 87' lang='lat'><em>.</em></span> <span class='ocrx_word' id='word_1_379' title='bbox 631 2871 636 2876; x_wconf 94' lang='lat'><em>.</em></span> <span class='ocrx_word' id='word_1_380' title='bbox 658 2853 768 2877; x_wconf 84' lang='lat' dir='ltr'><em>essent.</em></span> <span class='ocrx_word' id='word_1_381' title='bbox 870 2850 914 2877; x_wconf 65' lang='lat'><em>38.</em></span> <span class='ocrx_word' id='word_1_382' title='bbox 938 2852 981 2877; x_wconf 77' lang='lat' dir='ltr'><em>A:</em></span> <span class='ocrx_word' id='word_1_383' title='bbox 1003 2849 1073 2877; x_wconf 85' lang='lat' dir='ltr'><em>Non</em></span> <span class='ocrx_word' id='word_1_384' title='bbox 1094 2853 1194 2877; x_wconf 81' lang='lat' dir='ltr'><em>tamen</em></span> <span class='ocrx_word' id='word_1_385' title='bbox 1215 2853 1269 2877; x_wconf 84' lang='lat' dir='ltr'><em>est.</em></span> 
     </span>
    </p>
   </div>
  </div>
 </body>
</html>
