1986 3289
182 221 272 249 CAP.
294 214 374 259 XII-1
573 221 632 252 DE
659 219 973 251 ANTICHRisTo
1003 219 1084 250 ΜΒ.
1113 219 1150 249 11.

182 337 314 377 partes
334 327 452 363 simul
476 326 693 362 calefacere
728 334 765 361 et
798 325 1042 373 frigefacere,
1078 325 1133 361 sic
1168 324 1364 372 contingit
1388 325 1492 360 idem

182 387 300 423 simul
345 398 428 421 esse
463 384 634 420 calidum
673 393 709 420 et
742 383 931 431 frigidum
966 385 1101 431 quoad
1134 383 1234 421 illas.
1288 383 1352 419 Sic
1386 382 1491 418 enim

182 453 239 481 est
273 444 376 479 idem
413 444 535 478 homo
569 442 687 478 simul
720 441 873 478 calidus
908 450 945 477 ct
978 441 1158 488 frigidus,
1213 453 1332 477 sanus
1367 450 1403 476 et
1438 440 1494 476 in-

183 502 335 547 firmus,
382 509 424 536 ut
469 509 668 536 noverunt
703 499 966 546 metaphysici
1014 499 1137 535 libere
1172 508 1208 534 et
1241 498 1495 546 impugnabi-

150 559 273 595 §liter
305 559 591 606 colloquentes.

241 617 426 653 Secundo
472 617 592 651 modo
638 614 833 662 contingit
884 613 989 650 idem
1037 615 1259 650 secundum
1313 613 1495 650 raciones

183 674 361 722 dispares
415 675 562 709 habere
608 671 961 708 denominaciones
1016 671 1238 708 contrarias
1291 681 1335 707 ut
1388 672 1492 707 idem

184 734 304 768 homo
336 732 555 767 secundum
591 729 774 778 spiritum
821 738 878 765 est
917 729 1193 778 incorporeus,
1239 730 1494 775 immortalis,

183 799 220 826 et
264 790 485 825 secundum
532 797 719 824 naturam
766 794 1002 835 corpoream
1050 797 1107 824 est
1152 787 1424 835 corruptibilis
1459 796 1496 823 et

130 862 166 882 ιο
184 847 383 892 mortalis3
438 855 474 882 et
508 847 576 881 illo
610 847 731 881 modo
765 857 858 893 sepe
890 857 981 881 vere
1022 845 1117 882 dicit
1151 845 1351 893 scriptura
1386 846 1495 893 quod

183 906 304 941 homo
338 913 395 940 est
428 904 603 952 spiritus,
652 912 688 939 et
721 902 815 939 alibi
860 903 945 939 sine
979 902 1060 939 eius
1093 903 1366 951 repugnancia
1399 903 1495 939 dicit

183 964 290 1011 quod
324 963 463 998 eadem
489 973 662 1009 persona
695 960 870 996 hominis
905 970 962 997 est
995 960 1194 997 sensibilis
1229 969 1265 996 et
1299 960 1494 997 mortalis.

238 1018 383 1056 Tercio
426 1032 520 1055 vero
566 1020 686 1055 modo
718 1018 876 1054 videtur
909 1018 986 1054 dici
1021 1018 1223 1055 contraria
1257 1020 1304 1054 de
1338 1020 1493 1063 eodem,

184 1079 277 1113 dum
311 1077 430 1114 fuerit
474 1076 688 1124 disparitas
734 1076 922 1123 racionis,
968 1085 1011 1112 ut
1055 1076 1283 1113 subtiliores
1316 1076 1493 1123 theologi

131 1136 321 1172 15dicunt
353 1136 462 1183 quod
498 1137 603 1170 Deus
636 1134 717 1169 vult
762 1143 972 1181 peccatum
1007 1136 1227 1170 secundum
1263 1146 1345 1170 esse
1378 1146 1491 1170 suum

182 1194 401 1229 secundum
436 1194 511 1228 hoc
544 1201 587 1228 ut
619 1201 829 1239 peccatum
863 1191 1048 1240 proficiat
1081 1201 1118 1228 et
1152 1204 1242 1228 cum
1275 1194 1382 1227 Deus
1414 1204 1496 1227 non

182 1252 264 1286 vult
297 1250 395 1286 illud
429 1258 637 1297 peccatum
672 1251 892 1286 secundum
929 1262 1011 1286 esse
1045 1263 1160 1286 suum
1194 1250 1384 1298 primum,
1420 1251 1495 1285 hoc

184 1317 253 1355 est,
299 1321 379 1344 non
410 1308 492 1343 vult
537 1316 578 1343 ut
612 1317 795 1343 creatura
839 1317 990 1356 peccet,
1037 1317 1074 1344 et
1118 1308 1174 1344 sic
1208 1321 1296 1344 cum
1331 1320 1413 1344 non
1446 1307 1494 1343 sit

184 1366 224 1402 in
257 1365 459 1414 equivocis
507 1365 793 1405 contradiccio,
840 1374 950 1413 patet
983 1367 1090 1414 quod
1136 1379 1216 1402 non
1262 1374 1319 1402 est
1352 1377 1495 1413 repug-

127 1438 168 1459 20
183 1424 325 1460 nancia
360 1424 399 1459 in
431 1424 561 1459 verbis
607 1423 805 1471 scripture
838 1424 953 1460 dictis
993 1425 1041 1460 de
1075 1423 1240 1459 domino
1274 1424 1492 1459 secundum

184 1481 434 1518 divinitatem
483 1494 592 1517 suan]
642 1493 686 1517 ac
732 1481 1028 1517 humanitatem
1067 1491 1111 1517 ut
1156 1481 1292 1517 omnia
1326 1480 1496 1529 positiva

185 1552 260 1587 que
294 1539 536 1575 humanitati
570 1539 718 1575 Christi
764 1548 1038 1575 convenerunt
1071 1548 1163 1575 sunt
1204 1540 1251 1574 de
1284 1538 1370 1586 ipso
1404 1538 1496 1574 sim-

184 1596 341 1645 pliciter
374 1597 646 1633 concedenda.
697 1597 845 1634 Omnia
879 1597 1004 1634 eciam
1044 1596 1215 1644 positiva
1249 1609 1325 1644 que
1358 1595 1496 1631 divini-

184 1655 256 1691 tati
295 1666 363 1690 sue
409 1663 570 1702 excepta
605 1654 807 1701 personali
852 1654 1099 1702 proprietate
1132 1653 1375 1690 conveniunt
1408 1663 1498 1689 sunt

128 1715 167 1747 25
185 1713 232 1748 de
266 1711 351 1760 ipso
376 1711 502 1748 eciam
537 1714 808 1758 concedenda,
844 1722 886 1748 ut
910 1712 1145 1749 conceditur
1169 1711 1366 1748 catholice
1389 1712 1497 1759 quod

187 1770 279 1806 licet
304 1769 484 1806 Christus
509 1771 702 1805 mundum
734 1770 926 1806 creaverit
958 1779 995 1807 et
1025 1770 1074 1806 sit
1108 1780 1280 1816 eternus⁷
1314 1769 1406 1817 quia
1441 1769 1497 1804 di-

184 1827 329 1864 vinitus
362 1827 460 1875 ipse,
496 1827 601 1863 idem
635 1836 770 1864 tamen
804 1828 985 1864 Christus
1018 1836 1076 1864 est
1109 1836 1265 1864 creatus
1298 1826 1497 1863 sensibilis

185 1895 221 1922 et
255 1885 448 1931 mortalis,
484 1885 577 1933 quia
610 1887 832 1921 secundum
873 1886 956 1922 eius
990 1885 1284 1922 humanitatem
1318 1898 1391 1933 pro
1425 1897 1495 1920 suo

183 1952 377 1990 tempore.

128 2004 169 2034 30
242 2002 491 2037 Erubescant
536 2000 655 2049 igitur
709 2000 896 2049 discipuli
931 2000 1168 2037 Antichristi
1215 2013 1304 2036 cum
1346 2000 1401 2036 sic
1434 2012 1495 2036 ar-

185 2067 330 2106 guunt:
366 2058 547 2094 Christus
581 2071 661 2094 non
695 2068 751 2094 est
775 2058 988 2105 sensibilis,
1022 2058 1220 2106 partibilis
1251 2059 1311 2094 vel
1335 2057 1495 2093 mobilis

183 2117 402 2152 secundum
439 2116 704 2162 divinitatem,
738 2129 832 2164 ergo
867 2116 1048 2152 Christus
1080 2129 1161 2152 non
1194 2125 1250 2152 est
1282 2115 1494 2161 sensibilis,

184 2173 382 2221 partibilis
415 2175 475 2210 vel
510 2174 667 2210 mobilis
700 2175 839 2222 quovis
874 2176 1014 2219 mod03
1067 2174 1169 2210 sicut
1218 2173 1323 2209 enim
1358 2173 1494 2209 fideles

186 2233 410 2268 concedunt
455 2233 502 2267 de
536 2232 694 2268 Christo
740 2232 974 2279 simpliciter
1018 2233 1126 2279 quod
1170 2231 1220 2267 sit
1258 2232 1394 2277 homo,
1440 2231 1495 2267 sic

129 2293 167 2324 35
186 2291 408 2325 concedere
432 2290 577 2325 dehent
611 2291 658 2325 de
691 2289 777 2337 ipso
811 2290 1020 2337 predicata
1054 2289 1131 2325 alia
1156 2301 1232 2337 que
1256 2297 1492 2336 sequuntur.

186 2348 278 2382 Ideo
302 2347 440 2382 dicunt
463 2347 620 2395 antiqui
653 2347 773 2395 logici
806 2349 914 2395 quod
938 2347 1222 2383 inconveniens
1256 2346 1356 2382 foret
1388 2346 1492 2382 idem

186 2406 406 2440 secundum
442 2405 546 2441 idern
581 2405 699 2440 simul
731 2405 931 2441 contrarie
976 2404 1191 2442 nominari.
1232 2406 1280 2439 Et
1319 2416 1389 2452 per
1423 2405 1494 2440 hec

186 2470 295 2509 patet
327 2462 533 2509 responsio
559 2464 608 2498 ad
632 2462 833 2499 obiectum
866 2475 1122 2498 communem
1149 2462 1188 2497 in
1212 2462 1286 2497 ista
1312 2461 1493 2497 materia.

185 2519 377 2566 Arguitur
423 2520 529 2555 enim
576 2521 846 2556 communiter
879 2522 987 2568 quod
1021 2520 1049 2556 si
1086 2519 1267 2556 Christus
1311 2521 1494 2555 turbatus

126 2590 170 2619 40
186 2586 256 2622 est,
303 2577 397 2625 quia
442 2579 663 2613 secundum
697 2578 1004 2622 humanitatem,
1057 2578 1214 2613 videtur
1247 2579 1354 2624 quod
1395 2578 1495 2613 foret

186 2644 382 2682 perpetuo
416 2637 687 2683 perturbatus,
736 2636 829 2683 quia
864 2645 1008 2671 cuncta
1042 2645 1132 2671 sunt
1167 2635 1240 2670 sihi
1274 2635 1495 2682 presencia

257 2804 284 2829 «3.
305 2803 375 2830 Ain
399 2811 512 2836 marg:
535 2810 571 2835 2;
591 2803 631 2829 ib.
652 2803 696 2829 A:
716 2803 882 2829 seeundum
902 2806 1041 2829 naturas.
1168 2801 1204 2828 13.
1227 2803 1253 2829 A
1275 2803 1303 2828 iu
1327 2810 1440 2837 marg:
1461 2810 1484 2836 3

187 2837 229 2864 16.
249 2838 293 2864 A:
314 2837 477 2864 secundum
497 2837 553 2864 Ιιοε
573 2840 638 2869 est,·
658 2837 698 2863 ib.
721 2838 759 2864 ss:
782 2845 841 2864 non
864 2838 957 2863 deest.

1703 221 1781 259 327

1546 2017 1693 2053 Sophism
1715 2019 1749 2045 of

1562 2053 1734 2080 Antichrist

1544 2088 1680 2114 founded
1702 2096 1740 2115 on

1534 2123 1760 2156 equivocation.
