1986 3289
202 251 291 278 CAP-
315 242 407 295 LXI]
578 255 636 286 DE
665 255 979 287 ANTICHRISTO
1009 257 1090 288 ΗΒ.
1119 258 1140 288 Ι.

261 363 388 409 Super
433 374 512 409 quo
551 362 807 408 Jel'onymus:
863 362 1016 398 Plenius
1061 363 1229 399 inculcat
1267 372 1302 400 et
1346 366 1508 413 replicat

203 431 322 468 quare
355 420 401 455 de
425 420 484 454 die
517 419 863 455 consummacionis
886 427 920 455 et
953 420 1050 456 liora
1075 433 1141 457 nec
1174 423 1338 472 angelus
1371 435 1438 458 nec
1470 436 1510 459 se

199 478 299 513 scire
324 477 563 526 predixerat
612 477 680 513 sed
729 478 852 513 solum
882 485 1036 526 patrem
1079 480 1182 526 quod
1214 492 1286 515 non
1328 481 1510 529 expediat

198 535 299 571 scire
331 535 527 583 apostolis.
573 535 810 583 Exemplum
845 536 1136 583 patrisfamilie,
1181 537 1251 573 lzoc
1284 545 1350 583 est,
1384 539 1445 574 sui
1475 546 1510 574 et

168 589 182 619 5
204 592 382 641 fidelium
406 604 625 637 servorum,
659 592 698 627 id
720 600 788 638 est,
821 594 1103 641 apostolorum,
1127 595 1178 629 ad
1199 596 1507 632 coliortacionenz

199 650 362 685 sollicite
394 650 530 686 inentis
563 650 796 695 interseruit,
843 658 882 685 ut
913 663 980 699 spe
1014 652 1256 699 premiorum
1293 653 1509 689 ministrent

200 708 395 744 conservis
427 708 462 743 in
496 715 668 756 tempore
690 720 757 743 suo
791 708 934 743 cibaria
970 710 1251 748 doctrinm-mn.
1285 712 1368 747 Hec
1401 713 1508 748 Jero-

199 778 356 813 nmeS.

257 823 565 870 Chrysostomus
590 831 722 858 autern
747 835 866 870 super
882 823 957 859 isto
973 832 1080 859 textu
1104 824 1159 860 sie
1182 825 1380 873 loquitur:
1412 827 1506 863 Cum

147 890 183 910 ¹0
199 882 245 916 de
278 881 462 931 vigilante
501 887 536 916 et
567 892 639 916 non
674 881 860 931 vigilante
890 894 1008 930 super
1041 882 1196 917 domum
1228 896 1337 919 suam
1372 885 1508 920 Domi-

198 951 267 974 nus
290 939 524 986 loqueretur,
558 938 679 974 sciens
711 939 888 987 quoniam
907 939 1139 988 plerumque
1168 942 1393 978 sacerdotes
1416 943 1511 978 mali

199 996 371 1032 dormire
392 996 550 1044 faciunt
567 997 755 1044 populum
790 997 826 1031 in
855 998 1036 1045 peccatis,
1070 998 1159 1033 boni
1187 1006 1313 1035 autem
1337 1000 1509 1036 excitant

196 1067 216 1089 a
250 1054 493 1104 negligencie
523 1065 682 1101 sompno
706 1062 740 1090 et
752 1054 911 1102 faciunt
935 1055 1104 1105 iugulare
1126 1055 1161 1091 in
1185 1057 1366 1105 operibus
1388 1058 1507 1104 bonis,

194 1111 306 1160 quasi
335 1112 489 1147 assidua
523 1112 612 1146 tuba
637 1112 810 1148 doctrine
841 1125 908 1148 sue
931 1114 1142 1149 excitantes
1174 1115 1226 1148 ad
1257 1115 1353 1150 hona
1388 1128 1506 1164 opera

143 1168 346 1205 15c1nimas
376 1169 612 1214 auditorum,
647 1177 921 1219 consequenter
954 1172 1000 1206 de
1031 1172 1138 1207 bonis
1175 1173 1442 1209 sacerdotibus
1474 1181 1508 1209 et

73 1225 156 1264 426⁶
195 1227 347 1263 miseris
377 1227 644 1263 sacerdotibus
672 1225 676 1278 Ι
705 1227 916 1263 introducit
958 1241 1191 1275 sermonem,
1226 1230 1375 1266 dicens:
1413 1231 1508 1275 Quis

195 1292 251 1320 est
283 1285 417 1334 fidelis
449 1297 585 1321 servus
622 1292 658 1321 et
685 1286 891 1333 prudens?
936 1287 1041 1322 Sicut
1080 1287 1177 1322 enim
1212 1289 1508 1336 paterfamilias

193 1355 310 1391 super
348 1343 627 1391 possessionem
675 1355 784 1379 suam
832 1343 1001 1379 villicum
1041 1344 1165 1393 ponit,
1213 1353 1252 1381 ut
1295 1358 1367 1381 non
1421 1358 1505 1382 cum

193 1400 356 1450 singulis
378 1400 521 1436 colonis
553 1401 691 1436 haheat
713 1413 869 1436 causam
901 1403 970 1437 sed
1002 1403 1048 1437 de
1079 1403 1161 1438 solo
1196 1403 1323 1440 villico
1356 1416 1505 1440 omnem

138 1467 178 1488 20
194 1458 328 1508 exigat
364 1458 581 1502 racionem3
623 1458 657 1494 si
687 1471 783 1509 ergo
816 1459 916 1494 inter
947 1460 1102 1496 colonos
1131 1461 1258 1509 aliqua
1295 1461 1506 1511 indiscipli-

193 1516 301 1551 nacio
324 1516 454 1564 fuerit
477 1517 590 1564 feda,
635 1517 890 1565 unusquisque
916 1530 992 1566 pro
1024 1530 1093 1553 suo
1127 1518 1266 1554 delicto
1300 1531 1389 1555 reus
1422 1520 1506 1569 effi-

193 1573 303 1619 citur,
338 1573 488 1609 villicus
520 1581 645 1609 autem
674 1586 751 1623 pro
776 1575 914 1610 delicto
947 1576 1128 1619 omnium,
1161 1584 1196 1611 et
1227 1577 1261 1612 si
1292 1577 1383 1613 hene
1416 1578 1505 1613 red-

193 1631 312 1667 ditum
345 1643 454 1666 suum
489 1632 720 1678 reddiderit,
773 1633 1028 1681 unusquisque
1054 1646 1131 1682 pro
1162 1646 1231 1669 sua
1253 1635 1340 1684 fide
1372 1636 1505 1671 lauda-

191 1696 268 1734 tur,
303 1689 453 1724 villicus
484 1697 609 1724 autem
638 1702 715 1738 pro
736 1690 823 1738 fide
855 1691 1022 1726 omnium
1058 1699 1354 1728 remuneratur:
1385 1693 1439 1729 sic
1472 1701 1506 1729 et

136 1746 300 1782 25Deus
331 1747 367 1782 in
386 1747 532 1795 populo
556 1748 639 1783 ideo
663 1748 819 1783 ordinat
839 1750 1074 1795 sacerdotes,
1108 1757 1150 1785 ut
1181 1758 1335 1786 actuum
1370 1763 1504 1787 eorum

193 1804 267 1852 ipsi
297 1804 510 1840 discuciant
543 1805 759 1850 racionem;
803 1806 961 1855 ideoque
994 1815 1178 1855 peccante
1204 1809 1351 1857 populo
1390 1821 1504 1844 unus-

193 1862 348 1910 quisque
380 1862 529 1910 quidem
558 1875 635 1912 pro
658 1875 725 1899 suo
755 1871 914 1912 peccato
942 1865 1128 1913 punitur,·
1159 1866 1345 1902 sacerdos
1376 1874 1502 1902 autem

187 1931 263 1968 pro
291 1920 462 1968 peccatis
495 1921 675 1956 omnium.
710 1921 762 1956 Et
791 1922 882 1957 hene
913 1930 1053 1972 agente
1080 1923 1226 1972 populo
1251 1925 1506 1974 unusquisque

190 1977 341 2026 quidem
370 1990 446 2026 pro
479 1990 547 2014 suo
580 1979 675 2014 bono
708 1987 995 2026 remuneratur,
1048 1982 1233 2017 sacerdos
1272 1989 1399 2018 autem
1428 1995 1505 2031 pro

135 2037 176 2067 '50
191 2035 297 2071 bonis
330 2035 510 2071 omnium.
569 2035 665 2078 Quis
697 2044 753 2072 est
783 2049 919 2073 servus
940 2038 1076 2087 fidelis
1108 2046 1143 2074 et
1169 2040 1376 2088 prudens?
1410 2041 1504 2076 Rem

191 2093 342 2141 quidem
377 2093 607 2129 laudabilem
648 2095 847 2143 proponit,
901 2096 1145 2132 rarissimam
1190 2104 1317 2133 autem
1353 2104 1392 2132 ut
1424 2098 1506 2146 quis

193 2150 329 2199 fidelis
360 2150 578 2186 inveniatur
610 2159 644 2187 et
671 2153 856 2201 prudens.
898 2153 1001 2189 Ecce
1032 2154 1065 2189 si
1095 2166 1235 2202 queras
1257 2155 1414 2204 fideles,
1467 2156 1507 2190 id

191 2215 259 2254 est,
293 2208 419 2243 Deum
442 2209 630 2253 timentes,
665 2217 699 2245 et
731 2210 835 2259 ipsos
868 2223 940 2247 non
964 2211 1115 2259 quidem
1151 2213 1292 2249 multos
1325 2213 1504 2259 invenies,

191 2272 316 2302 tamen
361 2266 488 2302 adhuc
521 2268 647 2315 facile
678 2268 866 2312 invenies;
917 2269 1004 2304 item
1037 2270 1071 2305 si
1097 2270 1314 2318 prudentes
1353 2282 1504 2318 quet-as,

261 2513 281 2531 1.
301 2505 330 2531 A
350 2505 380 2532 in
404 2513 518 2540 marg:
550 2505 743 2541 leronymus.
841 2508 868 2533 6.
898 2508 943 2534 A:
971 2508 1137 2535 interserit.
1229 2517 1256 2543 9.
1279 2510 1307 2535 A
1335 2509 1365 2536 in
1388 2517 1475 2544 marg
1497 2518 1502 2535 :

192 2538 405 2566 Crisostomus.
496 2548 534 2567 12.
555 2542 599 2568 A:
621 2541 757 2568 excitant
776 2541 869 2568 deest.
956 2541 994 2569 13.
1015 2543 1060 2569 A:
1082 2545 1112 2569 et
1129 2543 1223 2569 deest.
1310 2542 1350 2571 18.
1371 2545 1415 2571 A:
1438 2551 1503 2571 cum

191 2573 284 2600 deest.
360 2581 402 2608 19.
422 2575 466 2601 A:
489 2582 607 2609 omnem¹
622 2575 714 2602 deest.
788 2583 835 2608 20,
850 2583 889 2603 21.
911 2577 953 2602 A:
971 2577 1077 2611 aliqua
1091 2576 1318 2612 discz‘plz'nacio.
1392 2586 1434 2605 22.
1456 2580 1502 2606 A:

189 2608 299 2636 delicto
331 2608 430 2641 deest:
462 2609 503 2636 ib.
536 2610 564 2636 A
591 2609 620 2636 in
652 2617 766 2644 marg:
801 2609 1016 2646 Unusquisque
1044 2619 1104 2645 pro
1128 2614 1257 2646 peccato
1278 2620 1335 2640 suo
1362 2613 1501 2648 punitur,

187 2643 335 2670 sacerdos
361 2646 461 2670 autem
485 2644 581 2670 malus
604 2652 666 2678 pro
685 2645 821 2679 peccatis
851 2646 994 2680 omnium,
1021 2646 1226 2681 unusquisque
1248 2655 1308 2682 pro
1338 2647 1416 2675 bono
1445 2656 1502 2676 suo

190 2681 415 2713 remuneratur,
444 2679 591 2705 sacerdos
619 2681 721 2705 autem
741 2679 836 2706 bonus
859 2687 920 2714 pro
942 2679 1028 2707 honis
1047 2681 1189 2707 omnium.
1298 2680 1340 2708 33.
1371 2683 1412 2709 A:
1440 2690 1501 2709 non

189 2710 283 2738 deest.
356 2710 402 2746 34.
423 2712 586 2747 A:facz'le
606 2713 701 2740 deest.

263 2828 288 2848 1.
316 2818 453 2896 (figmm.
480 2819 514 2849 in
540 2818 646 2850 Matth
698 2819 718 2851 l.
757 2830 785 2851 c.
824 2830 901 2862 pag.
942 2830 1018 2852 201.
1114 2834 1144 2864 ι).
1183 2822 1250 2863 Op.
1290 2822 1374 2864 Imp.
1415 2823 1434 2853 l.
1474 2833 1501 2854 c.

190 2873 266 2905 Pag-
294 2875 313 2906 ‘J
365 2888 371 2895 ·

1325 2925 1360 2957 15

1717 264 1795 301 225

1592 373 1729 402 Jerome:

1526 409 1664 436 Another
1690 418 1799 437 reason

1526 443 1595 478 why
1615 444 1664 470 the
1686 445 1745 480 day
1765 445 1799 472 of

1582 478 1741 513 judgment

1577 513 1687 540 should
1710 514 1745 541 be

1578 548 1746 575 unknown.

1549 835 1773 872 Chrysostom:

1547 870 1613 897 The
1634 872 1729 906 priest
1747 872 1773 899 is

1536 909 1580 932 set
1600 913 1633 932 as
1653 907 1786 933 steward

1548 948 1621 967 over
1643 940 1775 968 Christ’s

1565 974 1748 1003 household.
