1986 3289
133 193 206 236 146
727 197 846 230 opus
871 196 1207 229 EVANGELICUM
1236 196 1319 228 ΜΒ.
1345 196 1398 227 111.
1530 185 1636 238 [CAP.
1658 193 1721 220 xt.

413 303 680 351 impossibiles
725 311 761 339 et
806 302 896 339 ideo
940 301 1239 338 sentencialiter
1278 301 1376 338 nihil
1414 302 1600 349 probant.
1647 301 1724 336 Sed

412 362 541 409 glosse
573 373 673 409 quas
714 360 768 397 eis
808 360 990 396 dederint
1029 368 1120 395 sunt
1153 359 1350 396 catholice
1388 368 1425 395 et
1458 358 1725 406 acceptabiles

412 428 621 467 tamquam
656 418 753 455 fides
787 427 823 454 et
856 417 911 454 sic
944 419 1076 466 glossa
1108 417 1314 453 ordinaria
1346 416 1539 452 Johannis
1570 418 1617 452 de
1640 418 1724 452 Deo

413 476 510 513 dicit
555 478 664 525 quod
708 476 748 512 in
782 475 857 512 ista
901 475 1184 524 proposicione
1229 476 1299 511 hoc
1338 482 1393 511 est
1425 486 1567 524 corpus
1599 486 1723 510 meum

411 534 537 571 nichil
580 534 822 583 pronomine
869 535 1181 580 demonstratur,
1228 534 1297 569 sed
1342 533 1472 569 solum
1517 531 1759 573 recitative5

413 593 473 629 vel
506 592 777 630 materialiter.

160 658 258 697 Grqqt
278 657 357 685 their
471 652 547 687 Sed
581 651 653 687 hec
685 649 835 687 heresis
870 651 988 686 habet
1020 648 1154 685 dicere
1187 656 1480 696 consequenter
1512 648 1620 696 quod
1654 648 1726 684 hec

136 692 381 755 fflsssssffg'sffinfflsst
412 721 494 745 non
529 717 586 745 est
618 707 867 756 proposicio:
914 704 1003 743 Hoc
1034 714 1090 743 est
1122 719 1265 757 corpus
1296 719 1420 743 meum
1462 714 1499 742 et
1532 718 1602 753 per
1635 718 1727 742 con-

125 763 179 789 ¹¹³S
202 762 583 824 ngdfls'ffcti‘lsssequens
635 779 717 803 non
761 775 818 802 est
870 764 1112 802 sacramenti
1165 764 1333 802 ecclesie
1386 763 1580 810 effectiva,
1633 763 1727 812 quia

414 824 632 861 materialis
680 823 817 861 oracio
861 823 970 859 iuxta
1013 824 1133 859 verba
1168 822 1332 860 Domini
1372 821 1555 867 recitata;
1602 830 1639 857 et
1672 820 1727 857 sic
1749 834 1795 861 10'

413 895 494 919 non
539 883 641 919 foret
681 882 815 930 aliqua
854 880 1161 918 sacramentalis
1200 879 1431 929 proposicio
1464 888 1501 916 et
1533 891 1604 928 per
1636 891 1727 915 con-

413 953 585 989 sequens
631 940 848 977 deficerent
893 939 966 976 ista
1012 951 1088 987 que
1135 939 1266 975 forent
1318 938 1510 986 precipue
1562 936 1728 974 ecclesie

414 1007 680 1035 sacramenta.
715 1000 808 1035 Ideo
842 997 981 1034 dicunt
1013 996 1177 1045 quidam
1215 998 1263 1034 de
1295 998 1372 1032 isto
1403 997 1586 1032 Johanne
1619 996 1728 1043 quod

414 1056 641 1109 fuitgrudis
684 1055 986 1104 grammaticus,
1032 1055 1197 1103 ignarus
1242 1054 1506 1102 philosophus
1551 1061 1588 1089 et
1638 1066 1728 1101 pro-

413 1115 559 1151 fundus
591 1114 804 1151 hereticus.
839 1115 933 1150 Ideo
965 1113 1089 1150 nichil
1120 1112 1195 1149 sibi
1229 1121 1266 1149 et
1298 1111 1525 1159 theologice
1556 1110 1728 1148 veritati.
1751 1119 1787 1153 15

414 1172 514 1219 Fuit,
562 1172 762 1221 inquiunt,
808 1171 918 1208 rudis
965 1170 1265 1219 grammaticus,
1311 1169 1404 1218 quia
1437 1169 1601 1206 nescivit
1633 1168 1729 1217 quid

414 1232 716 1267 demonstratur
760 1229 831 1266 tali
875 1229 1128 1278 pronomine,
1175 1241 1265 1265 cum
1305 1237 1441 1265 tamen
1474 1227 1730 1263 manifestum

413 1288 463 1325 sit
507 1288 692 1325 fidelibus
748 1297 786 1325 et
842 1287 991 1324 sanctis
1037 1287 1270 1323 doctoribus
1323 1285 1505 1334 superius
1557 1285 1733 1322 recitatis

414 1348 523 1395 quo'd
567 1347 682 1395 panis
728 1355 765 1382 et
811 1345 946 1383 vinum
995 1345 1064 1382 tali
1110 1344 1350 1393 pronomine
1391 1345 1732 1381 demonstrantur.

413 1407 505 1441 Non
538 1405 643 1446 enim
678 1413 810 1452 potest
843 1416 947 1440 sane·
972 1402 1161 1451 intelligi:
1195 1403 1272 1439 Hic
1305 1410 1361 1439 est
1393 1402 1500 1438 calix
1530 1401 1732 1452 sanguinis
1749 1420 1791 1441 20

414 1463 489 1499 mei
529 1462 607 1499 nisi
657 1461 928 1499 metonomice
970 1461 1107 1498 vinum
1157 1469 1388 1507 contentum
1430 1459 1470 1495 in
1515 1459 1652 1505 calice,
1693 1468 1730 1496 et

415 1520 644 1569 quicunque
667 1529 877 1569 protervus
901 1519 969 1568 qui
992 1532 1074 1556 non
1107 1519 1341 1567 blaspheme
1373 1517 1546 1565 imponit
1570 1517 1731 1562 Christo

415 1578 631 1615 stulticiam
672 1579 741 1615 sed
781 1578 957 1626 perfecte
997 1577 1150 1614 confert
1189 1585 1322 1624 partes
1355 1575 1558 1612 oracionis
1590 1576 1641 1612 ad
1673 1575 1731 1611 in-

413 1637 541 1673 vicem
582 1649 664 1673 non
707 1645 838 1685 potest
871 1636 1146 1683 subterfugere
1170 1634 1266 1683 quin
1299 1634 1384 1670 istis
1416 1633 1604 1670 subiectis
1637 1646 1730 1682 pro-

414 1695 667 1743 posicionum
727 1693 1082 1731 sacramentalium
1143 1694 1468 1729 demonstrantur
1525 1691 1641 1740 panis
1694 1700 1731 1728 et
1748 1699 1786 1730 25

413 1753 562 1789 vinum..
619 1752 725 1798 Quid
777 1765 874 1800 rogo
927 1753 1027 1789 foret
1080 1751 1284 1799 pertinens
1336 1763 1480 1798 panem
1535 1749 1730 1798 accipere,

416 1811 653 1847 benedicere
699 1819 736 1846 et
777 1811 959 1858 frangere
998 1818 1035 1846 et
1073 1808 1265 1857 apostolis
1310 1808 1516 1856 precipere
1565 1809 1731 1844 mandu-

416 1882 507 1905 care
535 1865 539 1921 1
569 1881 613 1905 ex
646 1869 723 1905 hoc
755 1881 908 1915 omnes,
942 1867 1037 1916 quia
1070 1869 1146 1904 hoc
1179 1876 1236 1903 est
1276 1879 1420 1914 corpus
1461 1878 1611 1914 meum,
1656 1865 1732 1902 nisi
1775 1864 1858 1904 419⁰

417 1926 600 1964 Christus
632 1926 874 1974 intelligeret
907 1927 1015 1974 quod
1047 1925 1120 1962 iste
1153 1925 1269 1973 panis
1302 1924 1353 1960 sit
1385 1923 1733 1960 sacramentaliter

417 1997 563 2032 corpus
594 1985 738 2021 suum?
771 1987 820 2021 Et
853 1985 992 2021 eodem
1028 1985 1148 2020 modo
1180 1984 1281 2020 foret
1315 1982 1525 2018 manifesta
1559 1981 1732 2018 stulticia
1749 1990 1792 2021 '30

417 2043 550 2079 dicere
597 2041 858 2091 precipiendo
905 2043 1012 2091 quod
1059 2041 1232 2085 apostoli
1278 2040 1461 2077 biberent
1505 2052 1644 2076 omnes
1690 2052 1733 2076 ex

416 2100 484 2137 illo
530 2100 666 2147 calice,
713 2100 807 2149 quia
851 2100 915 2136 hic
957 2108 1014 2136 est
1054 2099 1215 2147 sanguis
1249 2098 1396 2135 Christi
1435 2097 1511 2134 nisi
1551 2098 1733 2134 Christus

416 2158 633 2195 intenderit
667 2159 775 2207 quod
810 2157 907 2194 illud
940 2157 1076 2194 vinum
1111 2158 1160 2194 sit
1192 2155 1539 2193 sacramentaliter
1571 2155 1734 2204 sanguis

417 2230 530 2262 suus,
584 2225 621 2253 et
665 2216 756 2252 ideo
801 2224 976 2264 quatuor
1020 2217 1206 2252 doctores
1255 2214 1409 2263 priores
1461 2213 1528 2262 qui
1573 2214 1735 2250 fuerunt

417 2275 582 2311 subtiles
607 2274 862 2322 grammatici
887 2273 994 2310 acuti
1021 2272 1251 2322 philosophi
1277 2281 1313 2308 et
1344 2271 1533 2319 profundi
1557 2271 1732 2319 theologi
1752 2279 1791 2312 35

418 2333 601 2369 dixerunt
634 2331 890 2368 concorditer
923 2333 1031 2380 quod
1066 2331 1180 2379 panis
1215 2339 1251 2366 et
1283 2330 1418 2366 vinum
1454 2329 1493 2365 in
1527 2328 1609 2366 istis
1644 2342 1736 2377 pro-

417 2390 690 2438 posicionibus
737 2390 1097 2427 sacramentalibus
1143 2390 1486 2425 demonstrantur.
1541 2389 1589 2423 Et
1641 2396 1735 2423 tunc

418 2457 550 2496 potest
583 2449 689 2484 clare
723 2447 800 2484 dici
842 2447 951 2484 racio
992 2446 1275 2484 conneccionis
1309 2447 1522 2482 verborum
1557 2444 1733 2490 Domini,

488 2612 513 2640 5.
535 2614 576 2639 A:
600 2620 665 2639 cum
685 2612 784 2639 solum
804 2611 843 2638 B:
866 2611 999 2638 correxit
1019 2612 1047 2638 A
1067 2611 1097 2637 in
1120 2618 1238 2644 marg:
1261 2610 1441 2645 Responsio,
1502 2608 1525 2639 5,
1546 2609 1573 2634 6.
1597 2609 1636 2635 13:
1658 2608 1736 2635 reci-

418 2648 514 2674 tative
533 2646 647 2674 dicitur
665 2647 721 2674 vel.
795 2646 822 2673 8.
844 2646 913 2672 Hoc
931 2648 978 2673 est
996 2654 1109 2680 corpus
1128 2653 1224 2672 meum
1246 2645 1338 2671 deest.
1402 2644 1443 2671 16.
1464 2644 1509 2671 A:
1531 2643 1635 2670 rudus
1657 2644 1685 2670 A
1706 2643 1735 2669 in

420 2690 534 2716 marg:
559 2681 602 2708 De
622 2682 724 2709 hostia
745 2683 928 2708 consecrata
946 2688 1004 2715 per
1023 2683 1129 2707 totum.
1220 2678 1266 2709 36.
1289 2681 1332 2706 A:
1355 2679 1501 2705 dixerunt
1521 2678 1618 2705 twice.

492 2766 506 2777 η

492 2778 507 2797 o
538 2771 570 2796 et
602 2764 651 2796 13.
678 2764 856 2796 Johannes
884 2764 926 2795 de
952 2764 1036 2804 Deo,
1065 2763 1264 2801 Lusitanus,
1293 2762 1541 2793 celeberrimus
1569 2771 1656 2791 saec.
1677 2760 1734 2791 XII

421 2812 612 2842 canonista.
642 2811 693 2841 Cf.
720 2811 935 2851 Triafflgum,
964 2820 1040 2851 pag.
1069 2810 1145 2840 251.
