1986 3289
185 588 252 615 The
274 588 404 623 lawyers

177 631 227 650 are
249 622 360 649 almost
380 629 413 647 as

204 657 260 684 bad
283 666 315 685 as
335 656 386 683 the

237 692 348 728 clergy.

194 1857 237 1885 Ch
244 1862 396 1894 rysostom
408 1867 413 1884 :

749 184 867 216 opus
893 183 1227 214 EVANGELICUM
1259 183 1342 213 ΜΒ.
1370 183 1423 214 111.
1560 171 1668 224 [CAP.
1689 179 1753 207 xx.

445 291 519 327 isto
552 292 607 326 Ve
640 289 829 337 octuplici
874 302 963 325 cum
1004 288 1091 325 aliis
1125 288 1313 336 periculis
1346 301 1423 336 que
1457 288 1636 325 Christus
1668 301 1755 336 pre-

444 348 618 385 nosticat
671 347 820 395 detegit
873 346 976 382 istud
1012 345 1250 394 periculum,
1283 346 1314 382 si
1347 346 1528 382 videmus
1561 346 1616 382 sic
1649 347 1757 394 quod

446 406 625 442 defectus
658 404 844 442 servandi
878 404 1027 440 Christi
1062 404 1310 451 evangelium
1347 412 1383 440 et
1416 404 1675 440 contentandi
1710 405 1756 440 de

445 476 515 500 sua
567 463 647 500 vita
700 476 745 499 ac
791 463 927 510 regula
973 471 1030 498 est
1063 462 1174 498 radix
1222 462 1349 498 tocius
1394 461 1561 510 periculi
1605 461 1644 498 in
1683 462 1757 498 hac

446 530 572 570 parte.

505 581 552 615 Et
592 579 728 614 multis
774 577 902 614 modis
947 577 1122 625 surrepit
1166 577 1323 613 occulte
1369 576 1444 613 ista
1494 576 1756 625 blasphemia,

446 646 488 672 ut
520 636 612 672 licet
636 637 766 672 clerus
790 635 839 672 sit
872 635 935 671 hic
958 635 1130 672 vicarius
1154 634 1388 683 principalis
1422 634 1588 680 diaboli,
1622 643 1757 671 tamen

447 694 628 731 homines
660 694 791 742 legum
823 702 926 730 terre
959 692 1202 741 participant
1226 692 1427 729 adiutorio
1450 692 1491 728 in
1515 693 1590 729 hoc
1623 704 1757 738 causa,

446 762 487 789 ut
518 752 668 800 legiste‚
715 751 829 799 quasi
872 763 1011 787 omnes
1056 750 1285 787 deficientes
1329 763 1350 786 a
1395 751 1532 799 regula
1566 749 1757 794 caritatis,

446 817 647 859 querentes
686 822 756 858 que
797 822 866 845 sua
905 817 992 845 sunt
1024 816 1059 845 et
1092 821 1163 844 non
1195 821 1266 857 que
1299 809 1444 844 domini
1471 808 1560 844 Jesu
1600 808 1758 854 Christi,

448 881 519 916 pro
565 880 688 915 parvo
734 868 846 903 lucro
891 880 963 903 suo
1009 866 1210 902 declinant
1243 879 1265 902 a
1299 865 1457 902 iusticia
1500 875 1537 902 et
1568 865 1760 914 placitant

448 939 521 974 pro
554 924 758 961 iniusticia
780 924 1030 970 Antichristi‚
1062 933 1098 960 et
1121 924 1177 960 sic
1211 925 1452 960 exheredant
1477 924 1637 969 multos,
1671 936 1760 971 spo-

448 984 547 1020 liant
571 983 678 1031 ipsos
701 984 748 1019 de
781 982 861 1019 suis
885 981 1088 1019 beneficiis
1122 991 1159 1018 et
1192 981 1305 1018 bonis
1331 981 1547 1018 mobilibus
1571 983 1760 1017 ducentes

449 1043 499 1078 ad
534 1053 735 1078 carcerem
780 1041 841 1077 vel
880 1040 977 1077 alias
1011 1053 1134 1088 penas
1168 1039 1309 1075 mortis
1349 1041 1567 1087 gaudentes
1601 1038 1760 1076 adveni-

450 1108 539 1136 ente
572 1100 697 1145 lucro,
744 1100 851 1147 quod
896 1099 1075 1134 fecerunt
1110 1098 1150 1134 in
1182 1099 1258 1134 hoc
1302 1097 1458 1134 iusticie
1490 1098 1761 1145 complemen-

450 1166 550 1204 tum,
585 1157 654 1193 sed
687 1156 726 1192 in
760 1169 882 1193 causa
915 1156 987 1192 Dei
1021 1164 1263 1201 mutescunt,
1309 1155 1411 1192 sicut
1444 1155 1588 1204 prelati
1620 1163 1762 1191 vocate

451 1214 629 1261 ecclesie,
664 1214 771 1263 quia,
807 1223 1045 1263 exequentes
1078 1223 1159 1250 tam
1203 1214 1338 1250 sedule
1373 1215 1657 1250 mandatorum
1692 1214 1761 1249 ob-

451 1272 696 1310 servanciam
733 1281 769 1308 et
803 1272 900 1309 alias
932 1273 1037 1320 leges
1073 1271 1221 1308 Christi
1253 1271 1355 1308 sicut
1388 1271 1537 1308 faciunt
1568 1270 1609 1306 in
1644 1283 1763 1307 causa

455 1332 656 1367 mundana
680 1342 771 1378 sepe
803 1343 878 1378 pro
901 1329 1103 1366 iniusticia
1136 1330 1234 1366 tales
1269 1338 1417 1366 mortes
1451 1338 1488 1365 et
1521 1328 1666 1365 iniurie
1690 1341 1762 1376 pro

454 1402 599 1437 magna
640 1397 752 1436 parte
786 1401 807 1425 a
840 1387 979 1436 patriis
1014 1388 1237 1433 exularent3
1291 1397 1327 1424 et
1359 1387 1416 1423 sic
1448 1387 1587 1435 legiste
1620 1399 1763 1435 procu-

454 1456 607 1483 ratores
641 1446 791 1483 diaboli
824 1446 864 1482 in
896 1445 1064 1482 terrenis
1097 1445 1248 1493 legibus
1273 1447 1590 1493 correspondent
1613 1444 1763 1493 legistis

453 1505 533 1541 suis
566 1504 896 1553 procuratoribus
930 1503 969 1539 in
1002 1504 1088 1551 lege
1122 1503 1331 1550 canonica,
1367 1513 1403 1540 et
1435 1503 1491 1539 sic
1522 1504 1581 1539 lex
1614 1502 1685 1539 Dei
1719 1515 1764 1538 ac

455 1564 591 1611 regula
624 1575 788 1598 suorum
813 1570 1122 1610 procuratorum
1158 1561 1197 1597 in
1232 1574 1352 1598 causa
1382 1573 1453 1597 sua
1486 1560 1763 1597 laborancium

454 1621 494 1657 in
529 1620 720 1657 contratis
754 1620 935 1668 pluribus
969 1619 1153 1656 exulavit.

969 1753 1107 1796 CAP.
1139 1754 1254 1794 XX.

514 1851 772 1900 Prosequitur
816 1860 949 1888 autem
996 1851 1264 1887 Crisostomus
1309 1849 1474 1885 ulterius
1517 1849 1634 1885 istam
1681 1860 1767 1884 sen-

456 1909 627 1947 tenciam
664 1909 931 1957 evangelicam
957 1910 1029 1945 sub
1054 1908 1128 1944 hiis
1153 1907 1302 1944 verbis:
1336 1908 1540 1957 Serpentes
1572 1906 1766 1956 genimina

457 1969 681 2017 viperarum
705 1968 896 2016 quomodo
920 1966 1092 2016 fugietis
1124 1979 1144 2001 a
1178 1966 1316 2001 iudicio
1340 1965 1525 2000 ielzenne?
1558 1964 1665 2000 Sicut
1686 1976 1767 2000 ser-

452 2033 586 2076 pentes
614 2038 689 2075 pre
720 2025 893 2061 omnibus
924 2024 1154 2060 animalibus
1186 2023 1399 2060 astuciores
1430 2029 1516 2058 sunt
1555 2030 1589 2058 et
1620 2022 1766 2058 astucia

456 2096 589 2120 eorum
622 2096 694 2119 non
727 2091 783 2119 est
816 2083 851 2118 in
885 2083 981 2118 bono
1013 2083 1082 2118 sea'
1114 2082 1231 2124 malo,
1271 2081 1342 2117 Izoc
1375 2087 1446 2123 est,
1477 2092 1633 2129 semper
1666 2080 1766 2129 aspi-

457 2142 559 2178 ciunt
591 2141 780 2190 quomodo
824 2141 988 2189 aliquem
1023 2140 1238 2185 mordeant,
1293 2146 1327 2175 et
1365 2151 1449 2174 cum
1484 2138 1767 2173 momorderint

457 2200 648 2248 quomodo
679 2211 720 2235 se
764 2199 972 2234 occultent:
1018 2198 1072 2234 sic
1104 2205 1139 2233 et
1171 2208 1303 2233 omnes
1327 2196 1516 2248 ypocrite
1554 2195 1767 2231 astuciores

456 2265 543 2293 sinit
595 2257 732 2293 ceteris
784 2257 999 2293 hominibus
1040 2255 1267 2304 simpliciter
1312 2255 1477 2290 viventes
1514 2254 1583 2289 sed
1620 2253 1766 2289 astucia

457 2328 527 2351 sua
560 2315 733 2365 cogitant
780 2315 969 2362 quomodo
1002 2313 1165 2362 aliquem
1212 2313 1342 2348 ledant
1383 2319 1418 2348 et
1461 2323 1544 2347 cum
1599 2310 1766 2357 leserint‚

460 2374 512 2408 ita
543 2373 772 2421 simpliciter
803 2372 1002 2408 ambulant
1034 2371 1143 2419 quasi
1172 2371 1237 2419 qui
1267 2370 1408 2406 nemini
1439 2369 1648 2405 nocuerint.

521 2430 724 2466 Genimina
766 2430 1003 2479 viperarum.
1051 2429 1237 2478 Superius
1282 2428 1381 2463 dixit
1425 2428 1471 2463 de
1513 2426 1645 2462 Judeis
1676 2438 1766 2476 quo-

459 2489 560 2524 niam
618 2501 692 2537 per
747 2488 925 2539 singulas
973 2487 1249 2538 generaciones
1300 2486 1458 2522 invicem
1529 2497 1598 2520 sua
1651 2484 1767 2531 facta

530 2660 556 2679 12
571 2651 634 2679 -13.
656 2653 698 2679 A:
718 2660 778 2687 pro
800 2651 958 2678 iniusticia
973 2650 1152 2685 -spoliant
1174 2650 1268 2676 deest.
1358 2649 1403 2675 26.
1425 2649 1452 2675 A
1474 2648 1503 2675 in
1527 2655 1641 2682 marg.:
1664 2646 1768 2674 Criso-

459 2690 592 2718 slomus;
621 2687 641 2713 Β
668 2687 696 2713 in
720 2695 834 2720 marga
862 2693 911 2713 20.
1004 2684 1049 2712 30.
1071 2686 1115 2712 A:
1138 2685 1167 2711 in
1189 2684 1289 2716 malm
1312 2685 1356 2710 A:
1384 2684 1441 2710 hoc
1461 2683 1551 2709 enim.
1658 2680 1701 2708 33.
1723 2682 1767 2708 A:

459 2722 551 2748 simul
570 2723 714 2749 viventes.
807 2720 846 2748 35.
868 2722 910 2747 A:
932 2720 1023 2747 simul
1041 2720 1220 2751 anzbulant,·
1240 2719 1280 2746 ib.
1302 2718 1420 2746 Codd.:
1445 2717 1603 2746 neminem.

532 2804 584 2836 27.
613 2794 678 2835 Op.
706 2794 767 2824 Ev.
796 2804 828 2835 p.
857 2793 972 2824 CXCI.

1780 822 1817 843 10

1782 1101 1817 1132 15

1786 2084 1825 2117 30

1784 2370 1823 2403 35
