1986 3289
229 206 477 258 CAP-XXX11·}
607 217 663 247 0}ss
692 215 1006 246 ANTICHRISTO
1036 216 1118 246 ΗΒ.
1148 216 1168 245 Ι.

228 323 455 359 vexaciones
485 322 673 358 silvarum
709 322 823 367 videt,
864 321 944 369 ipse
977 328 1101 356 autem
1126 321 1268 370 flatum
1303 334 1374 356 non
1408 329 1540 363 sentit,-

225 381 278 416 sic
314 381 380 429 qui
428 381 533 428 infra
584 380 772 415 iusticiam
811 380 915 415 sedet
958 379 1138 423 inclusus,
1185 379 1336 426 quando
1376 379 1538 413 mundus

225 439 430 484 excutitur,
461 450 637 473 rumores
660 437 952 472 tribulacionum
977 436 1096 479 audit,
1119 437 1337 472 seculorum
1363 435 1539 471 miserias

221 496 398 545 percipit,
443 496 525 544 ipsa
571 507 661 531 vero
700 494 896 531 concussio
941 495 1075 529 mundi
1117 494 1239 543 ipsum
1288 505 1360 529 non
1400 500 1536 528 mouet.

193 555 308 590 5Hec
342 553 623 589 Crisostomus.

282 611 449 647 Videtur
487 611 606 647 istum
647 618 830 646 sanctum
872 609 1070 645 subtiliter
1111 619 1147 645 et
1180 610 1298 657 plane
1333 608 1538 644 declarare

224 670 374 705 factum
420 677 456 705 et
494 667 716 716 practicam
756 680 876 716 quam
918 667 1125 703 sentimus.
1175 669 1266 703 Ideo
1305 675 1464 714 oportet
1497 666 1537 701 in

224 726 482 775 sequentibus
516 728 609 762 dare
642 726 760 762 fidem
797 725 1002 773 evangelio
1036 726 1258 761 secundum
1291 723 1537 761 sentenciam

224 797 344 832 quam
379 784 555 832 exponit.

171 927 207 947 10
684 908 822 948 CAP.
858 907 1076 948 XXXII.

281 1004 553 1040 Crisostomus
599 1012 731 1040 autem
779 1003 1040 1051 prosequitur
1084 1004 1203 1039 verba
1248 1001 1441 1050 evangelii
1498 1001 1538 1037 in

223 1062 296 1097 hac
329 1062 478 1097 forma:
512 1062 553 1096 In
588 1069 761 1110 tempore
783 1062 849 1097 illo
874 1074 1003 1097 omnes
1030 1069 1164 1111 gentes
1193 1068 1227 1097 et
1256 1061 1381 1096 omnia
1414 1072 1537 1109 regna

221 1131 292 1168 que
349 1119 579 1155 videbantur
629 1132 710 1155 esse
766 1120 834 1154 sub
887 1119 1049 1167 imperio
1102 1120 1368 1155 Romanorum
1421 1129 1539 1166 super

221 1184 375 1227 gentem
414 1177 575 1213 Judeam
621 1184 707 1212 sunt
749 1184 989 1227 congregate
1033 1184 1068 1212 et
1106 1189 1204 1225 pene
1248 1176 1374 1212 omnia
1415 1187 1537 1225 regna

170 1238 340 1283 15super
372 1247 536 1285 regnum
570 1235 756 1284 ipsorum.
791 1235 878 1270 Non
907 1242 1064 1283 poterat
1096 1235 1192 1270 enim
1217 1234 1353 1283 aliquis
1372 1245 1539 1282 parcere

223 1293 275 1328 eis
319 1293 451 1341 quibus
483 1293 590 1328 Deus
629 1293 881 1330 irascebatur.
928 1292 1196 1341 Spiritualiter
1227 1299 1353 1327 autem
1394 1292 1443 1327 ita
1483 1291 1537 1326 in-

221 1351 352 1401 surgit
384 1351 529 1386 heresis
560 1363 677 1399 super
710 1350 872 1386 heresim
908 1358 942 1385 et
973 1350 1214 1399 episcopatus
1245 1362 1363 1399 super
1395 1349 1537 1397 episco—

216 1415 362 1457 patum.
410 1409 514 1444 Sicut
547 1408 644 1444 enim
678 1416 766 1443 tunc
798 1408 1007 1457 insurgens
1038 1420 1135 1457 gens
1166 1420 1285 1456 super
1315 1415 1469 1457 gentem
1504 1414 1538 1442 et

222 1478 385 1517 regnum
408 1478 525 1515 super
548 1478 712 1516 regnum
735 1466 888 1515 signum
914 1473 999 1501 erat
1015 1466 1291 1501 destruccionis
1307 1465 1536 1509 Jerusalem,

166 1538 206 1558 20
221 1523 275 1559 sic
302 1531 438 1573 postea
471 1524 676 1575 insurgens
717 1524 862 1559 heresis
888 1536 1005 1572 super
1033 1524 1197 1560 heresim
1234 1531 1268 1559 et
1296 1523 1538 1572 episcopatus

221 1594 338 1630 super
369 1582 628 1630 episcopatum
662 1581 815 1632 signum
838 1582 923 1630 fuit
952 1581 1261 1631 expugnacionis
1285 1581 1453 1616 ecclesie.
1487 1581 1539 1615 Et

222 1651 322 1685 vere,
356 1641 457 1687 quod
488 1640 598 1675 dicit:
629 1640 812 1690 Insurget
837 1652 935 1690 gens
967 1647 1101 1675 contra
1123 1646 1276 1689 gentem
1309 1646 1343 1674 et
1372 1651 1536 1689 regnum

220 1709 334 1745 super
367 1710 543 1748 regnum,
582 1698 675 1746 plus.
705 1698 878 1734 convenit
917 1704 956 1732 ut
987 1697 1244 1746 spiritualiter
1276 1697 1539 1746 intelligamus

222 1767 319 1790 nunc
366 1755 412 1791 de
449 1755 645 1791 heresibus
689 1767 800 1803 quam
842 1755 1101 1803 corporaliter
1144 1762 1232 1790 tunc
1265 1756 1310 1790 de
1346 1754 1537 1804 gentibus,

166 1816 204 1847 25
222 1813 309 1860 quia
342 1813 388 1848 a'e
417 1813 596 1863 gentibus
628 1825 699 1849 non
728 1820 856 1862 potest
876 1813 1058 1861 faciliter
1078 1813 1176 1862 fieri
1207 1813 1361 1848 rocacio
1393 1813 1461 1848 sed
1494 1813 1539 1848 ale

220 1871 417 1906 heresibus
448 1871 543 1906 satis
570 1871 710 1919 plane;
742 1883 829 1906 nam
863 1871 961 1906 sicut
993 1871 1304 1919 impedimentum
1340 1877 1394 1905 est
1428 1882 1538 1906 roca-

223 1928 321 1963 cioni
351 1928 502 1974 eleccio,
535 1929 589 1964 sic
622 1928 802 1964 eleccioni
833 1928 999 1964 vocacio.
1041 1929 1143 1963 Tunc
1176 1929 1274 1963 enim
1302 1940 1400 1978 gens
1422 1940 1539 1977 super

220 1993 372 2036 gentem
419 1998 490 2021 non
533 1986 709 2022 surrexit
756 1998 821 2022 nec
873 1998 1037 2036 regnum
1090 1987 1279 2022 adversus
1328 1981 1536 2037 regnum,{

102 2046 184 2087 416⁰
223 2055 307 2079 cum
347 2056 445 2093 pene
483 2056 611 2080 omnes
650 2044 714 2079 ille
755 2050 890 2094 gentes
934 2051 969 2079 et
1008 2056 1130 2094 regna
1169 2044 1237 2079 sub
1272 2044 1537 2079 Romanorum

167 2106 207 2138 30
223 2108 345 2137 essent
388 2101 560 2150 imperio,
593 2102 661 2138 sed
699 2114 829 2137 omnes
871 2101 934 2137 ille
970 2109 1105 2151 gentes
1137 2114 1254 2150 super
1287 2114 1399 2136 unam
1435 2101 1537 2137 exci-

223 2166 299 2194 tate
330 2166 417 2194 sunt
446 2167 597 2209 gentem
630 2160 806 2196 Judeam.
847 2160 950 2194 Tunc
982 2159 1079 2194 enim
1111 2171 1208 2209 gens
1239 2171 1357 2207 super
1384 2166 1537 2210 gentem

222 2223 256 2252 et
308 2228 471 2266 regnum
524 2217 713 2253 adversus
765 2229 928 2267 regnum
982 2217 1190 2267 insurgere
1237 2224 1338 2252 recte
1383 2217 1538 2262 dicitur,

223 2275 374 2322 quando
414 2274 571 2310 invicem
611 2275 684 2310 sibi
711 2282 846 2325 gentes
884 2287 956 2310 non
988 2282 1075 2310 sunt
1106 2275 1270 2310 subiecte
1300 2275 1369 2310 sed
1400 2275 1539 2310 adver-

222 2338 372 2370 santur.
417 2332 529 2368 Nunc
575 2339 700 2368 autem
747 2332 892 2368 heresis
936 2344 1050 2381 super
1100 2332 1263 2368 heresim
1310 2333 1537 2377 insurrexit,

168 2393 206 2425 35
224 2389 465 2438 episcopatus
494 2402 612 2439 super
644 2390 917 2439 episcopatum.
958 2390 1059 2425 Nam
1094 2390 1216 2426 omnis
1248 2390 1393 2426 heresis
1425 2390 1538 2438 impia

223 2447 411 2483 adversus
443 2460 571 2484 omnes
601 2448 754 2484 hereses
778 2448 929 2483 videtur
951 2448 1170 2498 insurgere,
1203 2460 1273 2497 que
1296 2461 1368 2484 non
1391 2448 1540 2497 sapiunt

293 2647 327 2665 11.
347 2639 375 2665 A
395 2638 425 2665 in
448 2646 563 2673 marg:
586 2639 809 2670 Crzsostonzus‚·
831 2639 853 2666 B
874 2639 903 2665 in
926 2647 1039 2672 marg:
1062 2645 1116 2673 32.
1208 2646 1245 2666 12.
1268 2639 1306 2665 ss:
1335 2639 1393 2665 hac
1405 2637 1516 2674 forma
1531 2648 1540 2665 .-

222 2673 371 2707 Insurget
387 2681 464 2708 gens
482 2676 592 2700 contra
619 2676 741 2707 gentem
769 2677 823 2700 etc.
852 2673 884 2700 In
905 2676 1050 2707 tempore.
1143 2680 1183 2707 19.
1215 2674 1258 2699 A:
1289 2673 1410 2708 signum
1445 2673 1538 2699 deest.

224 2715 267 2742 27.
295 2709 339 2735 A:
371 2709 415 2735 sic
435 2708 583 2735 eleccioni
601 2708 728 2735 voc-acio
751 2708 844 2735 deest.
935 2708 978 2736 28.
1006 2710 1052 2735 A:
1083 2716 1143 2735 non
1164 2709 1259 2735 deest.
1351 2706 1472 2741 29—30.
1494 2709 1538 2734 A:

225 2742 434 2778 sub—gentes
454 2742 547 2769 deest.
639 2741 681 2770 35.
702 2742 741 2769 B:
764 2743 881 2777 impias.

303 2836 350 2856 11.
379 2825 446 2867 Op.
475 2826 558 2867 Imp.
587 2825 606 2856 1.
635 2836 661 2856 c.
690 2836 721 2866 p.
749 2836 813 2868 {³4²
843 2826 943 2867 (CC).

1751 216 1824 250 117

1575 1009 1794 1045 Chrysostom.

1611 1667 1689 1694 How
1710 1676 1767 1694 one

1588 1703 1696 1738 heresy
1717 1703 1792 1729 rises

1553 1737 1673 1772 against
1687 1737 1826 1764 another.
