1986 3289
139 188 211 222 152

175 782 291 816 Heresy
313 781 367 807 lias

158 820 243 851 crept
262 815 328 842 into
348 816 398 842 the

200 851 356 887 Breviary.

183 1819 327 1853 Sophists
348 1825 400 1849 sav

188 1855 253 1881 that
273 1848 407 1880 Christ⁹s

192 1888 272 1924 body
293 1888 318 1914 is
338 1887 388 1913 the

177 1922 293 1957 subject
313 1922 347 1948 of
365 1922 414 1948 the

211 1957 377 1985 accidents.

730 188 848 219 01>th
874 189 1208 222 EVANGELICUM
1238 192 1321 223 [ΑΒ.
1347 193 1399 224 ΙΙΙ.
1521 184 1626 237 [CAP.
1655 194 1731 221 XLI..

423 298 541 334 modo
587 309 666 344 quo
706 295 821 332 Greci
866 296 1097 345 philosophi
1140 298 1264 335 locuti
1310 299 1481 347 fuerant,
1529 310 1571 337 ut
1605 303 1729 346 Plato,

421 355 659 392 Aristoteles
704 362 741 390 et
785 354 920 401 ceteri⁷
965 354 1151 403 intelligit
1195 356 1326 404 ipsum
1373 358 1571 395 accidens.
1625 360 1732 396 Mille

424 421 517 449 sunt
568 411 664 448 talia
715 412 945 449 testimonia
996 422 1229 450 sanctorum
1282 415 1322 451 in
1375 416 1732 454 confirmacionem

424 471 536 508 istius
581 469 777 506 catholice
815 470 1004 507 veritatis.
1067 473 1354 509 Verumtamen
1394 474 1559 511 heretici
1597 488 1616 512 a
1653 488 1735 513 ma-

425 530 547 579 gistro
593 541 664 564 suo
710 528 773 564 hic
817 528 1051 566 invenerant
1096 543 1216 567 unam
1257 531 1409 579 glosam
1451 534 1559 581 quod
1600 533 1769 570 omnia5

426 588 532 625 dicta
577 595 810 623 sanctorum
857 600 933 635 que
978 587 1164 624 videntur
1208 601 1350 626 sonare
1398 592 1507 638 quod
1552 592 1737 628 accidens

427 659 509 683 non
553 653 684 693 potest
730 657 815 681 esse
859 644 945 681 sine
991 646 1186 693 subiecto,
1232 646 1460 695 intelligunt
1506 650 1614 697 quod
1657 662 1739 686 non

428 702 667 741 naturaliter
698 711 831 751 potest
864 715 948 739 esse
980 705 1049 740 sed
1082 704 1323 742 miraculose
1357 707 1455 742 bene
1489 719 1571 743 esse
1594 716 1739 755 potest,

429 771 472 798 ut
505 769 614 810 patet
647 762 696 797 de
730 760 859 797 hostia
892 771 1139 798 consecrata.
1184 764 1298 800 Unde
1330 762 1370 799 in
1408 764 1576 812 legenda
1616 764 1741 802 sancti

430 819 518 856 festi
557 821 605 855 de
643 819 729 867 ipsa
768 818 899 855 hostia
939 819 1045 856 istud
1091 833 1272 868 expresse
1310 821 1502 858 asseritur
1533 831 1741 872 tamquam

431 879 548 924 fides3
597 886 765 925 propter
809 877 925 914 istam
967 878 1235 915 hereticorum
1275 878 1464 916 ficticiam
1504 880 1744 918 laborabant

432 936 568 972 fideles
602 935 729 971 vivaci
774 935 948 982 racione,
994 935 1199 984 capientes
1238 946 1445 985 tamquam
1487 939 1743 984 catholicum,

431 1003 475 1031 ut
506 993 752 1042 Augustinus
797 993 938 1030 asserit
983 995 1030 1030 de
1075 995 1269 1031 Sermone
1302 995 1465 1032 Domini
1509 996 1550 1033 in
1596 1006 1745 1043 monte,

435 1052 615 1089 veritates
659 1052 745 1088 licet
784 1052 972 1089 catholice
1003 1052 1186 1102 inscripte
1224 1054 1259 1088 in
1299 1054 1473 1104 legendis
1506 1056 1565 1091 vel
1596 1055 1746 1104 quibus-

434 1122 579 1159 cunque
621 1109 730 1146 libris
767 1110 855 1146 aliis
886 1118 1003 1146 extra
1025 1110 1150 1160 fidem
1186 1111 1390 1161 Scripture
1428 1125 1501 1149 non
1533 1121 1621 1149 sunt
1652 1120 1748 1149 tam-

435 1181 547 1218 quam
580 1168 767 1204 catholice
804 1169 1058 1217 acceptande;
1099 1168 1189 1205 ideo
1228 1168 1426 1218 quidquid
1463 1171 1643 1219 legende,
1683 1172 1749 1207 de-

437 1227 604 1263 cretales
636 1239 740 1274 pape
771 1227 832 1263 vel
854 1227 1017 1275 angelus
1051 1227 1098 1264 de
1130 1227 1215 1263 celo
1239 1227 1279 1263 in
1303 1227 1473 1265 materia
1496 1228 1571 1265 ista
1594 1228 1749 1274 dixerit,

436 1295 527 1323 sunt
570 1285 668 1322 fides
712 1285 909 1333 scripture
954 1294 991 1321 et
1034 1286 1143 1322 racio
1183 1285 1429 1333 preferende.
1477 1287 1577 1322 Cum
1617 1295 1748 1323 autern

439 1346 536 1381 fides
576 1343 772 1392 scripture
812 1352 893 1380 tam
935 1345 1076 1380 crebro
1107 1351 1223 1381 vocat
1262 1343 1436 1380 hostiam
1470 1344 1581 1381 illam
1610 1357 1750 1394 panem

440 1413 477 1441 et
510 1415 717 1451 nunquam
752 1401 952 1449 accidens,
986 1402 1162 1450 primum
1187 1410 1244 1438 est
1277 1401 1476 1450 intrepide
1509 1402 1750 1451 capiendum
1769 1422 1811 1443 20

441 1471 478 1500 et
522 1461 743 1497 secundum
788 1469 998 1508 tamquam
1044 1459 1294 1508 incognitum
1341 1459 1587 1508 fugiendum.
1639 1461 1753 1497 Unde

441 1521 635 1557 audacter
667 1517 898 1566 prenostico
932 1518 1118 1555 omnibus
1152 1517 1211 1554 his
1249 1517 1365 1554 sectis
1402 1526 1577 1566 quatuor
1609 1527 1646 1555 et
1674 1517 1754 1554 suis

443 1576 707 1625 complicibus
733 1577 841 1625 quod
863 1589 945 1612 non
969 1577 1230 1613 declarabunt
1252 1576 1314 1611 vel
1337 1575 1551 1613 defendent
1574 1575 1756 1613 fidelibus

443 1637 551 1685 quod
604 1636 680 1671 hoc
731 1643 1032 1671 sacramentum
1086 1634 1135 1670 sit
1187 1633 1372 1670 accidens
1423 1633 1508 1670 sine
1561 1634 1755 1678 subiecto,

443 1703 661 1742 antequam
695 1691 875 1730 Christus
916 1701 952 1728 et
991 1701 1076 1729 tota
1114 1691 1370 1739 triumphans
1404 1691 1572 1728 ecclesia
1603 1690 1758 1728 venerit

444 1753 628 1803 equitans
661 1751 702 1788 in
736 1749 846 1787 finali
879 1750 1028 1787 iudicio
1061 1745 1352 1798 super'flatum
1386 1749 1516 1798 angeli
1550 1749 1759 1788 GabrieliS.

503 1814 656 1848 Instant
696 1818 831 1846 autem
871 1808 1049 1856 sophiste
1083 1809 1192 1857 quod
1232 1809 1307 1844 hoc
1346 1816 1643 1844 sacramentum
1678 1820 1759 1844 non

446 1871 495 1907 sit
540 1867 726 1906 accidens
771 1867 855 1903 sine
900 1866 1092 1912 subiecto,
1141 1879 1231 1902 cum
1272 1866 1392 1902 habet
1430 1878 1577 1914 corpus
1611 1864 1759 1902 Christi

447 1929 555 1977 quod
600 1935 658 1963 est
702 1925 927 1962 subiectum
973 1926 1023 1961 ad
1056 1923 1275 1973 quemlibet
1308 1932 1503 1971 punctum
1537 1923 1610 1969 sui,
1650 1932 1687 1959 et
1719 1922 1760 1958 in

447 1987 523 2023 isto
547 1992 801 2022 sacramento
832 1996 949 2019 suum
981 1982 1167 2019 accidens
1199 1981 1394 2018 subiectat
1427 1981 1551 2028 aliud,
1585 1990 1628 2018 ut
1651 1988 1761 2029 patet
1778 1990 1819 2022 30

448 2046 495 2081 de
528 2042 677 2091 triplici
710 2053 855 2090 genere
889 2049 1022 2077 motus
1056 2040 1153 2076 inibi
1187 2039 1392 2076 existente.
1425 2041 1609 2088 Arguunt
1634 2038 1760 2075 eciam

449 2101 679 2151 philosophi
724 2101 833 2148 quod
877 2099 910 2135 si
955 2098 1159 2147 quantitas
1207 2110 1287 2134 non
1334 2109 1404 2145 per
1443 2110 1483 2134 se
1523 2096 1763 2146 quantificat

450 2171 657 2209 tamquam
698 2157 982 2207 quantificacio
1022 2155 1241 2193 materialis
1280 2155 1519 2201 substancie,
1566 2164 1603 2191 et
1642 2154 1697 2191 sic
1730 2153 1761 2190 si

452 2218 625 2268 qualitas
677 2229 758 2253 non
810 2215 861 2252 sit
912 2214 1166 2263 qualificacio
1220 2212 1444 2250 subiectum
1497 2212 1762 2249 denominans

453 2275 757 2314 accidentaliter
794 2286 878 2310 esse
919 2273 1036 2321 quale
1080 2272 1182 2308 foret
1225 2283 1436 2319 processus
1475 2270 1515 2307 in
1559 2270 1760 2307 infinitum
1780 2280 1819 2312 35

453 2335 493 2371 in
526 2334 669 2371 talibus
701 2331 941 2380 ligamentis.
974 2331 1034 2367 Ad
1067 2329 1398 2366 informacionem
1434 2327 1672 2377 quantitatis
1704 2327 1764 2363 vel

454 2392 672 2441 qualitatis,
725 2400 768 2427 ut
827 2389 921 2426 dicit
980 2387 1192 2434 hereticus,
1253 2386 1471 2435 requiritur
1522 2385 1764 2422 informacio

455 2461 663 2499 tamquam
687 2449 814 2485 forme
836 2446 1067 2484 huiusmodi
1091 2446 1370 2493 ligamentum,
1404 2457 1494 2480 cum
1518 2453 1601 2481 tam
1626 2445 1764 2479 datum

456 2508 641 2546 accidens
686 2519 806 2555 quam
852 2504 1076 2542 subiectum
1122 2512 1256 2551 posset
1296 2514 1379 2539 esse
1418 2502 1503 2538 sine
1543 2503 1618 2538 hoc
1658 2501 1765 2549 quod

1763 845 1801 865 10

1768 1123 1804 1154 15

1775 1701 1814 1733 2'2

526 2628 552 2654 ὃ.
575 2628 622 2654 Α;
644 2626 717 2653 bene
737 2626 832 2652 deest.
924 2632 952 2658 9,
975 2632 1014 2651 10.
1037 2620 1170 2658 &festi
1186 2621 1295 2648 sancti.
1381 2627 1420 2647 12.
1441 2618 1590 2654 Azfides.
1665 2616 1703 2644 13.
1724 2617 1765 2644 A:

458 2661 601 2689 Montem.
694 2661 735 2688 16.
757 2659 875 2687 Codd.:
897 2658 1063 2686 catholica.
1162 2664 1204 2691 19.
1226 2657 1270 2683 A:
1291 2655 1414 2690 scripte.

527 2744 558 2776 s).
585 2732 786 2765 Accidentia
805 2732 908 2763 etiam
927 2731 1000 2762 sine
1015 2729 1171 2770 subjecto
1190 2729 1223 2759 in
1244 2727 1369 2759 codem
1385 2725 1587 2757 consistunt.
1605 2723 1724 2754 Lectio
1743 2722 1768 2753 ΙΙ

460 2782 491 2811 in
513 2781 600 2811 festo
622 2780 788 2821 Corporis
810 2778 947 2809 Christi.
970 2778 1092 2808 Sarum
1117 2775 1276 2816 Breviary
1293 2772 1446 2804 MLXVI.
1543 2771 1591 2801 13.
1618 2771 1665 2801 St.
1681 2770 1770 2809 Aug.

460 2830 551 2868 Opp.
578 2834 662 2857 tom.
690 2827 742 2865 111,
772 2835 801 2864 2,
834 2834 905 2866 104,
932 2823 1062 2864 loosely
1090 2821 1232 2862 quoted.
