1986 3289
150 197 221 232 106

203 767 340 795 Jerome:

196 1464 267 1498 Any
287 1471 344 1490 one

144 1497 290 1532 claimfng
310 1502 339 1524 to
362 1499 396 1525 be

152 1533 284 1560 Christ's
305 1533 388 1560 vicar

151 1567 176 1594 is
198 1568 381 1595 Antichrist'.

131 2166 225 2194 Some
248 2166 334 2193 think
357 2167 407 2193 the

168 2201 249 2234 Popc
270 2200 295 2227 is
316 2201 365 2228 the

156 2235 330 2262 Anticlirist
350 2237 385 2263 of

184 2269 352 2303 scripture.

746 203 863 235 OPUS
889 202 1225 234 EVANGELICUM
1255 203 1338 234 LIB.
1366 203 1417 234 III.
1502 191 1609 244 [CAP-
1633 201 1739 229 XXIX-

428 310 521 347 libet
567 322 703 346 corum
753 309 955 358 impressit
1002 318 1247 346 caracterem
1288 322 1358 358 per
1397 322 1516 358 quem
1559 309 1740 346 Christus

428 377 547 417 caput
580 367 746 405 ecclesie
779 366 1036 415 singulariter
1068 376 1288 407 notaretur.

898 491 1040 533 CAP.
1071 492 1266 533 XXIX.

484 588 674 637 Sequitur
706 588 747 624 in
779 597 885 624 textu
920 588 1134 636 evangelii:
1170 590 1218 624 Et
1241 589 1488 636 respondens
1510 589 1621 624 Jesus
1645 588 1741 624 dixit

427 646 523 682 illis:
557 647 685 682 Videte
718 659 763 682 ne
793 647 877 696 quis
910 659 977 682 vos
1008 647 1177 683 seducat.
1214 647 1332 682 Multi
1363 646 1511 682 venient
1533 646 1568 682 in
1592 647 1775 683 nomin-95

426 716 521 750 meo,
570 704 757 740 dicentes:
805 704 895 755 Ego
933 717 1016 740 sum
1060 704 1240 740 Christus
1282 711 1317 740 et
1361 704 1502 740 multos
1544 705 1743 740 seducent:

426 763 554 810 Super
577 775 656 810 quo
678 762 924 798 Jeronimus:
965 762 1139 806 Quorum
1174 774 1268 798 unus
1300 769 1355 798 est
1387 763 1537 812 Symon
1566 762 1741 798 Samari-

424 827 547 863 tanus,
577 832 685 868 quem
702 820 737 855 in
757 820 903 856 actibus
923 820 1185 869 apostolorum
1208 820 1387 870 legimus,
1410 820 1476 869 qui
1494 832 1535 856 se
1556 832 1740 870 magnam

423 877 502 915 Dei
539 878 686 914 dicebat
731 890 810 914 esse
857 878 1049 916 virtutem.
1096 878 1173 913 Hic
1216 890 1362 927 quoque
1401 878 1502 913 inter
1540 884 1667 914 cetera
1705 878 1740 913 in

424 936 503 972 suis
536 936 790 972 voluminibus
821 936 964 985 scripta
999 936 1216 971 dimittens:
1253 936 1344 986 Ego
1375 948 1460 972 sum
1493 947 1620 971 sermo
1654 936 1740 981 Dei,
1762 950 1800 971 10

423 1006 496 1043 ego
529 1006 612 1030 sum
645 994 850 1043 speciosus,
891 1006 963 1044 ego
1004 1006 1088 1029 sum
1116 994 1346 1043 paraclitus,
1385 1006 1458 1044 ego
1491 993 1741 1042 omnipotens,

424 1064 497 1102 ego
530 1052 657 1088 omnia
681 1052 777 1096 Dei;
806 1052 875 1088 sed
906 1059 941 1087 et
961 1052 1155 1087 Johannes
1187 1051 1381 1100 apostolus
1413 1051 1449 1087 in
1483 1051 1641 1100 epistola
1672 1064 1740 1087 sua

424 1109 614 1158 loquitur:
659 1109 831 1146 Audistis
875 1110 960 1158 quia
995 1109 1254 1145 Antichristus
1299 1116 1482 1145 venturus
1526 1116 1602 1154 est;
1645 1121 1741 1145 nunc

423 1174 549 1203 autem
573 1167 803 1203 Antichristi
824 1167 938 1203 multi
956 1175 1056 1203 sunt.
1090 1167 1180 1218 Ego
1205 1179 1296 1204 reor
1318 1179 1447 1203 omnes
1470 1167 1741 1203 heresiarchas

423 1224 684 1262 Antichristos
727 1237 809 1261 esse
852 1232 887 1261 et
923 1226 992 1261 sub
1036 1226 1187 1261 nomine
1224 1225 1373 1261 Christi
1407 1237 1450 1260 ea
1491 1225 1629 1261 docere
1673 1228 1797 1273 que15

423 1284 623 1319 contraria
661 1291 749 1319 sunt
785 1283 954 1321 Christo.
1002 1284 1083 1319 Nec
1127 1283 1268 1318 mirum
1313 1283 1348 1319 si
1389 1282 1536 1331 aliquos
1579 1283 1625 1318 ab
1670 1283 1742 1318 hiis

424 1341 621 1377 videamus
652 1342 794 1388 seduci,
827 1353 911 1377 cum
941 1341 1132 1377 Dominus
1164 1341 1283 1377 dixit.-
1314 1341 1366 1376 Et
1388 1341 1528 1377 multos
1549 1341 1740 1377 seducent.

424 1400 506 1436 Hec
537 1401 787 1448 leronymus.

480 1456 651 1494 Videtur
682 1458 801 1494 istum
836 1465 1021 1493 sanctum
1055 1456 1123 1505 qui
1158 1457 1304 1493 multas
1338 1455 1525 1504 cognovit
1558 1455 1741 1492 cronicas

424 1524 461 1551 et
505 1515 733 1562 specialiter
777 1514 1067 1563 scripturarum
1121 1514 1279 1562 opinari
1324 1513 1587 1562 probabiliter
1632 1515 1741 1562 quod
1758 1527 1799 1548 20

424 1574 664 1621 pretendens
716 1585 756 1610 se
808 1585 892 1609 esse
938 1572 1086 1609 Christi
1138 1572 1348 1618 vicarium,
1403 1571 1630 1608 cuiusmodi
1683 1580 1740 1608 est

422 1644 540 1679 papa,
590 1631 665 1667 erit
712 1631 939 1667 evidencius
978 1629 1249 1666 Antichristus
1294 1639 1331 1666 et
1374 1631 1562 1666 seductor
1600 1630 1739 1677 populi

423 1689 652 1739 christiani3
698 1689 812 1726 cuius
852 1688 1057 1725 evidencia
1096 1697 1154 1725 est
1186 1690 1295 1736 quod
1334 1688 1419 1736 ipse
1452 1687 1492 1724 in
1525 1687 1738 1724 duodecim

422 1747 543 1795 signis
577 1756 635 1783 est
670 1746 797 1795 magis
831 1746 991 1783 Christo
1025 1746 1263 1783 contrarius.
1310 1748 1358 1782 Et
1395 1745 1609 1782 falsitatem
1643 1758 1739 1793 ypo-

423 1805 535 1842 crisis
569 1805 706 1842 dicunt
739 1805 876 1841 fideles
910 1816 993 1841 esse
1028 1804 1203 1841 medium
1240 1803 1494 1852 potissimum
1529 1815 1599 1851 per
1631 1804 1739 1851 quod
1756 1806 1795 1838 25

423 1863 606 1899 diabolus
639 1864 802 1899 seducet
835 1862 1046 1899 ecclesiam
1083 1862 1342 1907 militantem3
1377 1861 1570 1909 dyabolus
1604 1870 1736 1897 autem

422 1923 542 1957 habet
586 1921 627 1957 in
671 1933 776 1969 papa
816 1921 989 1968 fingente
1029 1932 1069 1956 se
1109 1919 1255 1957 Christi
1294 1919 1488 1956 vicarium
1530 1918 1738 1967 oportuni—

422 1988 547 2015 tatem
581 1978 774 2015 maiorem
810 1980 860 2015 ad
893 1979 1166 2014 seducendum
1201 1977 1409 2014 ecclesiam
1441 1989 1562 2025 quarn
1596 1976 1635 2012 in
1659 1976 1737 2013 alio

424 2037 634 2075 militante.
668 2038 761 2073 Ideo
795 2036 959 2085 quidam
994 2035 1258 2084 probabiliter
1290 2043 1479 2083 reputant
1501 2035 1610 2082 quod
1633 2047 1738 2083 papa

422 2094 472 2130 sit
516 2094 582 2131 ille
614 2094 884 2131 Antichristus
925 2093 993 2142 qui
1041 2093 1105 2130 hic
1149 2102 1187 2129 et
1225 2093 1320 2129 alibi
1359 2092 1399 2128 in
1438 2092 1636 2140 scriptura
1677 2105 1738 2128 ex·
1755 2096 1796 2127 30

422 2152 630 2200 primitur;
663 2165 754 2189 cum
778 2152 827 2188 sit
850 2151 1034 2200 specialis
1057 2160 1296 2199 procurator
1319 2150 1491 2198 dyaboli,
1516 2161 1738 2198 procurans

422 2223 492 2258 per
521 2210 733 2246 mendacia
761 2209 1036 2258 perdicionem
1062 2209 1195 2245 anime
1229 2218 1369 2245 contra
1392 2207 1612 2246 Christum.
1645 2208 1737 2244 Ideo

422 2280 510 2304 cum
559 2277 640 2304 tam
686 2268 726 2304 in
768 2268 850 2304 vita
878 2280 1015 2315 -quam
1055 2266 1095 2302 in
1136 2267 1314 2303 moribus
1352 2266 1401 2302 sit
1434 2274 1543 2302 tante
1576 2264 1736 2301 Christo

422 2326 659 2375 contrarius,
713 2325 922 2373 probabile
974 2333 1032 2361 est
1085 2326 1192 2373 quod
1245 2324 1285 2360 in
1338 2323 1486 2371 triplici
1538 2323 1736 2371 scriptura

421 2384 550 2431 prime
584 2383 751 2431 epistole
781 2382 974 2419 Johannis
1013 2382 1062 2419 sit
1101 2382 1166 2418 ille
1199 2394 1317 2430 quem
1361 2381 1531 2429 Spiritus
1565 2382 1736 2417 Sanctus
1753 2382 1792 2416 35

420 2441 604 2478 nominat
637 2441 940 2480 Antichristum.

489 2555 510 2575 ι,
532 2547 650 2574 Codd.:
668 2555 728 2582 per
749 2555 850 2581 quam.
941 2545 966 2573 3.
990 2546 1010 2573 Β
1031 2546 1060 2573 in
1084 2554 1196 2580 marg:
1220 2553 1271 2581 29.
1362 2553 1386 2578 7.
1409 2545 1437 2571 A
1458 2544 1486 2571 in
1510 2551 1625 2578 marg:
1646 2544 1736 2582 Jero-

420 2590 536 2617 nymus.
628 2589 656 2616 o.
680 2582 716 2608 B:
738 2582 804 2608 Hec
824 2589 953 2617 quoque.
1029 2589 1070 2616 19.
1092 2582 1119 2608 A
1140 2581 1168 2607 in
1191 2588 1305 2614 marg:
1335 2579 1505 2606 Jolzcmnes.
1595 2585 1634 2605 21.
1656 2578 1685 2604 A
1704 2585 1734 2604 in

422 2625 535 2652 marg:
558 2617 604 2643 De
624 2616 825 2643 Antichristo.
917 2615 960 2643 33.
982 2616 1023 2643 A:
1048 2616 1078 2643 in
1099 2615 1225 2642 omitted
1249 2614 1351 2641 before
1372 2614 1516 2641 moribus.

490 2687 523 2717 4.
549 2676 668 2707 Matth.
691 2676 810 2714 XXIV,
827 2675 928 2717 4-5,
993 2686 1024 2718 7.
1050 2676 1188 2706 Comm.
1208 2675 1241 2705 in
1260 2673 1378 2705 Matth.
1399 2674 1420 2704 l.
1438 2683 1465 2704 c.
1485 2683 1517 2714 p.
1541 2672 1734 2714 182-193;

424 2723 467 2755 ib.
494 2725 568 2753 Act.
596 2723 682 2754 VIII.
768 2732 816 2753 12.
845 2723 868 2753 Ι.
894 2722 973 2753 Joh.
1003 2722 1041 2761 11,
1079 2720 1128 2753 18.
1203 2731 1256 2752 22.
1290 2720 1342 2751 Cf.
1369 2720 1420 2751 De
1447 2718 1585 2750 Christo
1612 2724 1645 2749 et
1670 2728 1735 2749 suo

423 2769 622 2800 adversario
638 2768 860 2807 Antichristo,
876 2768 950 2799 Pol.
973 2768 1113 2808 Works‚
1134 2768 1187 2799 ed.
1207 2766 1432 2807 Buddensieg
1446 2765 1484 2805 II⁷
1501 2775 1565 2808 279
1584 2770 1617 2796 et
1635 2774 1734 2806 seqq.

424 2815 475 2846 Cs.
503 2821 536 2846 et
562 2815 647 2846 infra
674 2825 751 2857 pag.
784 2815 856 2848 133.
