1986 3289
207 190 294 217 GAP-
315 180 467 234 LXX111]
578 194 637 224 DE
664 193 978 225 ANTICHRISTO
1007 193 1090 224 ΜΒ.
1118 193 1140 223 1.

265 300 392 346 Super
438 311 517 346 quo
561 301 815 346 Jeronymus:
871 299 1035 336 Tollitur
1079 306 1205 334 autem
1251 299 1433 334 talentum
1481 305 1515 333 et

209 357 326 392 datur
357 357 392 392 ei
422 357 485 405 qui
516 357 643 392 decem
678 358 821 392 talenta
845 357 1004 404 fecerat
1036 364 1074 391 ut
1106 356 1382 406 intelligamus,
1428 356 1515 391 licet

207 414 242 449 in
274 414 473 462 utriusque
505 414 637 450 labore
676 416 809 463 equale
839 415 887 450 sit
918 415 1106 465 gandium
1140 414 1310 461 Domini,
1344 414 1415 449 lzoc
1447 420 1514 459 est,

207 479 241 507 et
286 471 364 508 eius
414 472 479 521 qui
508 473 669 521 quinque
713 473 748 508 in
794 473 921 508 decem
968 472 1234 521 duplicaverat
1278 479 1313 507 et
1344 471 1422 507 eius
1454 471 1518 519 qui

175 530 282 565 §duo
315 530 350 565 in
383 537 572 578 quatuor;
602 537 727 565 tamen
762 530 885 565 maius
908 530 1040 566 deberi
1066 530 1259 578 premium
1284 529 1318 566 ei
1346 529 1411 577 qui
1427 529 1517 577 plus

207 587 243 622 in
276 588 440 635 pecunia
480 588 625 624 domini
667 588 870 624 laboravit.
929 588 1035 623 Unde
1082 587 1172 623 dicit
1215 594 1250 623 et
1287 586 1518 636 Apostolus:

208 645 468 697 Presbyteros
500 646 661 692 honora,
715 646 778 693 qui
809 657 898 681 vere
930 645 1161 695 presbyteri
1195 652 1293 691 sunt,
1347 644 1518 680 maxime

207 704 272 751 qui
302 704 481 740 laborant
527 704 562 739 in
597 704 712 739 verbo
745 703 830 740 Dei.
880 703 945 738 Ex
992 715 1032 739 eo
1081 704 1181 751 quod
1225 703 1350 738 malus
1381 713 1518 738 servus

207 774 322 798 ausus
355 769 409 797 est
441 762 589 797 dicere:
632 761 748 797 Metis
780 761 845 796 ubi
874 773 946 797 non
977 761 1176 797 seminasti
1220 768 1255 796 et
1294 771 1518 810 congregas

156 834 192 855 10
208 820 272 855 ubi
301 833 373 855 non
406 819 594 868 sparsisti,
641 819 904 869 intelligamus
936 819 1054 855 eciam
1086 819 1288 869 gentilium
1329 826 1364 854 et
1390 817 1516 867 philo-

207 878 419 926 sophorum
454 878 590 913 bonam
625 877 741 912 vitam
783 877 958 926 recipere
988 877 1200 912 Dominum
1234 884 1270 912 et
1301 876 1415 912 aliter
1447 875 1516 911 ha-

209 935 297 971 bere
329 947 393 971 eos
425 935 489 983 qui
519 935 626 980 iuste,
659 942 695 970 et
726 934 842 970 aliter
874 946 938 970 eos
968 934 1033 983 qm·
1063 935 1200 970 iniuste
1232 941 1367 984 agant,
1401 940 1435 969 et
1467 933 1518 968 ad

209 993 542 1041 comparacionem
589 993 667 1028 eius
700 992 763 1040 qui
806 992 980 1028 naturali
1025 992 1106 1042 legi
1135 992 1281 1028 serviat
1313 992 1517 1039 condemp-

208 1051 298 1086 nari
354 1063 416 1087 eos
459 1051 524 1099 qui
564 1050 748 1098 scriptam
807 1050 932 1100 legem
979 1050 1195 1100 negligant.
1255 1049 1369 1086 Omni
1419 1048 1515 1084 enim

155 1107 363 1144 15habenti
393 1109 549 1144 dabitur
580 1116 614 1144 et
645 1108 852 1143 abundabit
884 1115 953 1144 etc.
987 1108 1106 1143 Multi
1126 1120 1210 1143 cum
1233 1107 1308 1143 sint
1328 1107 1517 1156 sapientes

208 1166 441 1202 naturaliter
472 1174 507 1202 et
539 1166 702 1201 habeant
740 1177 896 1201 acumen
935 1165 1090 1215 ingenii,
1142 1166 1177 1201 si
1200 1165 1357 1214 fuerint
1396 1163 1518 1215 negli-

206 1231 340 1274 gentes
371 1231 407 1260 et
439 1224 585 1260 desidia
634 1230 772 1259 nature
815 1224 951 1259 honum
993 1223 1241 1271 corruperint
1279 1223 1331 1258 ad
1362 1234 1516 1271 compa-

209 1282 400 1318 racionem
434 1282 512 1317 eius
543 1281 606 1330 qui
632 1281 836 1330 paululum
870 1281 1036 1330 tardior,
1083 1281 1217 1317 labore
1255 1287 1290 1316 et
1326 1279 1518 1316 industria

209 1339 469 1388 compensavit
499 1340 602 1388 quod
632 1339 756 1374 minus
780 1339 921 1385 habuit,
949 1339 1123 1387 perdunt
1153 1339 1291 1374 bonum
1316 1345 1453 1373 nature
1484 1344 1519 1373 et

153 1397 397 1446 2opremium
444 1397 544 1445 quod
587 1397 638 1433 eis
670 1397 813 1445 fuerat
846 1396 1123 1445 repromissum
1178 1396 1305 1432 vident
1351 1395 1519 1431 transire

208 1455 260 1490 ad
290 1455 399 1491 alios.
444 1457 572 1491 Potest
609 1462 644 1490 et
686 1455 740 1490 sic
783 1454 968 1504 intelligi:
1010 1454 1061 1489 Ei
1092 1454 1156 1503 qui
1175 1454 1300 1504 fidem
1341 1454 1452 1489 habet
1484 1460 1519 1488 et

209 1513 345 1549 bonum
378 1513 413 1548 in
436 1513 603 1549 Domino
628 1513 875 1558 voluntatem⁷
900 1512 1056 1548 eciamsi
1076 1512 1167 1560 quid
1189 1512 1312 1548 minus
1344 1512 1380 1547 in
1404 1522 1520 1560 opere

210 1578 249 1606 ut
270 1571 382 1606 homo
406 1570 594 1616 habuerit,
629 1570 783 1605 dabitur
806 1582 826 1605 a
850 1570 946 1606 hono
975 1570 1111 1605 iudice.
1152 1570 1229 1614 Qui
1255 1577 1380 1606 autem
1392 1560 1517 1619 fidem

209 1640 280 1664 non
314 1628 490 1664 hahuerit
522 1628 639 1664 eciam
674 1635 822 1663 ceteras
855 1627 1016 1664 virtutes
1048 1639 1141 1675 quas
1175 1628 1376 1663 videbatur
1409 1633 1518 1662 natu-

152 1685 192 1717 25
209 1686 348 1721 raliter
374 1686 578 1734 possidere
605 1686 757 1735 perdet.
792 1685 845 1720 Et
877 1686 1081 1736 eleganter
1112 1686 1233 1734 inquit
1264 1686 1383 1721 eciam
1415 1684 1519 1734 quod

208 1744 361 1780 videtur
392 1744 533 1779 habere
565 1744 769 1792 auferetur
800 1743 846 1778 ab
880 1755 933 1779 eo.
982 1743 1174 1791 Quicquid
1202 1743 1299 1779 enim
1332 1743 1412 1778 sine
1431 1742 1519 1791 fide

213 1801 361 1837 Christi
390 1809 458 1850 est,
492 1813 564 1837 non
597 1801 631 1836 ei
662 1801 769 1837 debet
813 1801 998 1849 imputari
1040 1801 1103 1849 qui
1143 1802 1243 1837 male
1285 1801 1425 1836 abusus
1464 1806 1519 1835 est

206 1860 276 1895 sed
306 1859 364 1894 illi
393 1859 458 1907 qui
487 1859 605 1895 eciam
638 1859 741 1894 malo
773 1870 886 1895 servo
920 1866 1059 1894 nature
1079 1859 1218 1895 bonum
1251 1858 1400 1897 tribuit.
1434 1859 1518 1893 Hec

208 1918 458 1965 JeronmeS.

152 1973 194 2005 30
266 1976 321 2010 Ex
353 1974 427 2010 hiis
461 1973 577 2010 dictis
610 1974 727 2010 huius
767 1973 894 2010 sancti
926 1973 1188 2022 implicantur
1222 1973 1346 2009 multa
1381 1973 1519 2009 catho-

209 2032 285 2068 lica
329 2040 424 2068 nota
469 2032 601 2080 digna,
647 2032 823 2080 primum
870 2033 978 2080 quod
1022 2031 1170 2068 iustum
1217 2030 1409 2067 iudicium
1446 2029 1518 2066 Dei

211 2089 380 2138 requirit
413 2091 521 2138 quod
556 2090 726 2126 fideliter
758 2090 986 2126 laborantes
1020 2091 1069 2126 ad
1101 2089 1317 2126 utilitatem
1353 2088 1519 2125 ecclesie

209 2160 278 2195 per
321 2149 426 2184 bona
471 2160 547 2196 que
580 2150 684 2184 Deus
730 2147 783 2184 eis
817 2149 982 2184 dederat
1013 2149 1218 2184 habebunt
1250 2148 1354 2183 bona
1388 2145 1520 2182 multi-

208 2206 356 2253 plicata
389 2205 429 2242 in
463 2205 606 2253 patria,
642 2218 729 2242 cum
765 2206 863 2242 tales
895 2214 1010 2241 erunt
1043 2204 1250 2242 constituti
1283 2216 1402 2252 super
1435 2216 1521 2240 om-

153 2267 191 2302 35
209 2263 275 2299 nia
307 2265 411 2300 bona
443 2263 528 2309 Dei,
563 2272 599 2299 et
632 2263 698 2309 ita,
732 2272 774 2299 ut
808 2264 926 2300 habet
961 2263 1211 2311 evangelium
1238 2264 1356 2308 Luce,
1391 2263 1439 2298 ab
1473 2273 1519 2297 eo

209 2330 341 2358 auten]
375 2321 527 2358 infideli
568 2321 635 2370 qui
668 2334 749 2357 non
782 2321 883 2357 iuste
916 2322 1036 2357 habet
1076 2321 1229 2369 aliquid
1263 2329 1300 2356 et
1333 2320 1388 2356 sic
1420 2319 1520 2355 illud

210 2381 317 2428 quod
360 2392 441 2415 non
485 2380 604 2415 habet
650 2380 852 2415 auferetur
896 2381 944 2414 ab
991 2391 1051 2428 eo,
1098 2380 1173 2414 hoc
1209 2387 1279 2424 est,
1325 2390 1395 2426 per
1428 2390 1518 2413 eum

209 2436 276 2485 qui
308 2436 410 2473 iuste
440 2446 613 2485 occupat
645 2438 749 2473 bona
780 2437 872 2483 Dei;
908 2445 945 2472 et
978 2437 1040 2472 hic
1073 2437 1264 2472 fundatur
1294 2434 1520 2472 eommunis

279 2683 304 2710 7.
326 2677 371 2703 A:
392 2676 469 2702 veri.
581 2683 617 2702 12.
639 2676 685 2703 A:
711 2675 825 2702 hahere
850 2683 902 2702 eos
921 2675 976 2710 qui
999 2676 1120 2702 iniuste.
1230 2674 1266 2702 13.
1299 2675 1342 2701 A:
1372 2675 1518 2701 serviant.

210 2708 255 2738 30.
275 2712 304 2737 A
323 2711 352 2737 in
376 2718 489 2746 marga
510 2710 676 2738 Jolzarzizes.

283 2816 310 2836 1.
338 2805 474 2836 Comm.
502 2806 532 2836 in
561 2804 681 2836 Matth.
708 2805 729 2835 l.
758 2816 785 2835 c.
812 2815 889 2846 pag.
919 2803 994 2835 208.
1090 2803 1120 2835 6.
1150 2805 1171 2835 1„
1197 2803 1288 2835 Tim.
1314 2804 1357 2843 V,
1390 2814 1440 2845 17.

1358 2860 1426 2892 18ἐξ

1720 194 1798 232 275

1597 305 1717 333 Jerome
1729 315 1734 332 :

1530 340 1614 375 Why
1635 340 1684 379 ὼε
1704 340 1797 367 talent

1547 383 1623 436 &535
1631 379 1782 436 3513?ssssss

1634 448 1693 471 ten.

1558 1977 1655 2005 God's
1675 1977 1782 2013 justice

1568 2013 1705 2039 rewards
1725 2013 1774 2039 the

1602 2046 1733 2074 faithful.
