1986 3289
137 844 174 864 10

137 1122 173 1155 15

133 1427 175 1448 20

133 1706 172 1738 25

132 1996 173 2027 30

193 204 281 231 CAP.
304 193 430 247 tvm]
581 206 639 237 DE
668 205 980 237 Auricnalsro
1009 205 1092 237 ΜΒ.
1120 206 1142 237 1.

190 313 380 362 quomodo
413 319 568 348 econtra
603 311 744 347 dicitur
775 324 796 347 cz
830 312 1011 348 Domino.
1052 313 1165 348 Nunc
1197 311 1376 361 cognovi,
1422 310 1499 346 dic·

192 378 269 405 tum
310 377 364 406 est
411 370 578 415 Abrahe,
632 381 729 405 nunc
774 370 941 420 cognovi
984 370 1162 418 quoniam
1209 369 1319 405 times
1358 368 1498 405 Deum.

191 428 278 463 Hoc
310 427 407 463 enim
432 428 538 463 Deus
570 435 731 463 noverat
763 435 798 463 et
829 435 915 463 ante
946 427 1053 463 illam
1082 427 1381 476 probacionem;
1413 439 1499 462 nam

192 485 257 521 illa
276 485 463 534 probae-io
486 485 569 521 ideo
595 485 707 534 facta
732 492 798 530 est,
833 493 872 520 ut
904 498 971 521 nos
994 497 1239 521 nosceremus
1271 484 1373 533 quod
1397 484 1501 520 Deus

191 543 266 579 iam
299 550 460 579 noverat
481 550 516 579 et
538 550 706 591 propter
737 555 805 579 nos
827 544 1018 579 docendos
1040 543 1369 586 conscriberetur;
1399 542 1501 591 quod

190 608 277 637 ante
323 601 589 637 documentum
635 600 700 636 ille
743 608 904 636 noverat
935 608 969 636 et
991 602 1171 649 fortasse
1202 601 1267 636 ille
1297 600 1497 635 Abraham

191 659 356 694 nondum
390 665 550 694 noverat
582 670 675 706 quas
708 658 809 694 vires
842 658 1001 694 haberet
1022 659 1127 708 fides
1159 659 1248 695 eius.
1304 659 1387 693 Hec
1418 659 1498 693 Au-

192 725 387 764 gustinus.

247 773 414 810 Videtur
437 774 545 822 quod
578 772 650 809 iste
675 774 750 809 due
784 773 913 810 fistule
937 773 1109 821 Spiritus
1141 774 1277 811 Sancti
1299 773 1339 810 in
1364 774 1500 810 catho-

190 831 266 867 lico
298 843 415 867 sensu
448 830 702 877 conveniunt,
736 831 888 868 scilicet
922 833 1029 880 quod
1061 841 1149 868 tota
1171 832 1352 869 Trinitas
1385 833 1500 868 abso-

188 889 270 925 lute
292 889 517 925 necessario
541 888 612 925 scit
635 889 773 925 omnia
796 889 1000 937 preterita,
1029 890 1238 937 presencia
1261 890 1321 926 vel
1352 889 1497 935 futura,

190 956 227 983 et
260 948 334 983 hoc
380 948 498 995 plane
531 947 647 982 docet
680 955 847 995 uterque
881 959 1033 985 eorum.
1086 948 1178 983 Ideo
1224 948 1298 984 hoc
1332 947 1500 983 firmiter

189 1013 395 1041 teneamus
428 1013 634 1052 tamquam
668 1013 802 1041 nostre
836 1004 927 1041 fidei
960 1005 1280 1042 fundamentum.
1333 1004 1500 1041 Videtur

189 1070 323 1098 tamen
345 1064 604 1110 Jeronymum
628 1061 795 1099 innuere
818 1063 925 1111 quod
949 1062 1024 1099 ista
1048 1062 1245 1111 particula
1277 1075 1357 1099 non
1380 1064 1500 1099 habe-

190 1128 253 1156 tur
275 1120 315 1156 in
339 1119 475 1156 Grecis
499 1119 701 1156 codicibus
725 1121 785 1156 vel
800 1120 951 1168 Ebreis,
974 1123 1043 1157 sed
1066 1120 1160 1169 quia
1183 1120 1308 1158 Marci
1322 1122 1420 1166 XIII,
1445 1131 1496 1169 32

189 1189 369 1226 expresse
393 1177 580 1214 scribitur
612 1177 652 1213 in
676 1178 839 1214 Latino:
873 1178 935 1215 De
968 1179 1028 1214 die
1050 1186 1177 1214 autem
1209 1179 1275 1215 illo
1310 1179 1370 1214 vel
1402 1179 1499 1214 hora

189 1248 297 1271 nemo
340 1236 410 1272 scit
442 1248 561 1284 neque
605 1236 737 1285 angeli
768 1237 803 1271 in
848 1237 928 1272 celo
976 1249 1094 1285 neque
1113 1237 1227 1286 filius
1271 1236 1344 1272 nisi
1368 1243 1496 1285 pater.

189 1295 299 1338 Item,
333 1302 460 1329 textus
494 1292 660 1329 Matthei
693 1293 771 1329 iam
806 1294 931 1330 lectus
962 1293 1119 1330 videtur
1156 1306 1301 1330 sonare
1334 1293 1375 1329 in
1408 1305 1499 1330 ean-

190 1352 277 1387 dem
324 1350 584 1397 sentenciam,
638 1363 726 1387 cum
774 1351 813 1387 in
846 1351 921 1388 isto
960 1352 1033 1388 nisi
1058 1359 1174 1401 pater
1204 1352 1310 1387 solus
1343 1351 1498 1387 videtur

188 1408 392 1456 pertinens
425 1408 577 1457 precise
611 1409 784 1446 exclusio
817 1409 1051 1457 personalis.

247 1468 359 1516 Item,
399 1466 485 1514 pari
526 1466 729 1503 evidencia
770 1479 849 1515 qua
882 1467 944 1504 hic
995 1467 1171 1504 defectus
1219 1466 1498 1515 interpretum,

189 1524 284 1573 poni
316 1534 449 1573 posset
482 1525 658 1561 defectus
688 1526 736 1561 ab
761 1525 937 1562 heretico
969 1525 1009 1561 in
1034 1525 1213 1573 quolibet
1238 1527 1357 1562 verbo
1381 1536 1498 1561 evan-

190 1582 316 1630 gelico
349 1583 458 1631 quod
491 1584 694 1631 depravat.
730 1582 795 1620 Sic
819 1583 923 1619 enirn
960 1582 1076 1619 multi
1098 1582 1336 1630 interpretes
1368 1582 1497 1631 impo-

190 1649 356 1676 suerunt
379 1640 650 1688 calumpniam
676 1640 1005 1689 interpretacioni
1028 1640 1244 1688 Jeronymi.
1280 1639 1499 1688 Supposito

190 1710 283 1746 ergo
316 1699 424 1746 quod
464 1698 538 1734 ista
576 1697 649 1733 fuit
681 1698 841 1746 loquela
884 1698 925 1734 in
957 1698 1084 1735 tribus
1118 1698 1337 1744 codicibus,
1390 1706 1499 1746 patet

190 1768 233 1792 ex
265 1756 376 1803 glosa
408 1755 617 1803 Augustini
664 1757 772 1803 quod
812 1757 951 1793 eadem
985 1765 1120 1793 manet
1152 1755 1356 1792 sentencia
1388 1764 1498 1791 utro-

189 1813 320 1861 bique.
354 1814 560 1850 Consonat
592 1821 726 1849 autem
760 1814 833 1850 iste
864 1823 992 1850 textus
1015 1813 1141 1850 Marci
1173 1813 1337 1850 utilitati
1371 1813 1498 1850 eccle-

188 1871 243 1907 sie
277 1880 314 1907 et
337 1870 424 1907 aliis
449 1871 576 1907 modis
599 1871 790 1919 loquendi
815 1871 1023 1920 scripture.
1057 1871 1162 1907 Dicit
1186 1870 1289 1908 enim
1316 1870 1498 1908 Christus

189 1929 354 1965 Matthei
388 1930 503 1974 XXV,
544 1939 589 1966 12
623 1929 744 1965 Amen
779 1930 863 1965 dico
887 1930 1014 1974 vobis5
1045 1929 1170 1966 nescio
1204 1942 1283 1975 νος,
1319 1930 1394 1965 hoc
1427 1937 1497 1973 est,

189 1986 324 2023 nescio
357 1999 425 2023 vos
459 1999 543 2023 esse
577 1987 696 2034 digne
730 1988 779 2023 ad
813 1987 1103 2024 beatitudinem
1139 1987 1426 2035 admittendos,
1462 1995 1498 2022 et

189 2044 462 2091 conformiter,
516 2044 619 2080 filius
667 2044 857 2092 magister
888 2044 1066 2093 optimus
1109 2045 1235 2081 nescit
1274 2046 1382 2093 quod
1416 2043 1499 2080 dies

190 2102 263 2138 ista
295 2102 344 2138 sit
377 2102 564 2138 militanti
598 2102 763 2138 ecclesie
796 2103 1050 2141 declaranda.
1095 2104 1172 2139 Sed
1205 2111 1289 2139 tota
1321 2101 1498 2138 Trinitas

190 2160 283 2196 licet
326 2169 421 2196 tunc
455 2160 561 2196 diem
607 2161 712 2196 clare
760 2160 994 2208 cognoverit
1027 2170 1209 2209 expectat
1248 2172 1375 2209 usque
1406 2168 1497 2208 post

191 2217 294 2253 diem
329 2217 465 2254 iudicii
500 2226 543 2253 ut
575 2217 624 2253 sit
656 2218 696 2253 in
731 2218 862 2265 patria
894 2219 1113 2255 declarata.

247 2277 293 2311 Et
324 2287 394 2323 per
417 2276 491 2311 hoc
527 2284 636 2323 patet
664 2275 871 2323 responsio
909 2277 958 2312 ad
988 2276 1172 2324 argucias
1205 2275 1495 2324 sophistarum:

188 2335 372 2381 Arguunt
420 2332 524 2369 enim
571 2345 612 2369 ex
647 2334 777 2381 glossa
810 2333 1021 2381 Augustini
1061 2335 1169 2382 quod
1203 2342 1287 2370 tota
1320 2332 1497 2369 Trinitas

188 2390 314 2427 nescit
346 2390 539 2439 quicquid
572 2391 710 2427 fecerit
742 2404 816 2427 nos
848 2391 1016 2428 nescire.
1051 2394 1099 2427 Et
1131 2404 1222 2428 cuni
1246 2400 1306 2427 tot
1338 2391 1496 2439 ignora-

190 2461 276 2484 mus
324 2460 401 2497 que
438 2448 574 2485 omnia
614 2450 814 2497 approbat
851 2449 1028 2486 Trinitas
1072 2449 1296 2494 benedicta,
1341 2448 1497 2485 videtur

189 2507 298 2554 quod
330 2505 399 2543 illa
420 2506 598 2543 Trinitas
631 2506 766 2543 omnia
799 2506 867 2544 illa
899 2507 1039 2544 nescit.
1073 2508 1151 2544 Sed
1184 2507 1313 2544 sciant
1346 2505 1496 2555 garruli

260 2764 286 2784 2.
308 2757 347 2784 B:
367 2758 440 2792 quia
461 2757 558 2785 times.
683 2756 708 2785 3.
729 2758 768 2785 B:
790 2758 847 2785 hoc
866 2760 910 2785 est
930 2757 1021 2785 Deus.
1147 2767 1176 2790 4.
1198 2758 1240 2784 A:
1263 2757 1317 2785 illa
1358 2757 1498 2786 robacio.

190 2789 214 2824 5,
236 2792 263 2819 ὁ.
284 2791 322 2818 B:
343 2792 426 2827 quod
443 2795 554 2820 aulem.
647 2800 688 2820 10.
709 2793 737 2819 A
757 2792 787 2819 in
810 2800 924 2827 marg:
945 2792 1115 2820 Jolzannes.
1203 2799 1240 2818 ιη.
1262 2793 1289 2819 Α
1307 2804 1313 2818 :
1351 2792 1378 2819 ic
1398 2792 1497 2820 twice.

193 2824 232 2853 35.
253 2827 296 2853 A:
314 2834 372 2861 per
391 2827 449 2854 hoc
467 2827 559 2854 deest.

1543 790 1610 818 The
1630 790 1753 826 Trinity

1567 826 1677 852 knows
1698 825 1735 852 all

1544 860 1660 894 things,
1682 865 1761 895 past,

1550 898 1675 930 present
1694 895 1753 921 and

1595 929 1705 957 future.
