1986 3289
153 207 227 243 130
764 212 882 244 OPUS
908 212 1246 243 EVANGELICUM
1274 212 1357 243 Llss.
1385 213 1439 243 ΙΙΙ.
1494 200 1601 253 [CAP-
1626 208 1752 236 XXXV·

438 320 567 370 magis
591 321 637 355 de
658 318 992 355 consummacione
1021 318 1155 354 mundi
1176 318 1344 367 positam
1376 330 1456 354 esse
1482 317 1758 367 propheciam:

439 386 527 414 tunc
558 378 656 414 sicut
690 377 799 412 docet
837 376 1018 412 Christus
1049 377 1101 412 ad
1134 384 1338 425 utrumque
1376 383 1432 412 est
1465 376 1620 411 dictum.
1663 377 1758 412 Sunt

215 443 351 471 Daniel‘s
438 444 564 472 autem
600 435 717 471 verba
750 435 838 470 illa:
869 434 911 469 In
946 434 1106 470 dimidio
1137 434 1292 483 septimi
1321 434 1413 469 anni
1441 434 1649 483 auferetur
1670 434 1759 485 iuge

152 523 189 548 ap
205 479 363 540 ¹³1}{³SP¹{.{,C1?{
385 516 415 539 ro
438 494 673 543 sacrificium
699 499 733 529 et
756 492 994 528 abominacio
1020 492 1274 529 desolacionis
1295 492 1412 528 stabit
1440 492 1476 527 in
1511 492 1593 529 loco
1625 499 1757 528 sancto

157 522 333 610 Ῑὲιῇζεέἷξξξ
348 547 407 608 *fusci
438 564 556 601 usque
578 552 630 587 ad
661 550 1012 587 consummacionis
1034 557 1185 599 tempus
1217 558 1251 586 et
1284 549 1569 586 consummacio
1603 550 1760 586 dabitur

159 618 208 645 the
229 617 286 644 end
308 617 342 644 01*
359 616 410 643 the
435 622 554 659 super
602 608 862 647 solitudinem.
912 607 997 643 Illic
1035 609 1230 645 exercitus
1274 609 1474 644 Romanus
1519 608 1758 644 abominacio

229 651 338 679 world.
438 667 693 704 desolacionis
733 666 858 702 dictus
897 673 964 711 est,
998 666 1084 715 quia
1129 667 1181 702 ad
1213 666 1494 703 desolacionem
1529 666 1760 702 redacturus

437 727 570 766 fuerat
601 724 806 761 Judaicum
846 724 1014 759 cultum:
1058 724 1117 760 hic
1156 731 1283 760 autem
1316 724 1579 760 Antichristus
1617 723 1760 759 dicitur

438 783 677 821 abominacio
712 782 979 828 desolacionis,
1020 782 1107 831 quia
1146 784 1358 818 multorum
1397 782 1548 818 animas
1580 781 1759 818 christia-

439 854 576 878 norum
612 842 803 890 facturus
849 847 905 876 est
949 841 1146 876 desolatas
1189 853 1209 876 a
1255 841 1353 878 Deo.
1407 840 1509 876 Nam
1555 847 1759 889 antequam

440 907 623 949 caperent
680 898 850 935 Romani
905 898 1122 934 Jerusalem
1182 898 1218 934 in
1280 898 1438 934 dimidio
1496 898 1760 945 hebdomadis,

446 958 626 994 Christus
653 969 728 1007 per
759 969 867 993 suam
903 956 1121 992 doctrinam
1155 956 1242 992 tulit
1274 958 1321 992 de
1359 955 1485 992 medio
1518 956 1609 1006 iuge
1639 956 1761 992 sacri—

433 1017 572 1067 ficium
596 1014 827 1053 Judeorum.
852 1014 954 1050 Nam
978 1014 1119 1050 dicitur
1141 1015 1265 1050 tribus
1287 1014 1397 1050 annis
1419 1021 1454 1050 et
1475 1026 1547 1050 sex
1569 1014 1761 1050 mensibus

445 1075 620 1111 docuisse
652 1073 716 1122 qui
747 1085 932 1109 nurnerus
969 1072 1020 1108 sit
1050 1073 1264 1122 septimane
1297 1073 1517 1108 divinorum
1557 1084 1762 1120 annorum,

442 1141 483 1168 ut
514 1133 612 1168 illud
643 1131 877 1181 sacrificium
911 1131 1014 1179 quod
1046 1131 1192 1182 iugiter
1214 1132 1356 1179 fuerat
1388 1130 1423 1166 in
1457 1142 1525 1166 usu
1559 1130 1763 1167 tolleretur

444 1191 490 1227 de
533 1190 660 1226 medio
706 1197 740 1226 et
779 1190 991 1238 offerretur
1028 1189 1263 1239 sacrificium
1303 1188 1431 1224 laudis
1463 1189 1548 1225 Deo
1589 1188 1625 1224 in
1660 1200 1762 1231 voce,

442 1248 677 1299 sacrificium
726 1247 872 1283 iusticie
916 1247 952 1282 in
1005 1247 1197 1295 operibus,
1248 1246 1483 1296 sacrificium
1532 1246 1643 1296 pacis
1688 1258 1764 1296 per

443 1306 732 1343 eucharistiam.
773 1305 898 1353 Usque
929 1306 981 1340 ad
1001 1305 1125 1355 finem
1165 1312 1293 1341 autem
1326 1305 1446 1341 seculi
1476 1304 1662 1340 tumultus
1693 1311 1762 1350 est,

444 1365 531 1414 quia
562 1364 725 1400 Judaica
759 1364 991 1399 consuetudo
1026 1364 1072 1399 de
1102 1363 1306 1413 sacrificiis
1340 1362 1548 1412 offerendis
1571 1374 1763 1411 nunquam

445 1430 499 1459 est
532 1422 765 1472 reparanda.

160 1486 226 1514 The
248 1485 372 1525 cpmipg
393 1484 428 1512 of
505 1482 615 1522 Item,
649 1480 685 1515 in
720 1479 880 1515 dimidio
913 1479 1178 1525 hebdomadis,
1214 1480 1284 1514 hoc
1323 1485 1390 1525 est,
1432 1478 1468 1513 in
1501 1478 1625 1514 tribus
1657 1477 1765 1513 annis

198 1521 384 1549 Annclmst.
446 1552 530 1575 cum
554 1550 627 1575 sex
649 1537 840 1573 mensibus
862 1537 934 1573 hoc
965 1537 1199 1587 sacrificium
1224 1536 1528 1573 christianorum
1552 1536 1764 1572 tollendum

447 1605 503 1634 est
547 1597 593 1632 ab
632 1595 872 1632 Antichristo
919 1595 1234 1646 confugientibus
1279 1594 1503 1631 christianis
1548 1601 1637 1630 ante
1680 1606 1764 1630 eum

443 1668 518 1705 per
562 1655 645 1690 loca
692 1654 866 1690 deserta:
909 1665 983 1689 non
1022 1653 1097 1689 erit
1138 1654 1203 1702 qui
1238 1660 1305 1688 aut
1343 1652 1378 1688 in
1419 1652 1618 1688 ecclesiam
1652 1652 1767 1688 intret

448 1720 514 1749 aut
546 1712 784 1748 oblacionem
818 1712 957 1760 offerat
988 1712 1085 1747 Deo.
1127 1711 1318 1756 Quoniam
1352 1717 1478 1746 autem
1512 1710 1637 1746 tribus
1657 1709 1766 1746 annis

449 1779 484 1808 et
526 1782 599 1807 sex
642 1770 833 1806 mensibus
867 1770 1180 1818 protendendum
1221 1776 1276 1805 est
1313 1768 1545 1804 Antichristi
1586 1780 1766 1818 regnum,

448 1830 568 1865 multe
598 1829 794 1878 scripture
823 1827 1058 1878 significant,
1099 1827 1274 1864 maxime
1313 1834 1438 1863 tamen
1471 1826 1508 1862 in
1539 1838 1610 1862 sua
1643 1826 1765 1862 Reve-

448 1887 596 1923 lacione
645 1887 851 1922 Johannes.
914 1886 967 1921 Et
1017 1886 1263 1923 solitudinem
1321 1885 1429 1920 illam
1483 1883 1765 1920 consummacio

448 1944 661 1994 occupavit.
695 1945 797 1980 Nam
832 1956 949 1992 usque
979 1944 1015 1980 in
1036 1944 1160 1994 finem
1194 1943 1333 1979 tenebit
1360 1942 1623 1978 Antichristus
1655 1953 1763 1991 quem

1779 852 1817 875 10

1783 1131 1819 1164 15

1781 1431 1823 1453 20

1783 1712 1823 1745 25

449 2003 641 2039 Dominus
677 2003 790 2038 Jesus
833 2002 1039 2052 interficiet
1080 2002 1220 2051 spiritu
1267 2001 1347 2037 oris
1389 2000 1458 2036 sui.
1507 2000 1560 2036 Et
1604 2001 1650 2036 de
1693 2000 1765 2036 hoc
1782 2002 1823 2034 30

449 2061 546 2098 enim
586 2068 621 2097 et
652 2060 862 2109 Apostolus
893 2060 946 2095 ait
979 2060 1128 2096 dicens:
1172 2060 1295 2096 Nemo
1329 2071 1396 2095 vos
1427 2058 1640 2105 conturbet,
1678 2057 1764 2106 quia

450 2119 523 2155 nisi
567 2119 713 2155 venerit
758 2118 943 2154 dissensio
983 2118 1158 2167 primum
1199 2125 1234 2153 et
1272 2117 1468 2153 revelatus
1490 2116 1621 2165 fuerit
1652 2116 1765 2152 homo

449 2177 610 2226 peccati,
632 2176 746 2226 filius
779 2176 968 2221 interitus,
1003 2176 1068 2224 qui
1098 2176 1336 2212 adversatur
1357 2183 1392 2211 et
1420 2174 1625 2210 extollitur
1646 2185 1766 2223 super

453 2247 563 2271 omne
604 2235 708 2284 quod
746 2235 889 2270 dicitur
926 2234 1035 2270 Deus
1077 2242 1143 2270 aut
1181 2234 1333 2279 colitur,
1378 2233 1430 2268 ita
1470 2240 1510 2268 ut
1548 2232 1584 2267 in
1624 2231 1766 2280 templo

451 2293 528 2328 Dei
563 2293 675 2342 quasi
704 2293 813 2328 Deus
849 2293 1004 2336 sedeat‚·
1048 2299 1082 2327 et
1121 2292 1251 2328 addit:
1292 2291 1378 2327 Jam
1418 2290 1517 2326 enim
1551 2289 1765 2325 misterium

452 2351 661 2399 iniquitatis
713 2357 914 2401 operatur.
974 2350 1076 2400 Legi
1125 2349 1327 2398 quemdam
1386 2349 1441 2385 sic
1492 2354 1768 2397 exponentem:

460 2409 650 2452 Quoniam
685 2409 825 2455 omnia,
866 2408 998 2456 inquit,
1037 2420 1257 2457 quecunque
1289 2407 1447 2455 exponit
1477 2418 1612 2454 supra,
1652 2405 1767 2455 signa

445 2467 615 2515 fuerunt
653 2467 910 2515 precedencia
956 2466 1220 2515 dirupcionem
1266 2465 1432 2501 civitatis
1476 2464 1579 2499 illius
1622 2463 1765 2512 templi.

455 2524 542 2560 Hoc
586 2532 713 2560 autem
758 2525 861 2574 quod
906 2524 1016 2560 dicit:
1073 2524 1168 2559 Cum
1223 2523 1398 2559 videritis
1442 2521 1766 2558 abominacionem

526 2690 551 2709 2.
573 2683 616 2709 A:
638 2682 691 2709 sic.
714 2681 831 2709 Codd.:
854 2684 924 2708 tunc
943 2681 1060 2715 sic(ut).
1152 2680 1178 2707 8.
1200 2681 1244 2707 A:
1265 2682 1366 2707 autem
1381 2679 1473 2707 deest.
1584 2686 1617 2705 11.
1639 2677 1756 2705 Codd.:

456 2717 588 2744 Romani
608 2717 701 2743 deest.
776 2725 817 2749 η.
841 2716 877 2743 B:
901 2716 1075 2743 diuinorum
1096 2716 1189 2743 deest.
1240 2714 1248 2719 “
1263 2714 1309 2749 30,
1331 2713 1368 2741 31.
1392 2715 1435 2741 A:
1457 2715 1514 2741 hoc
1534 2713 1614 2741 enim
1635 2712 1728 2740 deest.

529 2790 558 2821 3.
587 2789 671 2820 Dan.
701 2789 754 2829 IX,
783 2798 836 2830 27.
953 2798 1005 2830 29.
1036 2789 1074 2819 11.
1101 2787 1225 2818 Thess.
1254 2787 1290 2826 ΙΙ,
1319 2797 1348 2828 7,
1375 2787 1406 2817 ὅ.
1529 2787 1581 2818 31.
1609 2784 1652 2815 ib.
1682 2785 1710 2823 3,
1736 2793 1769 2824 4.

459 2835 511 2867 35.
539 2835 583 2865 ib.
612 2845 641 2876 7.

1784 2291 1823 2325 35
