1986 3289
220 186 418 239 effluxu]
599 199 659 229 DE
687 198 1001 230 ANTICHRlSTO
1030 199 1114 230 ΜΒ.
1141 200 1163 230 1.
1743 207 1816 241 149

219 312 275 339 est
307 304 507 339 horrenda
540 311 577 339 et
609 316 680 339 sua
714 303 953 340 malediccio
987 306 1247 352 acceptanda,
1295 318 1384 341 cum
1419 306 1524 342 enim
1558 313 1659 341 These
1680 315 1809 343 heretics

218 360 293 396 ista
343 360 420 397 sint
461 360 663 397 contraria
708 370 745 397 et
788 374 859 398 sua
912 362 1145 398 benediccio
1197 371 1240 399 ut
1300 365 1525 400 concedunt
1587 349 1770 419 dffls‘etgfflng

216 418 341 466 vergit
373 430 498 466 usque
531 431 552 455 a
592 418 799 455 omninam
833 419 1189 468 consumpcionem
1223 420 1336 468 panis
1370 430 1407 457 et
1444 421 1524 458 vini
1551 418 1797 482 qucrsffipsxssgfffi

216 489 293 524 que
325 475 458 512 taliter
490 476 794 523 benedicuntur,
827 477 1035 525 probabile
1069 487 1125 514 est
1157 491 1179 514 a
1212 491 1408 515 consensu
1432 492 1525 515 con—
1566 487 1602 514 be
1625 461 1790 517 befineficizil.

184 533 353 583 §trari07
393 534 712 582 quod2populus
749 533 830 570 suis
870 535 1228 572 malediccionibus
1267 546 1526 584 prosperetur

216 600 253 627 et
296 591 569 628 verificaretur
606 592 826 640 prophecia
865 593 958 629 Mal.
993 594 1037 641 ΙΙ,
1079 604 1099 629 2
1141 594 1375 630 Maledicam
1415 595 1524 631 bene-

216 649 447 685 diccionibus
480 650 630 696 vestris,
665 657 702 686 et
735 650 893 686 Psalmo
927 651 1058 696 CVIII,
1095 651 1167 687 28:
1202 652 1437 688 Maledicent
1469 652 1528 687 illi

215 714 248 742 et
280 714 318 742 tu
351 707 557 743 benedices.
599 707 791 744 Diabolus
824 716 958 744 autem
991 717 1121 756 potest
1154 722 1224 756 per
1256 710 1353 746 tales
1386 711 1525 746 seduc-

215 763 349 801 ciones
382 764 421 800 in
453 778 525 801 suo
558 766 709 813 populo
742 765 994 802 introductas
1026 766 1158 803 facere
1192 766 1328 804 fideles
1363 769 1524 804 eredere

161 834 295 858 xoesse
347 822 568 868 veritatem,
623 824 892 872 quodcunque
946 824 1202 860 mendacium
1254 824 1524 862 Antichristus

214 879 458 916 simulaverit
507 880 548 916 in
599 881 672 917 hac
724 890 849 929 parte,
909 890 951 917 ut
1003 890 1185 930 tempore
1248 883 1523 931 apostolorum

212 937 358 985 legitur
402 939 449 974 de
494 937 736 986 quibusdam
783 938 910 987 magis
949 939 1133 976 hereticis
1173 939 1239 988 qui
1284 942 1525 977 seduxerunt

212 996 404 1043 populum
440 995 480 1031 in
513 995 590 1032 fide
623 1005 660 1032 et
693 1004 909 1045 postquam
939 996 1010 1033 filii
1038 997 1235 1034 nobilium
1266 1007 1380 1035 erant
1401 998 1524 1035 occisi

210 1065 280 1100 per
313 1053 516 1089 diabolum
562 1062 599 1090 et
632 1055 917 1091 descendentes
965 1067 1008 1092 ex
1052 1068 1124 1092 sua
1168 1056 1336 1103 perfidia
1374 1057 1424 1093 ad
1465 1056 1523 1092 in—

157 1109 191 1141 15
209 1110 381 1157 fernum,
407 1124 480 1148 nec
496 1110 603 1159 ipsos
627 1121 813 1160 poterant
836 1112 1074 1149 resuscitare
1092 1114 1142 1150 ad
1157 1113 1279 1150 vitam
1297 1114 1522 1162 pristinam,

209 1168 406 1205 finxerunt
450 1171 557 1217 quod
601 1170 760 1206 fuerunt
805 1170 988 1207 translati
1033 1171 1073 1207 in
1117 1172 1231 1217 deos;
1279 1181 1316 1208 et
1360 1171 1400 1208 in
1445 1172 1522 1208 isto

209 1227 330 1262 modo
382 1226 587 1274 finguntur
640 1228 762 1264 multe
814 1228 1090 1265 absoluciones
1151 1229 1268 1266 hodie
1324 1230 1426 1266 facte
1479 1243 1522 1266 ex

210 1283 466 1320 inenarrabili
518 1285 704 1332 potencia
750 1285 998 1322 Antichristi.
1053 1289 1100 1322 Et
1154 1295 1264 1335 patet
1315 1288 1521 1336 quomodo

208 1341 315 1377 istud
347 1351 644 1379 sacramentum
680 1344 786 1391 quod
820 1344 921 1380 foret
954 1344 1110 1392 signum
1151 1344 1387 1393 precipuum
1422 1345 1521 1381 veri-

152 1407 193 1427 20
208 1398 299 1435 tatis
343 1412 499 1436 versum
546 1409 604 1437 est
648 1413 691 1437 ex
729 1401 868 1438 fraude
902 1401 1051 1439 diaboli
1090 1402 1131 1438 in
1163 1402 1321 1451 signum
1357 1403 1520 1440 manife-

208 1456 429 1493 stissimum
463 1457 659 1497 falsitatis.

710 1593 850 1635 CAP.
883 1594 1011 1635 XLI.

264 1688 439 1725 Ulterius
496 1702 569 1737 pro
621 1689 850 1726 defensione
909 1689 1001 1727 fidei
1059 1699 1182 1727 restat
1234 1690 1369 1728 videre
1421 1691 1516 1739 quid
1537 1697 1621 1736 Forn-
1641 1699 1738 1726 forms
1759 1702 1790 1727 ot

205 1746 342 1782 dicunt
381 1746 543 1783 heretici
582 1746 622 1782 in
664 1748 737 1783 hac
770 1756 896 1795 parte.
936 1747 1128 1785 Diabolus
1168 1757 1302 1785 autem
1336 1761 1379 1785 ex
1412 1749 1517 1785 ordi-
1552 1733 1795 1796 If¹sshss¹effg{{'}5

149 1808 188 1840 25
205 1803 375 1840 nacione
414 1803 548 1841 divina
587 1804 718 1841 divisit
750 1818 842 1842 suos
882 1805 1100 1853 discipulos
1138 1806 1178 1842 in
1217 1806 1387 1843 heresim
1421 1820 1518 1855 qua-
1567 1803 1767 1865 aglifficcffiegt

205 1861 505 1898 drimembrem.
554 1862 701 1899 Dicunt
745 1863 851 1899 enirn
897 1863 1017 1911 primi
1055 1864 1248 1900 famosius
1292 1866 1400 1912 quod
1444 1866 1518 1901 hoc
1602 1873 1728 1906 subject.

204 1920 429 1956 venerabile
467 1929 765 1957 sacramentum
805 1920 855 1957 sit
893 1921 1079 1958 accidens
1118 1921 1201 1958 sine
1242 1921 1435 1969 subiecto,
1482 1931 1519 1959 et

205 1990 294 2013 cum
342 1990 483 2014 novem
525 1977 602 2014 sint
640 1991 786 2026 genera
825 1979 1126 2027 generalissima
1165 1980 1440 2017 accidencium
1481 1989 1518 2017 et

204 2035 244 2071 in
291 2035 471 2083 quolibet
514 2035 675 2072 illorum
720 2036 798 2073 sint
837 2036 946 2073 mille
990 2036 1141 2085 species
1194 2046 1232 2074 et
1285 2040 1343 2083 (ut
1387 2038 1518 2086 placet

148 2098 188 2129 30
203 2092 358 2141 logicis)
395 2092 564 2140 infinite,
598 2096 703 2137 Deus
741 2095 792 2131 ad
825 2103 982 2130 tantum
1023 2094 1233 2132 infatuavit
1271 2095 1368 2132 istos
1402 2095 1517 2132 disci-

203 2151 318 2198 pulos
349 2150 585 2187 Antichristi
630 2153 737 2200 quod
781 2151 964 2188 nesciunt
1008 2165 1148 2189 omnes
1192 2152 1232 2189 in
1276 2166 1354 2201 qua
1386 2153 1517 2202 specie

203 2208 491 2255 specialissima
535 2210 611 2245 hoc
661 2218 958 2246 sacramentum
1004 2210 1230 2247 venerabile
1275 2211 1515 2248 continetur.

203 2266 295 2302 Ideo
332 2268 647 2303 verecundantes
690 2268 737 2304 de
776 2280 847 2304 sua
885 2267 1123 2316 insipiencia
1162 2268 1516 2317 circumpalpitant

202 2323 243 2359 in
275 2336 429 2360 errores
462 2324 593 2360 varios
626 2324 859 2361 incidentes.

148 2384 185 2417 35
261 2381 434 2426 Quidam
480 2391 613 2418 autem
660 2382 886 2419 didicerunt
930 2396 951 2419 a
1006 2383 1197 2431 magistro
1249 2397 1322 2420 suo
1374 2393 1513 2421 autore
1589 2410 1614 2430 2·
1634 2404 1661 2430 11
1680 2403 1743 2431 isa

203 2439 402 2475 mendacii
454 2441 561 2487 quod
613 2441 688 2476 hoc
739 2449 1037 2477 sacramentum
1089 2441 1137 2477 sit
1182 2441 1385 2490 quantitas
1429 2441 1513 2478 sine
1598 2439 1738 2476 quantity

202 2496 395 2542 subiecto,
441 2496 534 2545 quia
566 2505 609 2533 ut
633 2497 815 2534 diabolus
849 2497 904 2534 eis
936 2510 1073 2535 verum
1107 2498 1275 2535 inseruit
1310 2499 1512 2547 quantitas
1580 2472 1747 2542 ”Etissfelsstta

269 2676 295 2704 8.
316 2677 360 2704 A:
381 2677 547 2705 benedices.
654 2686 698 2705 22.
720 2678 742 2705 Β
761 2679 791 2705 in
814 2686 926 2713 marga
948 2685 986 2712 41
996 2688 1006 2710 ‚·
1035 2680 1080 2706 A:
1104 2678 1177 2714 Cap.
1199 2678 1263 2706 XL.
1363 2678 1406 2707 23.
1428 2680 1456 2707 A
1477 2680 1507 2706 in

201 2719 314 2746 marg:
335 2711 501 2739 Jolzannes.
575 2720 622 2747 29,
643 2711 689 2740 30.
711 2713 751 2740 B:
767 2713 874 2748 placet
892 2714 1025 2749 legistis.
1104 2713 1148 2742 35.
1168 2714 1213 2741 A:
1234 2722 1289 2741 suo
1308 2716 1419 2741 autore
1437 2722 1501 2741 suo.

270 2804 300 2836 ὁ.
329 2806 379 2836 Cf.
407 2807 457 2837 Dc
484 2806 708 2846 Eucharistia,
748 2818 824 2848 pag.
853 2809 929 2840 325.
