<?xml version="1.0" encoding="UTF-8"?>
<!DOCTYPE html PUBLIC "-//W3C//DTD XHTML 1.0 Transitional//EN"
    "http://www.w3.org/TR/xhtml1/DTD/xhtml1-transitional.dtd">
<html xmlns="http://www.w3.org/1999/xhtml" xml:lang="en" lang="en">
 <head>
  <title>
</title>
<meta http-equiv="Content-Type" content="text/html;charset=utf-8" />
  <meta name='ocr-system' content='tesseract 3.04.00' />
  <meta name='ocr-capabilities' content='ocr_page ocr_carea ocr_par ocr_line ocrx_word'/>
</head>
<body>
  <div class='ocr_page' id='page_1' title='image "./opusevangelicum34wycl/opusevangelicum34wycl_0098.png"; bbox 0 0 1986 3289; ppageno 0'>
   <div class='ocr_carea' id='block_1_1' title="bbox 154 224 1746 278">
    <p class='ocr_par' dir='ltr' id='par_1_1' title="bbox 154 224 1746 278">
     <span class='ocr_line' id='line_1_1' title="bbox 154 224 1746 278; baseline -0.004 -8"><span class='ocrx_word' id='word_1_1' title='bbox 154 230 203 265; x_wconf 83' lang='lat'>60</span> <span class='ocrx_word' id='word_1_2' title='bbox 755 236 872 268; x_wconf 74' lang='lat' dir='ltr'>opus</span> <span class='ocrx_word' id='word_1_3' title='bbox 900 236 1234 268; x_wconf 83' lang='lat' dir='ltr'>EVANGELICUM</span> <span class='ocrx_word' id='word_1_4' title='bbox 1270 237 1352 268; x_wconf 67' lang='grc' dir='ltr'>ΜΒ.</span> <span class='ocrx_word' id='word_1_5' title='bbox 1380 236 1433 267; x_wconf 83' lang='lat'>111.</span> <span class='ocrx_word' id='word_1_6' title='bbox 1524 224 1629 278; x_wconf 81' lang='lat' dir='ltr'>[CAP.</span> <span class='ocrx_word' id='word_1_7' title='bbox 1652 236 1746 264; x_wconf 78' lang='lat' dir='ltr'>xvn.</span> 
     </span>
    </p>
   </div>
   <div class='ocr_carea' id='block_1_2' title="bbox 437 343 1809 910">
    <p class='ocr_par' dir='ltr' id='par_1_2' title="bbox 437 343 1783 788">
     <span class='ocr_line' id='line_1_2' title="bbox 439 343 1746 392; baseline 0.002 -14"><span class='ocrx_word' id='word_1_8' title='bbox 439 354 591 378; x_wconf 77' lang='lat' dir='ltr'>errores</span> <span class='ocrx_word' id='word_1_9' title='bbox 646 343 909 379; x_wconf 79' lang='lat' dir='ltr'>militancium</span> <span class='ocrx_word' id='word_1_10' title='bbox 957 346 1004 379; x_wconf 84' lang='lat' dir='ltr'>de</span> <span class='ocrx_word' id='word_1_11' title='bbox 1057 344 1257 380; x_wconf 75' lang='lat' dir='ltr'>erroribus</span> <span class='ocrx_word' id='word_1_12' title='bbox 1309 345 1597 392; x_wconf 80' lang='lat' dir='ltr'>sepulcrorum.</span> <span class='ocrx_word' id='word_1_13' title='bbox 1647 348 1746 382; x_wconf 81' lang='lat' dir='ltr'>Nam</span> 
     </span>
     <span class='ocr_line' id='line_1_3' title="bbox 438 400 1750 451; baseline 0.002 -15"><span class='ocrx_word' id='word_1_14' title='bbox 438 400 546 436; x_wconf 83' lang='lat' dir='ltr'>racio</span> <span class='ocrx_word' id='word_1_15' title='bbox 579 400 792 437; x_wconf 80' lang='lat' dir='ltr'>necessitat</span> <span class='ocrx_word' id='word_1_16' title='bbox 825 402 933 449; x_wconf 90' lang='lat' dir='ltr'>quod</span> <span class='ocrx_word' id='word_1_17' title='bbox 966 402 1103 438; x_wconf 87' lang='lat' dir='ltr'>fideles</span> <span class='ocrx_word' id='word_1_18' title='bbox 1137 403 1301 438; x_wconf 82' lang='lat' dir='ltr'>credant</span> <span class='ocrx_word' id='word_1_19' title='bbox 1323 403 1411 450; x_wconf 89' lang='lat' dir='ltr'>plus</span> <span class='ocrx_word' id='word_1_20' title='bbox 1444 402 1541 439; x_wconf 88' lang='lat' dir='ltr'>vivis</span> <span class='ocrx_word' id='word_1_21' title='bbox 1564 403 1750 451; x_wconf 85' lang='lat' dir='ltr'>operibus</span> 
     </span>
     <span class='ocr_line' id='line_1_4' title="bbox 438 459 1750 509; baseline 0.003 -16"><span class='ocrx_word' id='word_1_22' title='bbox 438 466 669 494; x_wconf 79' lang='lat' dir='ltr'>sanctorum</span> <span class='ocrx_word' id='word_1_23' title='bbox 720 459 933 506; x_wconf 82' lang='lat' dir='ltr'>spirituum</span> <span class='ocrx_word' id='word_1_24' title='bbox 980 472 1101 507; x_wconf 81' lang='lat' dir='ltr'>quam</span> <span class='ocrx_word' id='word_1_25' title='bbox 1147 460 1315 496; x_wconf 82' lang='lat' dir='ltr'>mortuis</span> <span class='ocrx_word' id='word_1_26' title='bbox 1368 460 1621 497; x_wconf 82' lang='lat' dir='ltr'>illusionibus</span> <span class='ocrx_word' id='word_1_27' title='bbox 1674 473 1750 509; x_wconf 90' lang='lat' dir='ltr'>que</span> 
     </span>
     <span class='ocr_line' id='line_1_5' title="bbox 439 516 1747 565; baseline 0.003 -14"><span class='ocrx_word' id='word_1_28' title='bbox 439 516 538 551; x_wconf 86' lang='lat' dir='ltr'>fiunt</span> <span class='ocrx_word' id='word_1_29' title='bbox 584 516 854 553; x_wconf 82' lang='lat' dir='ltr'>communiter</span> <span class='ocrx_word' id='word_1_30' title='bbox 898 530 968 565; x_wconf 86' lang='lat' dir='ltr'>per</span> <span class='ocrx_word' id='word_1_31' title='bbox 1013 517 1217 554; x_wconf 81' lang='lat' dir='ltr'>diabolum</span> <span class='ocrx_word' id='word_1_32' title='bbox 1264 517 1304 553; x_wconf 86' lang='lat' dir='ltr'>in</span> <span class='ocrx_word' id='word_1_33' title='bbox 1349 518 1557 565; x_wconf 81' lang='lat' dir='ltr'>presencia</span> <span class='ocrx_word' id='word_1_34' title='bbox 1608 519 1747 555; x_wconf 82' lang='lat' dir='ltr'>talium</span> 
     </span>
     <span class='ocr_line' id='line_1_6' title="bbox 438 574 1783 621; baseline 0.002 -12"><span class='ocrx_word' id='word_1_35' title='bbox 438 574 734 621; x_wconf 82' lang='lat' dir='ltr'>sepulcrorum;</span> <span class='ocrx_word' id='word_1_36' title='bbox 768 584 804 611; x_wconf 88' lang='lat' dir='ltr'>et</span> <span class='ocrx_word' id='word_1_37' title='bbox 837 574 928 611; x_wconf 90' lang='lat' dir='ltr'>ideo</span> <span class='ocrx_word' id='word_1_38' title='bbox 960 587 1041 611; x_wconf 90' lang='lat' dir='ltr'>non</span> <span class='ocrx_word' id='word_1_39' title='bbox 1074 575 1157 611; x_wconf 88' lang='lat' dir='ltr'>sine</span> <span class='ocrx_word' id='word_1_40' title='bbox 1191 588 1311 612; x_wconf 83' lang='lat' dir='ltr'>causa</span> <span class='ocrx_word' id='word_1_41' title='bbox 1345 576 1527 612; x_wconf 79' lang='lat' dir='ltr'>Christus</span> <span class='ocrx_word' id='word_1_42' title='bbox 1559 576 1687 612; x_wconf 88' lang='lat' dir='ltr'>noluit</span> <span class='ocrx_word' id='word_1_43' title='bbox 1710 578 1783 613; x_wconf 87' lang='lat' dir='ltr'>se5</span> 
     </span>
     <span class='ocr_line' id='line_1_7' title="bbox 437 631 1750 682; baseline 0.002 -15"><span class='ocrx_word' id='word_1_44' title='bbox 437 631 581 678; x_wconf 83' lang='lat' dir='ltr'>ipsum,</span> <span class='ocrx_word' id='word_1_45' title='bbox 618 641 785 669; x_wconf 81' lang='lat' dir='ltr'>matrem</span> <span class='ocrx_word' id='word_1_46' title='bbox 819 645 946 679; x_wconf 79' lang='lat' dir='ltr'>suam,</span> <span class='ocrx_word' id='word_1_47' title='bbox 980 633 1200 681; x_wconf 82' lang='lat' dir='ltr'>Baptistam</span> <span class='ocrx_word' id='word_1_48' title='bbox 1242 642 1279 670; x_wconf 87' lang='lat' dir='ltr'>et</span> <span class='ocrx_word' id='word_1_49' title='bbox 1312 642 1465 670; x_wconf 89' lang='lat' dir='ltr'>ceteros</span> <span class='ocrx_word' id='word_1_50' title='bbox 1510 646 1623 670; x_wconf 81' lang='lat' dir='ltr'>caros</span> <span class='ocrx_word' id='word_1_51' title='bbox 1658 647 1750 682; x_wconf 81' lang='lat' dir='ltr'>apo-</span> 
     </span>
     <span class='ocr_line' id='line_1_8' title="bbox 438 690 1750 728; baseline 0.003 -4"><span class='ocrx_word' id='word_1_52' title='bbox 438 690 561 725; x_wconf 92' lang='lat' dir='ltr'>stolos</span> <span class='ocrx_word' id='word_1_53' title='bbox 594 690 742 726; x_wconf 79' lang='lat' dir='ltr'>talibus</span> <span class='ocrx_word' id='word_1_54' title='bbox 775 691 947 727; x_wconf 80' lang='lat' dir='ltr'>adorari.</span> <span class='ocrx_word' id='word_1_55' title='bbox 996 692 1088 727; x_wconf 87' lang='lat' dir='ltr'>Ideo</span> <span class='ocrx_word' id='word_1_56' title='bbox 1132 704 1212 727; x_wconf 90' lang='lat' dir='ltr'>non</span> <span class='ocrx_word' id='word_1_57' title='bbox 1245 691 1411 727; x_wconf 88' lang='lat' dir='ltr'>dubium</span> <span class='ocrx_word' id='word_1_58' title='bbox 1446 691 1610 728; x_wconf 79' lang='lat' dir='ltr'>affectus</span> <span class='ocrx_word' id='word_1_59' title='bbox 1642 692 1750 728; x_wconf 85' lang='lat' dir='ltr'>vian-</span> 
     </span>
     <span class='ocr_line' id='line_1_9' title="bbox 439 746 1487 788; baseline 0.004 -6"><span class='ocrx_word' id='word_1_60' title='bbox 439 746 544 783; x_wconf 87' lang='lat' dir='ltr'>eium</span> <span class='ocrx_word' id='word_1_61' title='bbox 578 748 618 783; x_wconf 89' lang='lat' dir='ltr'>in</span> <span class='ocrx_word' id='word_1_62' title='bbox 651 748 796 784; x_wconf 84' lang='lat' dir='ltr'>talibus</span> <span class='ocrx_word' id='word_1_63' title='bbox 829 748 1141 785; x_wconf 80' lang='lat' dir='ltr'>adoracionibus</span> <span class='ocrx_word' id='word_1_64' title='bbox 1173 757 1264 785; x_wconf 87' lang='lat' dir='ltr'>sunt</span> <span class='ocrx_word' id='word_1_65' title='bbox 1297 749 1487 788; x_wconf 76' lang='lat' dir='ltr'>subversi.</span> 
     </span>
    </p>

    <p class='ocr_par' dir='ltr' id='par_1_3' title="bbox 437 806 1809 910">
     <span class='ocr_line' id='line_1_10' title="bbox 493 806 1750 855; baseline 0.002 -14"><span class='ocrx_word' id='word_1_66' title='bbox 493 806 596 842; x_wconf 80' lang='lat' dir='ltr'>Tota</span> <span class='ocrx_word' id='word_1_67' title='bbox 629 806 703 842; x_wconf 85' lang='lat' dir='ltr'>ista</span> <span class='ocrx_word' id='word_1_68' title='bbox 738 806 905 843; x_wconf 78' lang='lat' dir='ltr'>materia</span> <span class='ocrx_word' id='word_1_69' title='bbox 948 815 1080 854; x_wconf 85' lang='lat' dir='ltr'>posset</span> <span class='ocrx_word' id='word_1_70' title='bbox 1124 815 1204 843; x_wconf 84' lang='lat' dir='ltr'>tam</span> <span class='ocrx_word' id='word_1_71' title='bbox 1246 807 1454 843; x_wconf 82' lang='lat' dir='ltr'>scolastice</span> <span class='ocrx_word' id='word_1_72' title='bbox 1487 820 1607 855; x_wconf 80' lang='lat' dir='ltr'>quam</span> <span class='ocrx_word' id='word_1_73' title='bbox 1640 808 1750 844; x_wconf 87' lang='lat' dir='ltr'>theo-</span> 
     </span>
     <span class='ocr_line' id='line_1_11' title="bbox 437 862 1809 910; baseline 0.004 -13"><span class='ocrx_word' id='word_1_74' title='bbox 437 862 563 910; x_wconf 76' lang='lat' dir='ltr'>logice</span> <span class='ocrx_word' id='word_1_75' title='bbox 596 863 775 901; x_wconf 77' lang='lat' dir='ltr'>dilatari..</span> <span class='ocrx_word' id='word_1_76' title='bbox 1771 878 1809 898; x_wconf 88' lang='lat'>10</span> 
     </span>
    </p>
   </div>
   <div class='ocr_carea' id='block_1_3' title="bbox 929 1011 1259 1053">
    <p class='ocr_par' dir='ltr' id='par_1_4' title="bbox 929 1011 1259 1053">
     <span class='ocr_line' id='line_1_12' title="bbox 929 1011 1259 1053; baseline 0.003 -1"><span class='ocrx_word' id='word_1_77' title='bbox 929 1011 1066 1053; x_wconf 85' lang='lat' dir='ltr'>CAP.</span> <span class='ocrx_word' id='word_1_78' title='bbox 1101 1011 1259 1053; x_wconf 86' lang='lat' dir='ltr'>XVII.</span> 
     </span>
    </p>
   </div>
   <div class='ocr_carea' id='block_1_4' title="bbox 176 1106 1811 2543">
    <p class='ocr_par' dir='ltr' id='par_1_5' title="bbox 176 1106 1808 1503">
     <span class='ocr_line' id='line_1_13' title="bbox 176 1106 1751 1156; baseline -0.001 -11"><span class='ocrx_word' id='word_1_79' title='bbox 176 1110 399 1145; x_wconf 69' lang='lat' dir='ltr'>EinghWoe-</span> <span class='ocrx_word' id='word_1_80' title='bbox 498 1106 694 1143; x_wconf 87' lang='lat' dir='ltr'>Ultimum</span> <span class='ocrx_word' id='word_1_81' title='bbox 739 1108 795 1143; x_wconf 89' lang='lat' dir='ltr'>Ve</span> <span class='ocrx_word' id='word_1_82' title='bbox 839 1106 879 1142; x_wconf 88' lang='lat' dir='ltr'>in</span> <span class='ocrx_word' id='word_1_83' title='bbox 924 1107 1128 1154; x_wconf 75' lang='lat' dir='ltr'>evangelio</span> <span class='ocrx_word' id='word_1_84' title='bbox 1172 1106 1339 1143; x_wconf 83' lang='lat' dir='ltr'>Matthei</span> <span class='ocrx_word' id='word_1_85' title='bbox 1385 1107 1565 1156; x_wconf 87' lang='lat' dir='ltr'>sequitur</span> <span class='ocrx_word' id='word_1_86' title='bbox 1604 1107 1644 1144; x_wconf 90' lang='lat' dir='ltr'>in</span> <span class='ocrx_word' id='word_1_87' title='bbox 1677 1107 1751 1144; x_wconf 89' lang='lat' dir='ltr'>hiis</span> 
     </span>
     <span class='ocr_line' id='line_1_14' title="bbox 438 1164 1752 1216; baseline 0 -15"><span class='ocrx_word' id='word_1_88' title='bbox 438 1164 585 1201; x_wconf 86' lang='lat' dir='ltr'>verbis:</span> <span class='ocrx_word' id='word_1_89' title='bbox 627 1165 677 1199; x_wconf 91' lang='lat' dir='ltr'>Ve</span> <span class='ocrx_word' id='word_1_90' title='bbox 710 1165 815 1201; x_wconf 76' lang='lat' dir='ltr'>vobis</span> <span class='ocrx_word' id='word_1_91' title='bbox 845 1165 971 1200; x_wconf 81' lang='lat' dir='ltr'>scribe</span> <span class='ocrx_word' id='word_1_92' title='bbox 1002 1172 1037 1201; x_wconf 88' lang='lat' dir='ltr'>et</span> <span class='ocrx_word' id='word_1_93' title='bbox 1054 1165 1444 1216; x_wconf 76' lang='lat' dir='ltr'>phariseiypocrite,</span> <span class='ocrx_word' id='word_1_94' title='bbox 1477 1166 1541 1214; x_wconf 85' lang='lat' dir='ltr'>qui</span> <span class='ocrx_word' id='word_1_95' title='bbox 1564 1165 1752 1216; x_wconf 73' lang='lat' dir='ltr'>edificatis</span> 
     </span>
     <span class='ocr_line' id='line_1_15' title="bbox 438 1223 1752 1272; baseline 0 -14"><span class='ocrx_word' id='word_1_96' title='bbox 438 1223 616 1271; x_wconf 78' lang='lat' dir='ltr'>sepulcra</span> <span class='ocrx_word' id='word_1_97' title='bbox 644 1223 929 1272; x_wconf 79' lang='lat' dir='ltr'>prophetarum</span> <span class='ocrx_word' id='word_1_98' title='bbox 963 1230 998 1258; x_wconf 89' lang='lat' dir='ltr'>et</span> <span class='ocrx_word' id='word_1_99' title='bbox 1029 1223 1177 1258; x_wconf 83' lang='lat' dir='ltr'>ornatis</span> <span class='ocrx_word' id='word_1_100' title='bbox 1208 1231 1452 1259; x_wconf 81' lang='lat' dir='ltr'>monumenta</span> <span class='ocrx_word' id='word_1_101' title='bbox 1485 1223 1672 1260; x_wconf 84' lang='lat' dir='ltr'>iustorum</span> <span class='ocrx_word' id='word_1_102' title='bbox 1717 1230 1752 1259; x_wconf 90' lang='lat' dir='ltr'>et</span> 
     </span>
     <span class='ocr_line' id='line_1_16' title="bbox 440 1280 1808 1329; baseline 0.001 -14"><span class='ocrx_word' id='word_1_103' title='bbox 440 1281 576 1327; x_wconf 84' lang='lat' dir='ltr'>dicitis,</span> <span class='ocrx_word' id='word_1_104' title='bbox 620 1280 654 1316; x_wconf 89' lang='lat' dir='ltr'>si</span> <span class='ocrx_word' id='word_1_105' title='bbox 684 1281 901 1328; x_wconf 78' lang='lat' dir='ltr'>fuissemus</span> <span class='ocrx_word' id='word_1_106' title='bbox 947 1281 982 1316; x_wconf 86' lang='lat' dir='ltr'>in</span> <span class='ocrx_word' id='word_1_107' title='bbox 1032 1281 1163 1316; x_wconf 87' lang='lat' dir='ltr'>diebus</span> <span class='ocrx_word' id='word_1_108' title='bbox 1204 1288 1364 1329; x_wconf 78' lang='lat' dir='ltr'>patrum</span> <span class='ocrx_word' id='word_1_109' title='bbox 1405 1289 1640 1328; x_wconf 80' lang='lat' dir='ltr'>nostrorum,</span> <span class='ocrx_word' id='word_1_110' title='bbox 1679 1293 1750 1317; x_wconf 87' lang='lat' dir='ltr'>non</span> <span class='ocrx_word' id='word_1_111' title='bbox 1772 1284 1808 1316; x_wconf 86' lang='lat'>15</span> 
     </span>
     <span class='ocr_line' id='line_1_17' title="bbox 440 1338 1753 1389; baseline 0.001 -16"><span class='ocrx_word' id='word_1_112' title='bbox 440 1338 656 1386; x_wconf 72' lang='lat' dir='ltr'>fuissemus</span> <span class='ocrx_word' id='word_1_113' title='bbox 688 1339 783 1374; x_wconf 90' lang='lat' dir='ltr'>socii</span> <span class='ocrx_word' id='word_1_114' title='bbox 824 1350 956 1374; x_wconf 86' lang='lat' dir='ltr'>eorum</span> <span class='ocrx_word' id='word_1_115' title='bbox 990 1338 1025 1373; x_wconf 88' lang='lat' dir='ltr'>in</span> <span class='ocrx_word' id='word_1_116' title='bbox 1058 1339 1246 1389; x_wconf 76' lang='lat' dir='ltr'>sanguine</span> <span class='ocrx_word' id='word_1_117' title='bbox 1273 1339 1583 1388; x_wconf 79' lang='lat' dir='ltr'>prophetarum;</span> <span class='ocrx_word' id='word_1_118' title='bbox 1628 1339 1753 1387; x_wconf 81' lang='lat' dir='ltr'>itaque</span> 
     </span>
     <span class='ocr_line' id='line_1_18' title="bbox 440 1396 1754 1446; baseline 0 -15"><span class='ocrx_word' id='word_1_119' title='bbox 440 1396 653 1432; x_wconf 85' lang='lat' dir='ltr'>testimonio</span> <span class='ocrx_word' id='word_1_120' title='bbox 687 1396 775 1432; x_wconf 89' lang='lat' dir='ltr'>estis</span> <span class='ocrx_word' id='word_1_121' title='bbox 809 1396 992 1432; x_wconf 80' lang='lat' dir='ltr'>vobismet</span> <span class='ocrx_word' id='word_1_122' title='bbox 1025 1396 1128 1445; x_wconf 74' lang='lat' dir='ltr'>ipsis,</span> <span class='ocrx_word' id='word_1_123' title='bbox 1182 1397 1269 1444; x_wconf 82' lang='lat' dir='ltr'>quia</span> <span class='ocrx_word' id='word_1_124' title='bbox 1298 1396 1381 1446; x_wconf 87' lang='lat' dir='ltr'>filii</span> <span class='ocrx_word' id='word_1_125' title='bbox 1411 1397 1500 1433; x_wconf 90' lang='lat' dir='ltr'>estis</span> <span class='ocrx_word' id='word_1_126' title='bbox 1533 1409 1665 1433; x_wconf 88' lang='lat' dir='ltr'>eorum</span> <span class='ocrx_word' id='word_1_127' title='bbox 1688 1396 1754 1446; x_wconf 85' lang='lat' dir='ltr'>qui</span> 
     </span>
     <span class='ocr_line' id='line_1_19' title="bbox 438 1454 916 1503; baseline 0.002 -15"><span class='ocrx_word' id='word_1_128' title='bbox 438 1454 650 1503; x_wconf 80' lang='lat' dir='ltr'>prophetas</span> <span class='ocrx_word' id='word_1_129' title='bbox 682 1454 916 1490; x_wconf 81' lang='lat' dir='ltr'>occiderunt.</span> 
     </span>
    </p>

    <p class='ocr_par' dir='ltr' id='par_1_6' title="bbox 178 1505 1751 1567">
     <span class='ocr_line' id='line_1_20' title="bbox 178 1505 1751 1567; baseline 0.001 -20"><span class='ocrx_word' id='word_1_130' title='bbox 178 1505 401 1567; x_wconf 50' lang='lat' dir='ltr'>Clffigsssgffgws</span> <span class='ocrx_word' id='word_1_131' title='bbox 499 1513 628 1559; x_wconf 86' lang='lat' dir='ltr'>Super</span> <span class='ocrx_word' id='word_1_132' title='bbox 673 1524 752 1560; x_wconf 90' lang='lat' dir='ltr'>quo</span> <span class='ocrx_word' id='word_1_133' title='bbox 795 1513 1050 1559; x_wconf 87' lang='lat' dir='ltr'>Jeronymus:</span> <span class='ocrx_word' id='word_1_134' title='bbox 1097 1511 1402 1548; x_wconf 86' lang='lat' dir='ltr'>Prudentissimo</span> <span class='ocrx_word' id='word_1_135' title='bbox 1440 1512 1657 1563; x_wconf 79' lang='lat' dir='ltr'>sillogismo</span> <span class='ocrx_word' id='word_1_136' title='bbox 1690 1524 1751 1548; x_wconf 91' lang='lat' dir='ltr'>co-</span> 
     </span>
    </p>

    <p class='ocr_par' dir='ltr' id='par_1_7' title="bbox 177 1569 1810 1733">
     <span class='ocr_line' id='line_1_21' title="bbox 219 1569 1810 1620; baseline 0.001 -16"><span class='ocrx_word' id='word_1_137' title='bbox 219 1575 283 1613; x_wconf 48' lang='lat' dir='ltr'>thet</span> <span class='ocrx_word' id='word_1_138' title='bbox 302 1575 351 1601; x_wconf 83' lang='lat' dir='ltr'>the</span> <span class='ocrx_word' id='word_1_139' title='bbox 441 1570 575 1620; x_wconf 76' lang='lat' dir='ltr'>arguit</span> <span class='ocrx_word' id='word_1_140' title='bbox 607 1582 669 1605; x_wconf 91' lang='lat' dir='ltr'>eos</span> <span class='ocrx_word' id='word_1_141' title='bbox 701 1582 780 1606; x_wconf 88' lang='lat' dir='ltr'>esse</span> <span class='ocrx_word' id='word_1_142' title='bbox 800 1569 912 1618; x_wconf 87' lang='lat' dir='ltr'>filios</span> <span class='ocrx_word' id='word_1_143' title='bbox 944 1569 1241 1615; x_wconf 78' lang='lat' dir='ltr'>homicidarum,</span> <span class='ocrx_word' id='word_1_144' title='bbox 1287 1570 1376 1604; x_wconf 83' lang='lat' dir='ltr'>dum</span> <span class='ocrx_word' id='word_1_145' title='bbox 1421 1570 1539 1619; x_wconf 79' lang='lat' dir='ltr'>ipsius</span> <span class='ocrx_word' id='word_1_146' title='bbox 1578 1570 1754 1618; x_wconf 80' lang='lat' dir='ltr'>opinione</span> <span class='ocrx_word' id='word_1_147' title='bbox 1769 1585 1810 1606; x_wconf 87' lang='lat'>20</span> 
     </span>
     <span class='ocr_line' id='line_1_22' title="bbox 177 1610 1751 1679; baseline 0.018 -45"><span class='ocrx_word' id='word_1_148' title='bbox 177 1610 402 1670; x_wconf 49' lang='lat' dir='ltr'>phfflssesefnm</span> <span class='ocrx_word' id='word_1_149' title='bbox 440 1627 618 1663; x_wconf 85' lang='lat' dir='ltr'>bonitatis</span> <span class='ocrx_word' id='word_1_150' title='bbox 641 1620 675 1662; x_wconf 73' lang='lat' dir='ltr'>et</span> <span class='ocrx_word' id='word_1_151' title='bbox 696 1627 827 1679; x_wconf 78' lang='lat' dir='ltr'>glorie</span> <span class='ocrx_word' id='word_1_152' title='bbox 849 1627 884 1663; x_wconf 81' lang='lat' dir='ltr'>in</span> <span class='ocrx_word' id='word_1_153' title='bbox 902 1628 1048 1676; x_wconf 81' lang='lat' dir='ltr'>populo</span> <span class='ocrx_word' id='word_1_154' title='bbox 1069 1628 1248 1676; x_wconf 81' lang='lat' dir='ltr'>sepulcra</span> <span class='ocrx_word' id='word_1_155' title='bbox 1272 1627 1451 1676; x_wconf 83' lang='lat' dir='ltr'>edificant</span> <span class='ocrx_word' id='word_1_156' title='bbox 1468 1628 1751 1677; x_wconf 80' lang='lat' dir='ltr'>prophetarum</span> 
     </span>
     <span class='ocr_line' id='line_1_23' title="bbox 191 1679 1753 1733; baseline 0.001 -13"><span class='ocrx_word' id='word_1_157' title='bbox 191 1679 377 1705; x_wconf 75' lang='lat' dir='ltr'>murderers.</span> <span class='ocrx_word' id='word_1_158' title='bbox 440 1697 532 1733; x_wconf 84' lang='lat' dir='ltr'>quos</span> <span class='ocrx_word' id='word_1_159' title='bbox 564 1685 732 1721; x_wconf 87' lang='lat' dir='ltr'>maiores</span> <span class='ocrx_word' id='word_1_160' title='bbox 764 1697 896 1721; x_wconf 86' lang='lat' dir='ltr'>eorum</span> <span class='ocrx_word' id='word_1_161' title='bbox 930 1685 1210 1733; x_wconf 84' lang='lat' dir='ltr'>interfecerunt</span> <span class='ocrx_word' id='word_1_162' title='bbox 1242 1692 1276 1721; x_wconf 84' lang='lat' dir='ltr'>et</span> <span class='ocrx_word' id='word_1_163' title='bbox 1308 1685 1450 1732; x_wconf 83' lang='lat' dir='ltr'>dicunt,</span> <span class='ocrx_word' id='word_1_164' title='bbox 1481 1686 1515 1721; x_wconf 83' lang='lat' dir='ltr'>si</span> <span class='ocrx_word' id='word_1_165' title='bbox 1536 1685 1753 1733; x_wconf 84' lang='lat' dir='ltr'>fuissemus</span> 
     </span>
    </p>

    <p class='ocr_par' dir='ltr' id='par_1_8' title="bbox 440 1743 1809 2025">
     <span class='ocr_line' id='line_1_24' title="bbox 440 1743 1753 1792; baseline 0.001 -14"><span class='ocrx_word' id='word_1_166' title='bbox 440 1743 475 1778; x_wconf 84' lang='lat' dir='ltr'>in</span> <span class='ocrx_word' id='word_1_167' title='bbox 520 1743 585 1779; x_wconf 88' lang='lat' dir='ltr'>illo</span> <span class='ocrx_word' id='word_1_168' title='bbox 629 1750 814 1792; x_wconf 78' lang='lat' dir='ltr'>tempore,</span> <span class='ocrx_word' id='word_1_169' title='bbox 859 1756 931 1779; x_wconf 83' lang='lat' dir='ltr'>non</span> <span class='ocrx_word' id='word_1_170' title='bbox 967 1743 1200 1791; x_wconf 84' lang='lat' dir='ltr'>fecissemus</span> <span class='ocrx_word' id='word_1_171' title='bbox 1239 1755 1280 1779; x_wconf 88' lang='lat' dir='ltr'>ea</span> <span class='ocrx_word' id='word_1_172' title='bbox 1313 1755 1382 1791; x_wconf 80' lang='lat' dir='ltr'>que</span> <span class='ocrx_word' id='word_1_173' title='bbox 1403 1744 1589 1791; x_wconf 86' lang='lat' dir='ltr'>fecerunt</span> <span class='ocrx_word' id='word_1_174' title='bbox 1616 1751 1753 1792; x_wconf 82' lang='lat' dir='ltr'>patres</span> 
     </span>
     <span class='ocr_line' id='line_1_25' title="bbox 441 1801 1754 1850; baseline 0.002 -15"><span class='ocrx_word' id='word_1_175' title='bbox 441 1801 573 1837; x_wconf 84' lang='lat' dir='ltr'>nostri.</span> <span class='ocrx_word' id='word_1_176' title='bbox 618 1801 705 1837; x_wconf 90' lang='lat' dir='ltr'>Hoc</span> <span class='ocrx_word' id='word_1_177' title='bbox 752 1809 877 1837; x_wconf 87' lang='lat' dir='ltr'>autem</span> <span class='ocrx_word' id='word_1_178' title='bbox 921 1801 1080 1837; x_wconf 85' lang='lat' dir='ltr'>eciamsi</span> <span class='ocrx_word' id='word_1_179' title='bbox 1120 1813 1297 1837; x_wconf 80' lang='lat' dir='ltr'>sermone</span> <span class='ocrx_word' id='word_1_180' title='bbox 1328 1813 1400 1837; x_wconf 85' lang='lat' dir='ltr'>non</span> <span class='ocrx_word' id='word_1_181' title='bbox 1451 1801 1591 1846; x_wconf 73' lang='lat' dir='ltr'>dicant,</span> <span class='ocrx_word' id='word_1_182' title='bbox 1638 1813 1754 1850; x_wconf 79' lang='lat' dir='ltr'>opere</span> 
     </span>
     <span class='ocr_line' id='line_1_26' title="bbox 441 1859 1809 1909; baseline 0.002 -16"><span class='ocrx_word' id='word_1_183' title='bbox 441 1859 661 1907; x_wconf 81' lang='lat' dir='ltr'>loquuntur,</span> <span class='ocrx_word' id='word_1_184' title='bbox 705 1871 755 1895; x_wconf 88' lang='lat' dir='ltr'>ex</span> <span class='ocrx_word' id='word_1_185' title='bbox 798 1871 839 1895; x_wconf 91' lang='lat' dir='ltr'>eo</span> <span class='ocrx_word' id='word_1_186' title='bbox 882 1859 985 1908; x_wconf 82' lang='lat' dir='ltr'>quod</span> <span class='ocrx_word' id='word_1_187' title='bbox 1027 1859 1231 1895; x_wconf 84' lang='lat' dir='ltr'>ambiciose</span> <span class='ocrx_word' id='word_1_188' title='bbox 1275 1866 1308 1894; x_wconf 90' lang='lat' dir='ltr'>et</span> <span class='ocrx_word' id='word_1_189' title='bbox 1340 1859 1545 1909; x_wconf 79' lang='lat' dir='ltr'>magnifice</span> <span class='ocrx_word' id='word_1_190' title='bbox 1576 1859 1809 1908; x_wconf 72' lang='lat' dir='ltr'>edificant25</span> 
     </span>
     <span class='ocr_line' id='line_1_27' title="bbox 442 1916 1754 1966; baseline 0.002 -15"><span class='ocrx_word' id='word_1_191' title='bbox 442 1917 649 1952; x_wconf 87' lang='lat' dir='ltr'>memorias</span> <span class='ocrx_word' id='word_1_192' title='bbox 681 1917 910 1963; x_wconf 84' lang='lat' dir='ltr'>occisorum,</span> <span class='ocrx_word' id='word_1_193' title='bbox 949 1929 1042 1965; x_wconf 83' lang='lat' dir='ltr'>quos</span> <span class='ocrx_word' id='word_1_194' title='bbox 1073 1929 1094 1952; x_wconf 86' lang='lat' dir='ltr'>a</span> <span class='ocrx_word' id='word_1_195' title='bbox 1123 1917 1301 1966; x_wconf 80' lang='lat' dir='ltr'>patribus</span> <span class='ocrx_word' id='word_1_196' title='bbox 1332 1916 1410 1952; x_wconf 90' lang='lat' dir='ltr'>suis</span> <span class='ocrx_word' id='word_1_197' title='bbox 1447 1917 1642 1966; x_wconf 75' lang='lat' dir='ltr'>iugulatos</span> <span class='ocrx_word' id='word_1_198' title='bbox 1673 1928 1754 1953; x_wconf 87' lang='lat' dir='ltr'>esse</span> 
     </span>
     <span class='ocr_line' id='line_1_28' title="bbox 442 1982 702 2025; baseline 0 -15"><span class='ocrx_word' id='word_1_199' title='bbox 442 1987 513 2010; x_wconf 84' lang='lat' dir='ltr'>non</span> <span class='ocrx_word' id='word_1_200' title='bbox 547 1982 702 2025; x_wconf 80' lang='lat' dir='ltr'>negant.</span> 
     </span>
    </p>

    <p class='ocr_par' dir='ltr' id='par_1_9' title="bbox 437 2032 1811 2543">
     <span class='ocr_line' id='line_1_29' title="bbox 498 2032 1755 2081; baseline 0.001 -14"><span class='ocrx_word' id='word_1_201' title='bbox 498 2032 551 2067; x_wconf 81' lang='lat' dir='ltr'>Et</span> <span class='ocrx_word' id='word_1_202' title='bbox 583 2045 649 2068; x_wconf 77' lang='lat' dir='ltr'>vos</span> <span class='ocrx_word' id='word_1_203' title='bbox 682 2032 836 2081; x_wconf 81' lang='lat' dir='ltr'>implete</span> <span class='ocrx_word' id='word_1_204' title='bbox 867 2044 1088 2068; x_wconf 83' lang='lat' dir='ltr'>mensuram</span> <span class='ocrx_word' id='word_1_205' title='bbox 1123 2039 1282 2081; x_wconf 78' lang='lat' dir='ltr'>patrum</span> <span class='ocrx_word' id='word_1_206' title='bbox 1329 2040 1573 2077; x_wconf 81' lang='lat' dir='ltr'>vestrorum;</span> <span class='ocrx_word' id='word_1_207' title='bbox 1609 2032 1755 2081; x_wconf 80' lang='lat' dir='ltr'>probat</span> 
     </span>
     <span class='ocr_line' id='line_1_30' title="bbox 439 2090 1752 2140; baseline 0 -15"><span class='ocrx_word' id='word_1_208' title='bbox 439 2090 704 2139; x_wconf 80' lang='lat' dir='ltr'>superioribus</span> <span class='ocrx_word' id='word_1_209' title='bbox 737 2090 847 2126; x_wconf 90' lang='lat' dir='ltr'>dictis</span> <span class='ocrx_word' id='word_1_210' title='bbox 879 2090 980 2138; x_wconf 82' lang='lat' dir='ltr'>quod</span> <span class='ocrx_word' id='word_1_211' title='bbox 1000 2090 1082 2140; x_wconf 85' lang='lat' dir='ltr'>filii</span> <span class='ocrx_word' id='word_1_212' title='bbox 1112 2098 1234 2126; x_wconf 80' lang='lat' dir='ltr'>essent</span> <span class='ocrx_word' id='word_1_213' title='bbox 1256 2090 1538 2126; x_wconf 77' lang='lat' dir='ltr'>homicidarum</span> <span class='ocrx_word' id='word_1_214' title='bbox 1563 2097 1598 2126; x_wconf 84' lang='lat' dir='ltr'>et</span> <span class='ocrx_word' id='word_1_215' title='bbox 1620 2102 1752 2126; x_wconf 84' lang='lat' dir='ltr'>eorum</span> 
     </span>
     <span class='ocr_line' id='line_1_31' title="bbox 441 2148 1811 2197; baseline 0 -15"><span class='ocrx_word' id='word_1_216' title='bbox 441 2148 504 2195; x_wconf 79' lang='lat' dir='ltr'>qui</span> <span class='ocrx_word' id='word_1_217' title='bbox 531 2149 746 2197; x_wconf 78' lang='lat' dir='ltr'>prophetas</span> <span class='ocrx_word' id='word_1_218' title='bbox 778 2148 1016 2194; x_wconf 85' lang='lat' dir='ltr'>occidissent,</span> <span class='ocrx_word' id='word_1_219' title='bbox 1063 2160 1161 2183; x_wconf 81' lang='lat' dir='ltr'>nunc</span> <span class='ocrx_word' id='word_1_220' title='bbox 1204 2148 1395 2184; x_wconf 82' lang='lat' dir='ltr'>concludit</span> <span class='ocrx_word' id='word_1_221' title='bbox 1437 2149 1539 2197; x_wconf 86' lang='lat' dir='ltr'>quod</span> <span class='ocrx_word' id='word_1_222' title='bbox 1577 2148 1754 2184; x_wconf 80' lang='lat' dir='ltr'>vulnerat</span> <span class='ocrx_word' id='word_1_223' title='bbox 1771 2156 1811 2187; x_wconf 77' lang='lat'>30</span> 
     </span>
     <span class='ocr_line' id='line_1_32' title="bbox 442 2206 1754 2257; baseline 0.001 -17"><span class='ocrx_word' id='word_1_224' title='bbox 442 2213 475 2240; x_wconf 90' lang='lat' dir='ltr'>et</span> <span class='ocrx_word' id='word_1_225' title='bbox 507 2206 617 2253; x_wconf 79' lang='lat' dir='ltr'>quasi</span> <span class='ocrx_word' id='word_1_226' title='bbox 648 2214 865 2242; x_wconf 83' lang='lat' dir='ltr'>extremam</span> <span class='ocrx_word' id='word_1_227' title='bbox 898 2206 1127 2257; x_wconf 75' lang='lat' dir='ltr'>syllogismi</span> <span class='ocrx_word' id='word_1_228' title='bbox 1151 2213 1308 2254; x_wconf 84' lang='lat' dir='ltr'>partem</span> <span class='ocrx_word' id='word_1_229' title='bbox 1336 2206 1471 2254; x_wconf 80' lang='lat' dir='ltr'>ponit:</span> <span class='ocrx_word' id='word_1_230' title='bbox 1503 2206 1555 2241; x_wconf 84' lang='lat' dir='ltr'>Et</span> <span class='ocrx_word' id='word_1_231' title='bbox 1587 2213 1654 2241; x_wconf 79' lang='lat' dir='ltr'>vos</span> <span class='ocrx_word' id='word_1_232' title='bbox 1685 2206 1754 2241; x_wconf 90' lang='lat' dir='ltr'>im-</span> 
     </span>
     <span class='ocr_line' id='line_1_33' title="bbox 437 2263 1755 2313; baseline 0.001 -15"><span class='ocrx_word' id='word_1_233' title='bbox 437 2263 540 2311; x_wconf 79' lang='lat' dir='ltr'>plete</span> <span class='ocrx_word' id='word_1_234' title='bbox 572 2276 791 2299; x_wconf 82' lang='lat' dir='ltr'>mensuram</span> <span class='ocrx_word' id='word_1_235' title='bbox 820 2271 979 2313; x_wconf 80' lang='lat' dir='ltr'>patrum</span> <span class='ocrx_word' id='word_1_236' title='bbox 1013 2270 1244 2299; x_wconf 75' lang='lat' dir='ltr'>vestrorum.</span> <span class='ocrx_word' id='word_1_237' title='bbox 1285 2264 1400 2307; x_wconf 81' lang='lat' dir='ltr'>Quod</span> <span class='ocrx_word' id='word_1_238' title='bbox 1431 2263 1507 2300; x_wconf 89' lang='lat' dir='ltr'>illis</span> <span class='ocrx_word' id='word_1_239' title='bbox 1539 2263 1660 2312; x_wconf 86' lang='lat' dir='ltr'>defuit</span> <span class='ocrx_word' id='word_1_240' title='bbox 1689 2275 1755 2299; x_wconf 76' lang='lat' dir='ltr'>vos</span> 
     </span>
     <span class='ocr_line' id='line_1_34' title="bbox 442 2321 1752 2371; baseline 0 -15"><span class='ocrx_word' id='word_1_241' title='bbox 442 2321 615 2370; x_wconf 80' lang='lat' dir='ltr'>iuzplete;</span> <span class='ocrx_word' id='word_1_242' title='bbox 642 2322 701 2357; x_wconf 90' lang='lat' dir='ltr'>illi</span> <span class='ocrx_word' id='word_1_243' title='bbox 719 2321 998 2370; x_wconf 79' lang='lat' dir='ltr'>iuterfecerunt</span> <span class='ocrx_word' id='word_1_244' title='bbox 1019 2333 1165 2367; x_wconf 77' lang='lat' dir='ltr'>servos,</span> <span class='ocrx_word' id='word_1_245' title='bbox 1205 2334 1272 2357; x_wconf 77' lang='lat' dir='ltr'>vos</span> <span class='ocrx_word' id='word_1_246' title='bbox 1295 2322 1502 2357; x_wconf 86' lang='lat' dir='ltr'>Dominum</span> <span class='ocrx_word' id='word_1_247' title='bbox 1527 2321 1752 2371; x_wconf 70' lang='lat' dir='ltr'>crucifigite.</span> 
     </span>
     <span class='ocr_line' id='line_1_35' title="bbox 445 2379 1754 2428; baseline 0 -15"><span class='ocrx_word' id='word_1_248' title='bbox 445 2379 507 2413; x_wconf 86' lang='lat' dir='ltr'>Illi</span> <span class='ocrx_word' id='word_1_249' title='bbox 532 2380 760 2428; x_wconf 77' lang='lat' dir='ltr'>prophetas,</span> <span class='ocrx_word' id='word_1_250' title='bbox 810 2392 876 2415; x_wconf 78' lang='lat' dir='ltr'>vos</span> <span class='ocrx_word' id='word_1_251' title='bbox 916 2392 999 2415; x_wconf 86' lang='lat' dir='ltr'>eum</span> <span class='ocrx_word' id='word_1_252' title='bbox 1040 2379 1105 2427; x_wconf 82' lang='lat' dir='ltr'>qui</span> <span class='ocrx_word' id='word_1_253' title='bbox 1134 2392 1155 2414; x_wconf 90' lang='lat' dir='ltr'>a</span> <span class='ocrx_word' id='word_1_254' title='bbox 1183 2379 1386 2428; x_wconf 81' lang='lat' dir='ltr'>prophetis</span> <span class='ocrx_word' id='word_1_255' title='bbox 1420 2379 1648 2427; x_wconf 79' lang='lat' dir='ltr'>predicatus</span> <span class='ocrx_word' id='word_1_256' title='bbox 1679 2385 1754 2414; x_wconf 86' lang='lat' dir='ltr'>est:</span> 
     </span>
     <span class='ocr_line' id='line_1_36' title="bbox 442 2436 1809 2488; baseline 0 -17"><span class='ocrx_word' id='word_1_257' title='bbox 442 2444 638 2485; x_wconf 81' lang='lat' dir='ltr'>serpentes</span> <span class='ocrx_word' id='word_1_258' title='bbox 689 2445 724 2473; x_wconf 88' lang='lat' dir='ltr'>et</span> <span class='ocrx_word' id='word_1_259' title='bbox 765 2437 961 2488; x_wconf 70' lang='lat' dir='ltr'>genimina</span> <span class='ocrx_word' id='word_1_260' title='bbox 1007 2437 1244 2486; x_wconf 77' lang='lat' dir='ltr'>viperarum,</span> <span class='ocrx_word' id='word_1_261' title='bbox 1295 2437 1485 2486; x_wconf 81' lang='lat' dir='ltr'>quomodo</span> <span class='ocrx_word' id='word_1_262' title='bbox 1519 2436 1688 2487; x_wconf 74' lang='lat' dir='ltr'>fugietis</span> <span class='ocrx_word' id='word_1_263' title='bbox 1731 2443 1809 2475; x_wconf 80' lang='lat' dir='ltr'>a35</span> 
     </span>
     <span class='ocr_line' id='line_1_37' title="bbox 443 2494 1754 2543; baseline 0 -15"><span class='ocrx_word' id='word_1_264' title='bbox 443 2494 581 2530; x_wconf 86' lang='lat' dir='ltr'>iudicio</span> <span class='ocrx_word' id='word_1_265' title='bbox 615 2495 780 2530; x_wconf 81' lang='lat' dir='ltr'>ielzeime.</span> <span class='ocrx_word' id='word_1_266' title='bbox 816 2494 903 2530; x_wconf 91' lang='lat' dir='ltr'>Hoc</span> <span class='ocrx_word' id='word_1_267' title='bbox 934 2495 1057 2543; x_wconf 81' lang='lat' dir='ltr'>ipsum</span> <span class='ocrx_word' id='word_1_268' title='bbox 1091 2502 1125 2530; x_wconf 85' lang='lat' dir='ltr'>et</span> <span class='ocrx_word' id='word_1_269' title='bbox 1149 2495 1343 2530; x_wconf 83' lang='lat' dir='ltr'>Johannes</span> <span class='ocrx_word' id='word_1_270' title='bbox 1365 2494 1542 2543; x_wconf 81' lang='lat' dir='ltr'>Baptista</span> <span class='ocrx_word' id='word_1_271' title='bbox 1576 2494 1754 2530; x_wconf 84' lang='lat' dir='ltr'>dixerat.-</span> 
     </span>
    </p>
   </div>
   <div class='ocr_carea' id='block_1_5' title="bbox 514 2703 1427 2739">
    <p class='ocr_par' dir='ltr' id='par_1_10' title="bbox 514 2703 1427 2739">
     <span class='ocr_line' id='line_1_38' title="bbox 514 2703 1427 2739; baseline -0.002 -8"><span class='ocrx_word' id='word_1_272' title='bbox 514 2713 546 2731; x_wconf 85' lang='grc' dir='ltr'>ιι.</span> <span class='ocrx_word' id='word_1_273' title='bbox 570 2705 589 2730; x_wconf 62' lang='lat'>11</span> <span class='ocrx_word' id='word_1_274' title='bbox 611 2704 640 2731; x_wconf 80' lang='lat' dir='ltr'>in</span> <span class='ocrx_word' id='word_1_275' title='bbox 664 2712 776 2738; x_wconf 45' lang='lat' dir='ltr'>marga</span> <span class='ocrx_word' id='word_1_276' title='bbox 799 2713 844 2739; x_wconf 84' lang='lat'>17.</span> <span class='ocrx_word' id='word_1_277' title='bbox 940 2713 980 2739; x_wconf 76' lang='lat'>19.</span> <span class='ocrx_word' id='word_1_278' title='bbox 997 2706 1024 2732; x_wconf 90' lang='lat' dir='ltr'><strong>A</strong></span> <span class='ocrx_word' id='word_1_279' title='bbox 1044 2704 1074 2731; x_wconf 86' lang='lat' dir='ltr'>in</span> <span class='ocrx_word' id='word_1_280' title='bbox 1098 2712 1213 2738; x_wconf 43' lang='lat' dir='ltr'>marga</span> <span class='ocrx_word' id='word_1_281' title='bbox 1234 2703 1427 2738; x_wconf 69' lang='lat' dir='ltr'>Jerouymtes.</span> 
     </span>
    </p>
   </div>
   <div class='ocr_carea' id='block_1_6' title="bbox 444 2796 1751 2885">
    <p class='ocr_par' dir='ltr' id='par_1_11' title="bbox 444 2796 1751 2885">
     <span class='ocr_line' id='line_1_39' title="bbox 518 2796 1751 2842; baseline -0.002 -13"><span class='ocrx_word' id='word_1_282' title='bbox 518 2809 565 2830; x_wconf 77' lang='lat'>12.</span> <span class='ocrx_word' id='word_1_283' title='bbox 603 2800 717 2830; x_wconf 69' lang='lat' dir='ltr'>Manli.</span> <span class='ocrx_word' id='word_1_284' title='bbox 753 2801 867 2839; x_wconf 81' lang='lat' dir='ltr'>XXIII,</span> <span class='ocrx_word' id='word_1_285' title='bbox 908 2801 1052 2842; x_wconf 61' lang='lat' dir='ltr'>‘zo—¹32.</span> <span class='ocrx_word' id='word_1_286' title='bbox 1178 2810 1224 2841; x_wconf 65' lang='lat'>19·</span> <span class='ocrx_word' id='word_1_287' title='bbox 1265 2799 1401 2829; x_wconf 84' lang='lat' dir='ltr'>Comm.</span> <span class='ocrx_word' id='word_1_288' title='bbox 1441 2798 1471 2828; x_wconf 78' lang='lat' dir='ltr'>in</span> <span class='ocrx_word' id='word_1_289' title='bbox 1513 2796 1631 2827; x_wconf 80' lang='lat' dir='ltr'>Matth.</span> <span class='ocrx_word' id='word_1_290' title='bbox 1670 2796 1688 2826; x_wconf 89' lang='lat' dir='ltr'>I.</span> <span class='ocrx_word' id='word_1_291' title='bbox 1723 2806 1751 2826; x_wconf 80' lang='lat' dir='ltr'>c.</span> 
     </span>
     <span class='ocr_line' id='line_1_40' title="bbox 444 2846 579 2885; baseline 0 -10"><span class='ocrx_word' id='word_1_292' title='bbox 444 2857 474 2885; x_wconf 68' lang='lat' dir='ltr'>p.</span> <span class='ocrx_word' id='word_1_293' title='bbox 509 2846 579 2875; x_wconf 60' lang='lat'>188.</span> 
     </span>
    </p>
   </div>
  </div>
 </body>
</html>
