1986 3289
199 212 279 248 314
805 213 968 244 OPERIS
994 213 1275 244 EVANGELICI
1304 214 1387 244 LIB.
1414 214 1469 244 IV.
1610 201 1716 255 [CAP-
1744 211 1796 238 IX.

489 317 679 366 magister
726 320 823 354 dans
857 318 1079 354 doctrinam
1127 320 1329 355 salubrem
1375 333 1446 355 suo
1492 320 1688 368 discipulo
1734 323 1799 357 de-

488 375 674 423 dignatur
718 376 829 412 illum
881 376 947 424 qui
994 376 1162 424 despicit
1208 378 1310 413 hanc
1352 377 1590 423 doctrinam,
1648 388 1799 427 quanto

488 433 614 481 magis
659 434 848 482 magister
889 434 1042 481 primus
1077 435 1232 471 celestis
1264 435 1329 483 qui
1363 435 1416 471 ita
1449 435 1649 472 laboriose
1682 438 1799 473 docet

486 500 565 527 tam
593 504 713 539 opere
738 505 858 540 quam
883 504 1068 529 sermone
1086 492 1204 529 istam
1222 493 1467 529 sentenciam
1485 502 1565 529 tam
1585 495 1797 530 salubrem.

488 549 629 596 Cogita
663 562 757 597 ergo
791 552 994 598 quomodo
1029 551 1208 587 Christus
1242 550 1409 587 surrexit
1462 565 1483 588 a
1517 564 1614 588 cena
1648 561 1683 588 et
1716 561 1795 588 tam
1817 554 1832 585 5

487 616 638 643 attente
683 608 762 647 suis
808 607 1013 656 discipulis
1058 608 1153 645 lavit
1197 610 1317 656 pedes
1371 618 1407 645 et
1453 622 1572 657 quam
1619 622 1799 658 expresse

487 666 602 701 docet
646 665 761 702 istam
808 666 1077 711 sentenciam3
1130 668 1387 714 postmodum
1436 666 1474 703 in
1527 679 1710 704 sermone
1763 677 1799 703 et

487 722 604 759 istam
650 723 925 761 imitacionem
960 724 1107 761 Christi
1151 726 1370 761 secundum
1420 726 1588 772 gradum
1624 725 1798 773 aliquem

487 794 568 817 non
602 793 778 829 negares.

215 840 365 889 whether
385 841 406 879 it
428 842 454 868 is
545 841 678 875 Movet
702 848 835 876 autem
861 839 1106 887 Augustinus
1138 849 1271 876 utrum
1298 840 1420 876 frater
1444 840 1610 876 dimittit
1633 849 1799 888 peccata
1820 853 1858 873 10

215 877 448 938 npaogszglsseilffit
488 897 662 943 alterius,
707 907 742 934 et
781 898 938 933 videtur
977 898 1108 946 ipsum
1148 907 1282 934 tenere
1322 899 1429 946 quod
1462 912 1582 935 orans
1615 899 1675 935 vel
1709 911 1799 946 pro-

302 946 360 973 sin.
488 967 643 991 merens
688 964 728 991 ut
762 957 867 991 Deus
903 965 1070 1003 peccata
1114 968 1183 992 sua
1228 956 1417 993 dimittat.
1464 956 1628 992 dimittit
1673 956 1798 992 eciam

490 1014 608 1049 modo
655 1013 791 1061 aliquo
836 1022 1001 1061 peccata
1046 1013 1126 1059 illa,
1173 1014 1355 1061 quamvis
1408 1016 1513 1050 Deus
1563 1013 1801 1062 simpliciter

487 1071 687 1107 autentice
719 1081 885 1119 peccata
919 1071 1110 1107 dimittat.
1166 1073 1214 1107 Et
1247 1073 1352 1108 hunc
1396 1084 1556 1108 sensum
1606 1071 1712 1108 elicit
1757 1084 1800 1108 ex

487 1128 594 1164 dicto
619 1129 835 1165 Salvator-is
870 1139 906 1165 et
939 1129 1045 1165 beati
1078 1129 1231 1176 Jacobi,
1266 1142 1357 1166 cum
1382 1130 1562 1166 Christus
1595 1129 1650 1166 sic
1683 1131 1799 1166 docet
1821 1130 1856 1162 15

486 1199 600 1223 orare
625 1187 791 1223 Matthei
814 1189 877 1233 VI,
908 1199 967 1225 12.
993 1188 1155 1223 Dimitte
1177 1187 1282 1223 nobis
1307 1188 1432 1223 debita
1456 1195 1601 1233 nostra,
1635 1187 1734 1224 sicut
1766 1195 1800 1223 et

485 1257 553 1280 nos
586 1245 813 1281 dimittimus
837 1246 1071 1281 debitoribus
1094 1245 1246 1281 nostris.
1282 1247 1329 1281 Et
1351 1246 1522 1281 Jacobus
1544 1247 1577 1280 V
1600 1258 1699 1293 cap„
1730 1245 1797 1282 16:

490 1300 732 1352 Confitemini
785 1303 1017 1339 alterutrum
1067 1310 1227 1352 peccata
1281 1310 1422 1349 vestra,
1481 1311 1515 1339 et
1567 1311 1677 1339 orate
1723 1316 1799 1352 pro

486 1360 644 1396 invicem
682 1369 721 1397 ut
751 1361 967 1400 salvemini.
1004 1363 1049 1396 Et
1082 1361 1237 1397 videtur
1271 1360 1473 1397 racionem
1506 1362 1683 1397 alludere
1715 1360 1799 1397 istis

485 1418 626 1462 verbis,
673 1419 766 1467 quia
800 1419 1044 1464 conviantes⁷
1091 1432 1180 1455 cum
1216 1419 1389 1467 peccatis
1433 1418 1512 1455 suis
1557 1418 1691 1467 aliquo
1735 1431 1800 1454 sex
1817 1429 1858 1450 20

486 1478 700 1512 modorum
726 1477 930 1525 reciproce
954 1477 1228 1521 consenciunt‚
1252 1477 1425 1525 peccatis
1441 1477 1521 1513 suis
1542 1476 1797 1524 participant,

487 1543 523 1570 et
574 1547 644 1582 per
690 1547 936 1583 consequens
976 1545 1142 1582 possunt
1194 1544 1358 1582 peccata
1404 1535 1470 1571 illa
1515 1543 1710 1583 quantum
1758 1534 1798 1570 in

486 1591 581 1639 ipsis
615 1602 672 1628 est
706 1593 909 1629 remittere
957 1602 992 1629 et
1032 1593 1181 1637 iuvare,
1236 1602 1277 1628 ut
1311 1595 1415 1628 Deus
1460 1605 1503 1628 ex
1549 1605 1620 1629 sua
1664 1591 1799 1640 gracia

486 1650 602 1686 tollat
626 1650 712 1697 illa;
749 1660 785 1687 et
819 1651 874 1687 sic
898 1660 1028 1698 potest
1052 1651 1199 1687 servari
1226 1653 1308 1687 Deo
1342 1660 1383 1687 ut
1416 1650 1624 1698 proprium
1658 1650 1798 1686 tollere

486 1717 651 1755 peccata
697 1709 835 1744 mundi
876 1718 912 1745 et
958 1709 1162 1745 remittere
1206 1709 1266 1745 vel
1312 1708 1514 1745 dimittere
1547 1710 1598 1744 ad
1637 1720 1797 1744 sensum
1815 1708 1854 1740 25

487 1766 639 1802 dictum
680 1766 917 1814 equivocum
962 1767 1085 1803 tribui
1119 1776 1314 1803 creature.
1355 1767 1395 1803 Si
1441 1766 1544 1802 enim
1586 1768 1691 1802 Deus
1730 1765 1798 1814 qui

486 1836 652 1872 peccare
685 1838 767 1861 non
790 1824 937 1873 poterit
970 1833 1137 1872 peccata
1168 1833 1305 1861 nostra
1338 1824 1505 1860 dimittit
1538 1832 1574 1860 et
1610 1836 1680 1871 pro
1704 1823 1798 1871 ipsis

486 1891 588 1929 orat,
623 1891 774 1931 quanto
809 1883 935 1930 magis
968 1896 1039 1919 nos
1072 1883 1224 1931 peccati
1257 1882 1474 1930 participes
1508 1883 1699 1918 debemus
1722 1882 1799 1917 hoc

485 1940 615 1976 facere
648 1950 685 1977 et
716 1940 771 1977 sic
795 1941 1000 1989 reciproce
1029 1943 1150 1989 pedes
1180 1940 1336 1977 lavare?
1370 1942 1417 1976 Et
1450 1948 1559 1987 patet
1593 1940 1798 1988 quomodo

486 1999 557 2034 hec
576 1998 760 2035 doctrina
777 1999 1004 2046 evangelica
1023 2007 1079 2035 est
1097 1998 1323 2035 communis
1348 1998 1530 2034 fidelibus
1554 2006 1591 2033 et
1614 1997 1796 2034 salubris.
1815 1997 1856 2029 30

1012 2171 1148 2212 CAP.
1183 2170 1269 2210 IX.

545 2265 734 2314 Sequitur
768 2265 807 2301 in
841 2275 944 2302 textu
979 2265 1190 2313 evangelii:
1239 2266 1372 2312 Amen⁷
1411 2265 1530 2300 Amen
1564 2264 1647 2300 dico
1681 2264 1798 2307 vobis,

487 2336 558 2359 nou
591 2331 645 2359 est
683 2337 818 2360 servus
851 2324 975 2359 maior
1008 2324 1161 2360 domino
1193 2336 1261 2359 Suo
1294 2335 1410 2371 neque
1446 2322 1643 2371 apostolus
1675 2322 1800 2357 maior

486 2394 527 2416 eo
560 2382 624 2430 qui
655 2382 756 2417 misit
789 2382 909 2419 illum.
958 2382 1000 2417 Si
1031 2383 1098 2417 lzec
1128 2381 1247 2428 scitis,
1281 2381 1382 2417 beati
1412 2380 1531 2424 erilis,
1564 2380 1598 2415 si
1618 2379 1798 2428 feceritis

485 2452 542 2482 ea,
587 2452 658 2474 uon
693 2441 739 2475 de
771 2440 944 2475 omnibns
977 2440 1082 2475 vobis
1116 2440 1212 2475 dico.
1253 2439 1342 2489 Ego
1375 2438 1453 2474 scio
1487 2450 1579 2485 quos
1611 2435 1853 2486 elegerim-'³¹5

484 2498 552 2532 sed
574 2505 611 2532 ut
635 2498 899 2546 adimpleatur
921 2498 1138 2546 scriptura:
1176 2497 1252 2541 Qui
1273 2497 1479 2532 manducat
1502 2507 1641 2544 panem
1674 2507 1796 2530 meum

555 2692 578 2710 2.
602 2685 645 2711 A:
669 2684 791 2718 decipit.
866 2692 894 2716 4.
916 2685 960 2710 Λ;
983 2691 1073 2718 quam
1092 2691 1185 2718 opere
1205 2691 1303 2716 quam.
1381 2691 1419 2709 ιο.
1443 2683 1484 2709 Α;
1509 2681 1613 2708 Movit.
1689 2688 1728 2714 ¹9-
1751 2680 1794 2706 A:

485 2721 513 2745 el
533 2720 627 2746 deest.
719 2728 763 2751 ²4*
786 2719 831 2744 A:
854 2721 882 2745 el
902 2719 950 2744 xic.
1051 2726 1092 2751 27,
1116 2719 1158 2744 Λ;
1176 2726 1237 2752 prm
1258 2718 1310 2744 eir.
1408 2715 1522 2748 ’33-34,
1545 2717 1587 2742 A:
1610 2715 1711 2741 maior
1732 2715 1794 2740 illo.

486 2754 524 2780 fib.
547 2755 589 2780 A:
613 2753 767 2789 eligerint.

556 2827 608 2858 32.
634 2824 708 2856 joh.
735 2824 819 2863 ΧΙΙΙ,
853 2823 991 2866 ῐΟ-ις».
