1986 3289
149 210 220 237 100
741 202 859 237 opos
884 200 1220 237 EVANGELlcUM
1249 201 1332 234 ΜΒ.
1359 201 1412 234 111.
1487 186 1595 244 [CAP.
1616 195 1740 226 xxvn.

169 335 265 363 What
285 334 389 362 Christ
431 313 620 363 quomodo
642 311 847 349 saciatur?
870 310 1051 347 Saciatur
1065 310 1100 346 in
1114 309 1200 360 fide
1215 309 1424 352 hominum,
1448 307 1743 359 esurivitfideli-

167 369 391 431 Quazgssgffiffssff
431 379 546 407 tatem
586 383 730 407 eorum.
775 370 828 405 Et
860 370 1023 418 desuper
1055 368 1345 404 Samaritanum
1379 374 1535 416 puteum
1569 367 1745 417 gaudens

239 446 321 466 man.
431 429 598 475 sedebat,
632 428 783 476 quando
805 427 911 477 fides
942 426 1282 462 Samaritanorum
1322 425 1356 460 ei
1385 425 1580 474 offerenda
1602 425 1745 473 fuerat

431 494 627 535 tamquam
673 485 837 535 optimus
880 485 996 520 cibus.
1041 484 1118 520 Hic
1164 491 1289 519 autem
1336 483 1371 518 in
1416 482 1554 532 templo
1598 482 1744 517 nullam

431 557 555 581 escam
596 544 760 579 humane
795 543 1010 579 sanctitatis
1048 542 1240 578 inveniens
1295 553 1480 591 egressus
1518 540 1564 576 de
1607 538 1778 588 templo5

431 602 554 638 tristis
591 602 681 637 ibat.
731 601 785 636 Et
822 612 913 636 vere
951 600 1088 635 merito
1128 599 1363 636 tristabatur
1400 606 1435 634 et
1472 605 1558 634 erat
1582 605 1747 647 propter

431 661 532 708 quod
587 659 836 695 irasceretur.
887 658 998 707 Apud
1042 657 1311 693 Samaritanos
1354 668 1527 706 peregre
1579 655 1747 691 saciatus

432 725 528 763 erat,
563 718 665 766 apud
695 717 837 752 Judeos
869 716 904 751 in
938 716 1051 752 domo
1076 715 1241 764 propria
1274 714 1413 750 mansit
1445 714 1602 751 ieiunus.
1643 713 1745 749 Nam

432 787 614 825 egressus
658 774 756 819 iheu,-
798 774 869 810 hoc
911 774 1054 824 signat,
1099 773 1185 821 quia
1230 773 1396 821 offensus
1434 772 1522 809 ibat.
1567 771 1745 820 Alioquin

431 833 631 883 sufficeret
669 832 816 868 dicere:
867 831 962 867 Cum
1004 842 1187 881 egressus
1218 837 1315 866 esset
1347 831 1393 865 de
1424 829 1575 878 templo,
1620 840 1746 865 acces·
1767 840 1806 860 10

432 898 565 927 serunt
601 891 653 925 ad
689 902 786 928 eum.
829 889 1163 933 Quemadmodum
1208 888 1334 933 homo,
1378 887 1412 924 si
1454 887 1560 923 vadit
1597 886 1748 933 alicubi,

434 949 615 985 estimans
653 947 824 983 invenire
862 959 1099 996 responsum,
1137 946 1172 983 si
1209 959 1281 982 non
1323 945 1522 992 invenerit,
1566 945 1750 994 confusus

433 1013 650 1057 egreditur,
684 1005 793 1054 quasi
823 1005 887 1053 qui
914 1004 1087 1054 perdidit
1117 1004 1275 1053 aliquid,
1309 1003 1395 1053 quia
1434 1003 1535 1052 quod
1572 1002 1753 1051 sperabat

435 1076 507 1099 non
547 1063 700 1099 invenit.
746 1064 836 1099 Ideo
875 1070 910 1099 et
946 1062 1131 1111 apostolis
1168 1062 1280 1110 quasi
1316 1062 1453 1097 dolore
1490 1060 1657 1109 repletus
1690 1071 1750 1096 re-

435 1121 606 1171 spondit:
656 1121 776 1157 Amen
823 1120 905 1156 dico
940 1120 1056 1165 vobis,
1105 1132 1178 1156 non
1221 1120 1337 1155 stabit
1379 1119 1439 1155 hic
1491 1118 1587 1167 lapis
1636 1118 1807 1167 superi-²>

162 1188 229 1215 The
250 1186 397 1222 apostles'
437 1179 616 1229 lapidem,
661 1179 724 1227 qui
767 1191 839 1215 non
872 1179 1110 1214 destruatur.
1156 1178 1242 1213 Non
1280 1184 1407 1226 potest
1446 1176 1609 1226 pacifica
1649 1175 1753 1225 loqui

162 1226 406 1293 eyeysetwggeennot
436 1250 505 1274 cor
537 1237 676 1273 liabens
714 1237 921 1272 turbatum.
961 1236 1216 1272 Accesserunt
1246 1236 1298 1270 ad
1329 1247 1411 1271 eum
1446 1233 1623 1283 discipuli
1658 1234 1750 1280 eius,

191 1292 373 1328 spiritually.
437 1303 476 1330 ut
508 1295 750 1331 ostenderent
782 1294 816 1330 ei
843 1301 1084 1330 structuram
1117 1293 1257 1342 templi.
1297 1293 1434 1328 Adhuc
1466 1291 1629 1341 apostoli
1664 1304 1751 1328 car-

436 1353 541 1389 nales
584 1352 780 1388 constituti
821 1352 1042 1401 spirituales
1086 1351 1216 1387 oculos
1259 1351 1427 1387 nondum
1472 1351 1562 1386 bene
1599 1357 1752 1399 apertos

436 1411 647 1455 habehant;
678 1417 712 1446 et
744 1410 827 1446 ideo
859 1410 1115 1458 spiritualiter
1147 1409 1273 1445 adlzuc
1306 1409 1437 1445 videre
1465 1420 1537 1444 non
1554 1415 1748 1457 poterant.
1769 1418 1810 1440 20

437 1469 538 1505 Ecce
570 1468 666 1504 enim
700 1476 819 1504 totum
854 1468 1036 1516 templum
1070 1467 1217 1503 iacebat
1237 1466 1493 1515 spiritualiter
1515 1466 1752 1515 dissipatum,

438 1534 473 1562 et
520 1526 578 1562 illi
620 1526 728 1573 quasi
777 1525 994 1561 mirabilem
1047 1524 1360 1574 composicionem
1412 1524 1544 1573 templi
1597 1523 1753 1560 Christo

436 1584 716 1630 monstrabant,
762 1596 834 1619 non
879 1583 1136 1633 intelligentes
1187 1582 1273 1631 quia
1327 1582 1441 1618 homo
1492 1581 1643 1631 quidem
1689 1582 1754 1617 de-

438 1642 606 1678 lectatur
637 1642 673 1677 in
711 1641 956 1692 edificacione
979 1641 1188 1690 parietum,
1221 1641 1329 1676 Deus
1367 1646 1493 1676 autem
1526 1640 1562 1675 in
1595 1651 1754 1675 conver-

437 1699 589 1736 sacione
619 1706 858 1745 sanctorunz,
896 1699 1043 1734 dicente
1067 1698 1280 1747 propheta:
1323 1698 1500 1745 Domine,
1535 1697 1659 1733 dilexi
1689 1697 1752 1732 de·
1770 1697 1810 1729 25

439 1770 569 1794 corem
615 1758 751 1793 domus
794 1764 866 1792 tue.
907 1757 1028 1800 Quem
1074 1756 1283 1792 decorem?
1327 1768 1399 1792 non
1433 1757 1610 1792 decorem
1644 1766 1752 1804 quem

440 1815 646 1851 diversitas
666 1814 950 1864 splendencium
974 1827 1217 1850 marmorum
1229 1814 1348 1862 facit,
1381 1814 1449 1850 sed
1478 1825 1586 1862 quem
1603 1819 1756 1862 prestat

440 1873 610 1909 varietas
644 1873 852 1909 vivencium
885 1872 1130 1923 graciarum.
1165 1871 1236 1907 Ille
1258 1872 1376 1907 decor
1398 1884 1552 1907 carnem
1578 1871 1754 1915 delectat,

441 1932 510 1967 iste
554 1931 721 1981 vivificat
752 1931 937 1977 animam,
980 1930 1044 1965 ille
1080 1942 1157 1979 pro
1189 1937 1361 1978 tempore
1391 1929 1528 1978 decipit
1560 1929 1689 1966 oculos
1721 1935 1756 1965 et

441 1989 599 2035 deludit,
625 1989 694 2024 iste
715 1996 841 2024 autem
866 1987 1019 2037 edificat
1040 1988 1282 2024 intellectum.
1315 1987 1425 2023 Jesus
1451 1995 1576 2023 autem
1600 1999 1754 2036 respon-
1771 1988 1813 2021 30

442 2048 533 2082 dens
576 2046 630 2082 ait
662 2047 725 2082 eis.
768 2046 909 2082 Videtis
946 2047 1013 2082 lzec
1051 2045 1207 2081 omnia?
1243 2045 1364 2081 Amen
1398 2045 1481 2081 dico
1519 2045 1636 2091 vobis,
1682 2057 1754 2081 non

443 2105 682 2153 relinquetur
713 2104 810 2153 lapis
841 2116 956 2153 super
988 2103 1150 2152 lapidem
1182 2103 1248 2151 qui
1278 2115 1350 2138 non
1384 2104 1621 2139 destruatur.
1655 2102 1754 2151 Apo-

442 2163 534 2198 stoli
576 2174 690 2197 unam
738 2174 818 2197 rem
864 2162 1064 2197 ostendere
1103 2162 1307 2197 voluerunt
1345 2168 1380 2197 et
1418 2161 1539 2209 ipsam
1571 2160 1755 2207 inutilem,

449 2220 627 2255 Christus
658 2227 783 2255 autem
817 2219 869 2255 eis
901 2220 1067 2254 duarum
1102 2231 1234 2255 rerum
1267 2218 1498 2255 salutarium
1533 2219 1636 2254 dedit
1668 2218 1755 2253 viva

445 2290 639 2326 responsa.
686 2278 787 2313 Nam
833 2285 867 2312 et
913 2278 959 2312 de
991 2277 1137 2325 futuro
1185 2289 1248 2312 eos
1293 2277 1472 2312 admonet
1511 2276 1620 2324 quasi
1650 2276 1756 2311 Deus
1773 2275 1811 2310 35

439 2335 612 2384 prescius
639 2343 674 2371 et
701 2337 747 2370 de
762 2335 937 2384 presenti
962 2347 1025 2370 eos
1054 2334 1183 2370 docuit
1210 2335 1319 2382 quasi
1339 2334 1525 2385 benignus
1554 2333 1756 2384 magister,

445 2401 484 2428 ut
516 2406 588 2429 non
620 2393 805 2442 aspiciant
837 2393 903 2428 illa
936 2404 1005 2441 que
1037 2393 1072 2427 in
1104 2392 1231 2428 seculo
1264 2393 1350 2429 viva
1372 2399 1543 2438 servant,
1578 2391 1755 2440 quoniam

443 2463 515 2501 que
559 2451 737 2487 videntur
779 2450 1008 2500 temporalia
1051 2457 1149 2497 sunt,
1195 2462 1265 2499 que
1301 2457 1427 2486 autem
1466 2462 1538 2486 non
1578 2449 1757 2485 videntur

514 2663 544 2687 4.
565 2656 608 2682 A:
631 2655 661 2682 in
683 2654 794 2689 templo
815 2654 908 2682 deest.
984 2662 1022 2681 10.
1044 2654 1087 2694 Af
1108 2654 1213 2681 dicere
1232 2653 1333 2693 dee'sn
1355 2653 1394 2680 ib.
1417 2653 1464 2680 A:
1485 2660 1628 2689 egressus
1638 2649 1754 2692 suerit.

449 2688 489 2716 18.
510 2690 550 2729 ΒΞ
571 2690 779 2717 ostenderunt.
853 2697 900 2724 27.
919 2689 965 2716 A:
988 2690 1325 2728 magistrorunzsacit„
1387 2687 1430 2722 35,
1451 2686 1498 2727 353.
1526 2688 1573 2714 A:
1600 2695 1652 2722 qut
1673 2686 1755 2713 Deus

444 2732 593 2759 prescius.
665 2723 709 2759 37.
730 2725 774 2752 A:
796 2732 858 2752 non
880 2724 979 2757 deest;
1001 2723 1041 2750 1b.
1063 2726 1107 2751 A:
1127 2725 1298 2758 aspzczant;
1319 2723 1361 2750 lb.
1383 2722 1419 2749 B:
1441 2730 1509 2750 viva
1529 2724 1667 2749 cernant.

519 2829 548 2851 2.
575 2819 652 2851 Joh.
680 2821 735 2860 1V,
762 2819 793 2851 (Β.
869 2820 921 2854 25.
949 2819 1078 2852 Psalm.
1104 2819 1208 2859 XXV,
1234 2818 1266 2850 8.
