1986 3289
158 197 206 232 70
771 189 888 221 OPUS
914 189 1250 220 EVANGELICUM
1279 189 1361 219 ΗΒ.
1390 189 1442 219 ΙΙΙ.
1543 175 1650 230 [CAP-
1675 185 1755 213 XIX-

444 311 516 334 non
549 298 585 333 in
617 297 785 346 aliquam
813 302 969 345 partem
1004 295 1190 331 distantes
1221 307 1242 329 a
1275 307 1327 340 se,
1361 306 1434 330 non
1467 294 1645 339 mireris;
1688 294 1757 329 im-

440 355 563 405 plevit
606 355 704 391 enim
753 366 974 390 mensurant
1003 360 1163 402 patruni
1205 364 1364 388 suorum
1397 352 1615 402 gentilium,
1665 364 1757 401 quo-

446 414 547 449 niam
580 421 615 448 et
647 413 707 448 illi
732 411 912 447 similiter
944 412 1086 446 multos
1107 411 1212 446 Deos
1245 411 1440 454 colebant;
1470 410 1621 458 quando
1655 410 1761 445 vides

446 483 510 507 eos
541 478 621 506 tres
666 470 832 506 dicentes
876 481 991 504 unum
1026 469 1151 504 Deum
1198 475 1232 503 et
1268 468 1323 504 sic
1362 468 1486 516 ipsum
1520 479 1601 503 esse
1632 468 1758 503 Deum

442 536 597 578 patrem
642 528 765 577 ipsum
807 528 931 562 Deum
967 526 1097 577 filium
1146 526 1267 575 ipsunt
1307 526 1434 561 Deum
1481 538 1561 561 esse
1603 529 1792 576 negant‚5

447 599 519 622 non
543 586 711 633 mireris,
742 586 953 621 Judeorum
982 592 1142 633 patrum
1165 596 1323 620 suorum
1348 583 1505 632 implent
1528 581 1770 619 mensuram.'

450 645 513 680 Sic
556 644 653 679 eninz
701 651 736 680 et
768 643 827 679 illi
868 655 1022 692 semper
1073 655 1187 677 unum
1222 642 1348 677 Deum
1384 649 1540 690 patrem
1574 641 1763 690 colebant,

451 702 582 752 filium
616 714 689 738 non
723 701 942 751 confitentes
975 701 1100 736 Deum
1129 707 1220 749 post
1247 707 1417 749 patrem.
1458 699 1623 743 Quando
1657 699 1763 734 vides

450 773 513 796 eos
557 760 723 796 dicentes
765 759 853 808 quia
886 758 999 808 filius
1042 759 1088 793 de
1135 758 1202 793 illa
1250 758 1331 806 ipsa
1377 757 1598 793 substancia
1634 756 1764 806 patris

446 818 651 868 processit,
684 818 782 854 sicut
814 824 849 852 et
881 816 1003 852 omnis
1025 816 1137 867 filius
1170 815 1341 851 carnalis
1374 816 1420 850 de
1443 827 1610 864 corpore
1636 815 1765 864 patris
1785 829 1822 849 10

451 884 485 912 et
528 883 655 911 actum
691 875 887 911 carnalem
922 874 1162 924 applicantes
1205 873 1362 922 spiritui
1400 872 1640 922 impassibili,
1674 884 1765 922 cog-

452 946 563 970 nosce
593 933 681 982 quia
714 945 935 968 mensuram
960 932 1118 981 implent
1148 939 1308 981 patruni
1348 943 1507 967 suorum
1540 930 1766 981 gentilium,-

452 992 509 1027 illi
539 991 636 1027 enirn
659 992 756 1027 tales
779 991 870 1027 deos
895 991 1069 1026 colebant
1101 990 1165 1038 qui
1183 990 1390 1025 secundum
1415 1001 1569 1024 carnem
1601 1000 1767 1038 genera-

452 1051 593 1086 bantur
615 1057 650 1085 et
675 1049 926 1100 generabant.
969 1049 1134 1092 Quando
1171 1047 1314 1083 videris
1344 1059 1407 1082 eos
1437 1046 1604 1082 dicentes
1620 1058 1766 1095 purum

453 1107 642 1144 hominem
688 1106 919 1157 crucifixmn
965 1106 1000 1141 in
1046 1106 1174 1141 anima
1219 1113 1254 1141 et
1297 1116 1474 1154 corpore,
1520 1117 1592 1140 non
1640 1104 1823 1139 Deum13

453 1167 489 1202 in
522 1177 688 1215 corpore
719 1177 801 1211 suo,
835 1164 929 1201 scito
961 1164 1140 1213 quoniam
1185 1163 1344 1212 implent
1375 1174 1596 1198 mensuram
1627 1162 1767 1198 Judeo-

456 1237 542 1260 runz
572 1231 734 1273 patrum
758 1235 932 1260 suorum.
967 1223 1069 1257 Nam
1094 1229 1130 1257 et
1152 1222 1211 1256 illi
1231 1221 1421 1257 hominem
1453 1232 1495 1256 se
1526 1219 1770 1269 crucifixisse

457 1282 631 1318 dicebant
663 1282 714 1317 ad
746 1281 964 1330 apostolos:
1007 1280 1110 1315 Ecce
1155 1279 1253 1315 enim
1293 1278 1521 1327 implevistis
1550 1278 1768 1314 Jerusalem

457 1339 633 1376 doctrina
667 1346 797 1375 vestra
843 1346 877 1374 et
911 1338 1027 1374 vultis
1065 1338 1248 1373 inducere
1278 1349 1397 1386 super
1440 1348 1509 1372 nos
1539 1335 1769 1386 sanguinem

456 1397 619 1434 hominis
658 1397 780 1433 huius.
822 1397 865 1432 Si
895 1396 991 1432 enim
1025 1396 1139 1432 homo
1172 1407 1299 1444 purus
1332 1402 1387 1430 est
1414 1406 1568 1444 passus,
1604 1393 1770 1440 dimitto,
1788 1407 1829 1428 20

456 1456 544 1505 quia
577 1468 645 1492 nos
667 1468 775 1491 mors
807 1454 971 1490 hominis
1004 1466 1076 1489 non
1105 1454 1182 1488 Dei
1210 1453 1388 1488 salvavit.
1423 1452 1501 1488 Sed
1533 1452 1629 1498 dico,
1661 1451 1775 1487 Judei

456 1514 532 1550 tale
559 1521 760 1563 peccatum
797 1513 983 1561 fecerunt
1026 1512 1137 1560 quale
1159 1511 1266 1559 facit
1304 1510 1368 1559 qui
1397 1510 1587 1546 hominem
1621 1509 1771 1556 occidit,

459 1585 530 1608 non
564 1572 705 1608 Deum.
765 1571 928 1615 Quando
974 1570 1080 1605 vides
1123 1581 1186 1605 eos
1212 1575 1487 1618 persequentes
1519 1576 1553 1604 et
1576 1567 1772 1616 facientes

459 1631 526 1666 lzec
558 1629 685 1666 onznia
718 1641 789 1678 que
818 1628 1002 1672 diximus,
1037 1639 1108 1663 non
1143 1627 1318 1663 mireris:
1349 1626 1506 1675 implent
1539 1626 1636 1661 enim
1670 1637 1772 1661 men-

458 1701 591 1724 suram
643 1688 857 1723 Judeorum
911 1694 945 1721 et
995 1685 1198 1735 ,gentilium
1242 1692 1400 1733 patrum
1451 1696 1623 1720 suorum.
1688 1685 1771 1719 Hec
1789 1687 1828 1719 25

461 1746 745 1783 Crisostomus.

171 1807 237 1845 Tlie
259 1805 447 1855 *verspnaliiy
519 1803 689 1840 Videtur
722 1803 840 1839 istum
875 1810 1058 1838 sanetum
1085 1803 1229 1836 docere
1253 1801 1361 1848 quod
1395 1799 1465 1835 filii
1499 1799 1538 1835 in
1572 1798 1773 1835 condicio-

179 1840 441 1910 ῗᾶῐιῗὲῗηίιῗοεδςινῗιῗῑῗ
463 1861 579 1898 nibus
613 1861 833 1897 moralibus
866 1873 910 1896 ex
942 1868 1101 1907 patrum
1128 1858 1280 1895 meritis
1314 1857 1394 1894 sive
1427 1857 1634 1893 demeritis
1666 1856 1775 1893 simi-

190 1912 262 1938 ¹¹¹³¹¹¹
284 1911 313 1937 ³¹¹
336 1910 421 1937 flesti.
462 1919 531 1956 lati
564 1919 642 1955 sint
676 1931 815 1955 eorum
850 1917 919 1954 filii
964 1917 1085 1965 pleni⁷
1126 1925 1163 1952 et
1196 1918 1290 1952 dum
1329 1915 1486 1952 variant
1516 1915 1557 1951 in
1589 1914 1776 1951 similitu-

463 1977 555 2014 dine
587 1976 802 2025 spirituali,
836 1989 917 2012 non
951 1975 1031 2011 sint
1054 1975 1110 2011 sic
1144 1974 1227 2020 filii,
1265 1982 1301 2010 et
1333 1986 1404 2022 per
1436 1985 1686 2021 consequens
1718 1972 1775 2008 illi
1793 1978 1834 2010 30

464 2035 531 2084 qui
564 2035 734 2083 implent
769 2043 920 2070 mentes
945 2032 1154 2069 hominum
1190 2040 1548 2080 quantumcunque
1583 2031 1777 2067 distanter

465 2106 508 2130 ex
553 2093 698 2129 merito
739 2092 819 2128 sive
860 2091 1056 2128 demerito
1101 2090 1407 2126 similitudinem
1455 2102 1627 2135 morum,
1682 2097 1776 2124 sunt

464 2151 650 2200 proprius
701 2159 836 2198 patres
890 2162 1028 2186 eorum
1075 2161 1196 2196 quam
1243 2148 1298 2183 illi
1344 2147 1411 2195 qui
1457 2160 1522 2183 eos
1564 2146 1778 2183 carnaliter

466 2210 726 2257 generabant,
773 2208 867 2256 quia
910 2206 1180 2255 personalitas
1214 2205 1388 2241 hominis
1426 2204 1566 2252 pocius
1598 2213 1778 2241 servatur

466 2267 507 2303 in
539 2266 682 2314 spiritu
716 2279 837 2315 quam
871 2265 911 2301 in
944 2277 1125 2313 corpore.
1172 2265 1252 2300 Nec
1286 2265 1405 2300 habet
1448 2271 1562 2311 pater
1606 2261 1778 2298 carnalis
1795 2264 1834 2298 35

467 2326 556 2373 plus
603 2324 679 2360 nisi
724 2325 831 2372 quod
876 2323 1081 2359 carnalem
1118 2321 1327 2358 materiam
1363 2333 1439 2369 que
1477 2320 1550 2356 fuit
1583 2333 1605 2357 a
1639 2319 1777 2356 mundi

467 2382 588 2418 inicio
613 2395 700 2418 cum
737 2383 866 2418 forma
895 2380 1136 2417 accidentali
1170 2380 1218 2416 ad
1243 2378 1568 2427 procreacionem
1606 2377 1775 2414 similem

467 2440 549 2476 sive
583 2439 817 2476 dissimilem
853 2438 1121 2475 administrat.

540 2617 568 2644 9.
590 2611 635 2636 A:
656 2609 758 2642 patris
776 2608 891 2644 gloria.
996 2616 1035 2634 10.
1053 2606 1201 2646 *lsszsilius
1222 2605 1412 2666 comm-‘xia'
1512 2613 1552 2636 14.
1574 2605 1670 2665 Aiselt
1687 2611 1782 2639 genc-

480 2653 486 2657 ..
650 2652 655 2660 z
894 2652 900 2657 ι
1128 2651 1137 2659 ι
1271 2648 1285 2660 ‘J
1576 2648 1582 2653 ”

469 2644 583 2705 Ξ-ῑῖὸῖἒῖῑ
594 2644 768 2705 ῑῗῗὲἒὲιηω.
787 2643 828 2670 ¹⁶·
853 2644 899 2704 ἐξ
915 2642 1260 2710 Ᾰῖιὶἷζάωὲἰῖἔῖῒωῲαοα
1271 2645 1782 2711 ’ἕὲνςοηέιῖι-ιᾶἓᾶἳὲὴιη-ηῐί’Ξέἔιῖῗὲ

469 2715 616 2740 serualur
635 2714 666 2739 in
686 2713 799 2748 spiritu
819 2720 911 2746 quam
932 2712 961 2738 in
983 2719 1124 2746 corpore.

545 2797 593 2827 [δ’.
622 2799 695 2828 Act.
721 2797 762 2836 V,
790 2796 843 2828 28.
