1986 3289
181 203 262 241 230

253 812 394 839 Jerome:

190 1275 395 1303 Punishment
415 1273 449 1300 of

184 1311 235 1337 the
250 1310 307 1337 evil
325 1313 457 1336 servant.

200 1910 243 1937 Of
262 1911 311 1937 the
332 1909 443 1936 advent

205 1946 240 1972 of
257 1945 442 1972 Antichrist.

212 2141 435 2176 Chrysostomz

197 2176 263 2202 The
286 2175 406 2209 beating
427 2175 452 2201 is

203 2211 400 2248 wronglonly
420 2210 445 2236 if

269 2249 384 2277 unmst.

796 198 913 229 OPUS
940 197 1275 228 EVANGELICUM
1304 197 1386 228 LIB.
1414 197 1469 229 111.
1559 185 1666 239 [CAP-
1691 195 1781 223 LXII·

964 311 1100 353 CAP.
1134 312 1289 352 LXII.

529 407 718 456 Sequitur
750 407 789 443 in
822 416 932 444 textu
965 407 1151 444 Matthei:
1207 408 1250 443 Si
1295 415 1420 443 autem
1469 407 1616 443 dixerit
1660 407 1786 443 malus

470 466 534 502 ille
565 477 701 501 servus
750 466 785 501 in
819 466 937 501 corde
970 478 1065 502 suo:
1117 466 1275 501 Moram
1306 465 1413 513 facit
1444 465 1637 501 Dominus
1680 476 1787 500 meus

470 524 612 570 venire,
646 530 679 558 et
702 523 846 572 ceperit
868 531 1075 572 percutere
1104 535 1310 559 conservos
1341 535 1443 559 suoS.
1477 523 1687 558 Manducet
1719 535 1785 557 au-

471 589 543 617 tem
585 589 620 617 et
658 581 760 616 bibat
799 593 883 617 cum
924 582 1106 627 ebriosis,·
1157 581 1279 617 veniet
1317 581 1494 617 dominus
1537 581 1643 616 servi
1685 580 1820 617 illius5

472 640 506 674 in
542 639 602 674 die
634 650 706 687 qua
750 651 822 674 non
853 647 987 687 spernit
1031 647 1067 674 et
1100 640 1196 674 liora
1240 651 1313 688 qua
1359 639 1517 688 ignorat
1561 645 1595 674 et
1644 638 1787 674 dividet

471 709 553 732 eum
583 703 814 746 partemque
852 697 931 732 eius
958 705 1075 746 ponet
1108 709 1191 732 cum
1218 697 1441 747 ypocritis7·
1485 696 1537 731 ibi
1573 696 1646 732 erit
1668 695 1788 745 fletus

472 762 506 790 et
537 755 688 790 stridor
721 755 907 790 dencium.

530 814 660 860 Super
692 825 771 860 quo
802 814 1061 860 Jeronymus:
1116 812 1184 848 Ex
1216 812 1484 861 superioribus
1511 812 1654 860 pendet
1687 811 1789 859 quod

471 871 568 906 sicut
605 871 794 906 sollicitus
841 883 978 906 servus
1011 878 1046 906 et
1078 882 1231 919 semper
1268 870 1475 905 adventum
1510 869 1670 905 Domini
1695 881 1788 918 pre-
1809 885 1847 906 10

470 929 618 964 stolans
651 929 772 964 tradit
804 929 950 964 cibaria
984 928 1181 964 conservis
1213 928 1249 963 in
1282 935 1458 976 tempore
1490 940 1557 963 suo
1591 934 1625 962 et
1653 934 1788 976 postea

471 998 589 1035 super
621 986 748 1021 omnia
782 987 880 1022 bona
921 986 1229 1035 patrisfamilias
1273 986 1531 1029 constituitur.
1565 985 1616 1020 ita
1650 997 1669 1021 e
1701 997 1788 1021 con-

472 1044 597 1080 trario
629 1044 694 1093 qui
740 1044 849 1080 iuxta
889 1044 1132 1096 Ezechielem
1179 1044 1300 1079 dixit:
1353 1044 1394 1078 In
1441 1051 1617 1093 tempora
1671 1043 1789 1092 longa

472 1102 547 1151 fiet
579 1102 681 1137 istud
725 1109 759 1137 et
803 1114 876 1138 non
917 1109 1030 1150 putat
1073 1102 1146 1137 cito
1187 1101 1395 1137 Dominum
1450 1113 1530 1137 esse
1574 1108 1791 1147 venturum,

474 1160 613 1208 factus
644 1160 819 1196 securior
852 1167 963 1195 vacat
1001 1160 1122 1208 epulis
1154 1167 1266 1208 atque
1310 1159 1466 1195 luxurie
1498 1166 1533 1195 et
1565 1171 1637 1194 non
1671 1159 1789 1194 levem
1812 1163 1847 1196 15

468 1218 802 1266 patremfamilias
833 1218 902 1253 sed
932 1218 1220 1253 severissimum
1253 1217 1394 1253 senciet
1426 1217 1602 1254 iudicem.

532 1275 681 1311 <Veniet
717 1276 894 1312 dominus
936 1275 1041 1311 servi
1074 1276 1176 1311 illius
1209 1277 1293 1311 etc.³
1328 1276 1415 1311 Hoc
1453 1275 1576 1323 ipsum
1611 1275 1721 1310 docet
1752 1281 1792 1309 ut

473 1334 607 1379 sciant,
642 1334 793 1381 quando
826 1346 898 1369 non
927 1340 1092 1382 putatur
1117 1333 1318 1378 Dominus,
1353 1340 1441 1368 tunc
1474 1345 1557 1368 eum
1592 1344 1672 1368 esse
1704 1345 1791 1368 ven-

474 1399 604 1426 turum
658 1399 693 1426 et
737 1391 944 1441 vigilancie
988 1403 1033 1427 ac
1084 1391 1353 1427 sollicitudinis
1400 1391 1685 1440 dispensatores
1724 1390 1792 1426 ad-

475 1456 614 1486 monet.
660 1450 787 1485 Porro
820 1450 923 1497 quod
955 1449 1063 1484 dicit:
1102 1449 1260 1485 Dividet
1299 1461 1396 1495 eum,
1439 1461 1511 1484 non
1552 1461 1624 1497 quo
1656 1448 1791 1498 gladio
1809 1463 1850 1484 2ο

475 1519 558 1543 eum
601 1507 761 1543 dissecet
804 1508 873 1542 sed
905 1519 976 1555 quo
1009 1520 1030 1542 a
1062 1514 1285 1542 sanctorum
1332 1507 1531 1543 consorcio
1572 1513 1726 1555 separet
1758 1512 1793 1541 et

470 1572 625 1614 partem
669 1565 748 1600 eius
775 1572 893 1613 ponet
932 1577 1016 1600 cum
1042 1565 1264 1615 ypocritis:
1316 1577 1399 1600 cum
1434 1565 1491 1600 liis
1525 1564 1700 1600 videlicet
1732 1563 1796 1612 qui

475 1629 587 1658 erant
618 1623 654 1657 in
687 1635 789 1672 agro
834 1623 947 1658 etiam
981 1623 1044 1670 qui
1088 1623 1281 1658 molebant
1314 1630 1348 1658 et
1382 1622 1649 1658 nichilominus
1682 1623 1792 1657 dere-

475 1681 556 1716 licti
585 1688 684 1716 sunt.
720 1681 815 1729 Sepe
837 1681 1008 1716 diximus
1033 1681 1264 1731 ypocritam
1298 1681 1405 1715 aliud
1437 1693 1517 1716 esse
1548 1680 1656 1715 aliud
1676 1680 1793 1715 simu-

476 1739 561 1774 lare
593 1738 653 1774 vel
674 1739 890 1785 ostendere,
922 1739 1020 1774 sicut
1042 1746 1076 1774 et
1109 1739 1144 1773 in
1177 1751 1278 1789 agro
1302 1745 1337 1773 et
1369 1738 1404 1773 in
1429 1739 1532 1774 mola
1565 1738 1664 1773 idem
1690 1737 1792 1773 vide-
1810 1742 1849 1774 25

476 1797 591 1832 batur
624 1796 767 1844 facere
809 1797 912 1845 quod
955 1796 1235 1832 ecclesiasticus
1280 1796 1340 1831 vir
1382 1797 1451 1832 sed
1482 1796 1610 1832 exitus
1642 1795 1794 1831 diverse

477 1854 684 1890 voluntatis
716 1855 922 1903 apparuit:
954 1856 1037 1890 Hec
1069 1856 1320 1901 Jeronymus.

533 1912 703 1948 Videtur
746 1912 866 1948 istum
902 1921 1084 1948 sanctum
1121 1912 1332 1948 manifeste
1365 1912 1541 1960 pandere
1575 1912 1790 1947 adventum

475 1969 713 2006 Antichristi
747 1971 797 2006 ad
821 1982 979 2006 sensum
1011 1967 1014 2021 Ι
1046 1970 1290 2018 exposstumg
1325 1978 1361 2005 et
1396 1969 1487 2005 hinc
1521 1969 1794 2005 immorantur
1831 1971 1914 2016 427¹³

478 2028 614 2064 fideles
648 2028 683 2063 in
717 2028 789 2064 isto
822 2035 990 2064 tractatu
1028 2028 1260 2064 Anticlzristi
1298 2036 1331 2064 et
1370 2028 1522 2063 nomine
1564 2040 1632 2063 suo
1673 2026 1792 2063 nomi-
1811 2033 1852 2065 30

467 2093 569 2121 nant
601 2086 715 2121 istum
750 2086 903 2124 librum.

537 2143 808 2180 Crisostomus
842 2152 974 2179 autem
999 2156 1118 2191 super
1140 2143 1214 2179 isto
1238 2152 1345 2179 textu
1379 2142 1434 2178 sic
1468 2142 1666 2190 loquitur:
1700 2143 1793 2178 Per-

478 2208 608 2237 cutere
640 2209 695 2237 est
712 2202 848 2237 iniuste
866 2209 1085 2250 percutere,
1118 2202 1182 2249 qui
1203 2209 1328 2237 autem
1347 2208 1515 2249 propter
1537 2200 1683 2236 iusticie
1705 2212 1792 2235 cau-

478 2271 560 2294 sam
590 2260 761 2307 percutit
794 2259 865 2294 etsi
890 2260 1059 2308 percutit
1086 2266 1295 2308 percutere
1327 2271 1398 2294 non
1424 2258 1586 2294 videtur.
1622 2257 1794 2293 Percutit

479 2329 561 2352 eum
596 2329 668 2352 non
702 2324 741 2352 ut
772 2329 881 2352 suum
917 2318 1090 2353 dolorem
1125 2317 1289 2353 vindicet
1319 2317 1388 2352 sed
1421 2324 1458 2351 ut
1490 2316 1593 2352 illius
1625 2316 1792 2351 animam
1812 2320 1849 2354 35

479 2375 615 2410 salvet.
657 2375 735 2418 Qui
766 2382 892 2410 autem
924 2383 1090 2424 propter
1122 2376 1247 2411 Deum
1285 2374 1455 2423 percutit
1482 2373 1683 2422 percussio
1716 2373 1795 2408 eius

553 2622 571 2640 1.
594 2614 637 2640 A:
663 2613 737 2647 Cap.
758 2613 817 2639 LX.
915 2621 939 2639 2.
968 2613 1006 2639 B:
1035 2621 1138 2639 oneus.
1232 2611 1273 2639 16.
1302 2612 1340 2639 ss:
1363 2612 1601 2639 serenissimum.
1692 2619 1731 2639 21.
1752 2611 1793 2638 B:

481 2672 621 2698 disseret.
714 2670 757 2698 28.
779 2672 807 2698 A
828 2671 856 2697 in
880 2679 992 2705 marga
1013 2671 1178 2697 Jolzannes.
1276 2668 1318 2697 32,
1341 2671 1368 2698 A
1389 2670 1418 2696 in
1440 2678 1554 2704 marg..-
1577 2668 1793 2696 Crisoslomus.

552 2776 579 2796 2.
607 2765 724 2797 Matth.
752 2767 871 2806 XXIV,
897 2765 1046 2806 48—52.
1102 2776 1132 2808 (J.
1153 2767 1291 2797 Comm.
1318 2766 1352 2796 in
1371 2765 1490 2797 Matth.
1518 2765 1538 2796 l.
1565 2776 1592 2796 c.
1620 2775 1697 2806 pag.
1718 2774 1794 2796 201.

486 2813 535 2843 13.
561 2813 619 2843 ΕΖ.
647 2813 716 2851 XII,
745 2822 796 2843 22.
878 2814 929 2845 32.
958 2814 1024 2854 Op.
1052 2813 1137 2854 Imp.
1165 2812 1184 2843 l.
1212 2823 1238 2843 c.
1265 2822 1342 2853 pag.
1370 2811 1448 2854 (359.
