1986 3289
210 186 289 236 296

216 654 310 681 ludas
332 651 469 680 received

209 689 280 724 only
301 689 350 715 the
370 688 481 721 tig111·e;

289 724 309 750 it
330 724 355 750 is
376 722 410 749 of

222 759 413 793 importancc
435 761 464 782 to

255 793 369 820 receive
390 793 438 818 the

226 828 311 861 thing
332 827 458 862 figured.

257 1406 445 1445 Symbolical

219 1440 487 1515 θιξῗῗᾷᾞᾝίἕᾏς

220 1511 380 1546 explained
403 1511 440 1546 by
460 1518 475 1536 a

239 1550 464 1573 commentator

275 1580 375 1616 (Wycl
382 1580 428 1614 if).

257 2388 352 2423 [ivery
373 2388 459 2421 thing

266 2424 402 2457 happens
423 2423 456 2448 ιη’

241 2458 388 2486 necessit»
412 2458 469 2483 and

282 2493 317 2526 by
341 2491 438 2518 God's

270 2526 448 2552 ordin-anco.

780 192 944 224 OPERIS
971 192 1254 224 EVANGELICI
1284 191 1369 223 LIB.
1397 192 1454 223 IV.
1630 179 1736 234 [CAP.
1756 189 1808 217 ΙΙΙ.

499 299 569 335 Dei
613 297 874 335 abiectissimi
920 306 1062 334 contra
1096 297 1167 334 Dei
1213 298 1460 334 voluntatem
1503 298 1627 345 gratis
1659 298 1807 342 subici3

498 357 588 393 ideo
628 368 788 393 necesse
835 355 908 391 fuit
941 356 1049 404 quod
1083 355 1265 392 Christus
1311 356 1366 391 sic
1405 355 1500 392 lavit
1539 358 1660 403 pedes
1693 355 1809 392 disci-

497 415 683 462 pulorum
731 426 910 458 suorum,
964 422 1006 449 ut
1051 414 1275 461 exemplum
1322 413 1560 450 humilitatis
1613 422 1807 462 quantum

498 473 537 508 in
571 472 659 520 ipso
694 480 751 507 est
783 471 833 507 sit
865 470 938 507 toti
973 470 1138 507 ecclesie
1170 471 1293 519 gratis
1327 472 1477 510 datum.
1523 472 1636 508 Unde
1670 483 1809 519 quam-

497 530 553 566 vis
585 530 706 565 Judas
740 529 910 577 figuram
945 537 1155 577 acceperat
1190 538 1227 565 et
1259 542 1339 565 non
1374 541 1457 565 rem
1491 529 1619 577 ipsam
1656 528 1840 565 mistice?

500 588 725 635 figuratam,
760 596 896 623 tamen
920 596 1048 623 totum
1084 588 1158 622 hoc
1192 587 1339 623 factum
1365 586 1602 623 redundavit
1635 588 1685 623 ad
1718 588 1809 623 doc—

497 645 644 681 trinam
681 645 844 681 ecclesie
890 644 1110 681 militantis.
1158 647 1298 681 Nonne
1338 658 1435 692 rogo
1475 653 1605 692 potest
1647 644 1810 681 ecclesie

499 703 710 739 militando
746 715 987 750 cognoscere
1021 704 1226 751 quomodo
1260 711 1555 739 sacramentum
1590 703 1651 739 vel
1684 703 1811 750 figura

498 774 576 797 non
610 773 680 808 per
724 773 764 796 se
810 760 1013 807 iustificat,
1067 762 1135 796 sed
1176 763 1281 796 Deus
1315 772 1358 796 ex
1397 773 1467 796 sua
1506 760 1641 808 gracia
1673 760 1809 808 impri-

500 831 609 855 mens
643 818 883 866 figuratum?
936 818 1000 855 Sic
1048 818 1153 854 enim
1201 818 1314 854 multi
1353 818 1500 866 figuras
1539 818 1742 866 accipiunt
1775 827 1866 854 etio

498 886 591 913 sunt
624 889 646 913 a
679 877 809 913 fructu
835 889 971 913 earum
1005 876 1165 924 penitus
1194 876 1328 922 alieni,
1362 876 1465 912 sicut
1494 885 1656 913 econtra
1697 876 1808 912 multi

498 934 701 982 accipiunt
747 934 918 983 figurata
962 943 999 970 et
1044 946 1125 970 non
1168 943 1261 970 sunt
1306 946 1375 981 per
1420 934 1636 982 figurarum
1672 946 1810 981 accep-

499 993 656 1029 cionem
693 1004 762 1040 per
794 992 1046 1041 aliquantum
1078 992 1271 1040 temporis
1304 992 1508 1040 occupati3
1542 1001 1579 1029 et
1612 1005 1702 1029 cum
1737 993 1811 1028 hoc

499 1051 548 1087 sit
573 1050 728 1099 melius,
762 1059 872 1098 patet
896 1052 1094 1086 subducto
1129 1058 1365 1097 contemptu
1389 1049 1521 1086 divine
1544 1050 1679 1098 regule
1712 1062 1811 1098 quo-

500 1110 621 1145 modo
648 1110 721 1144 hoc
744 1110 965 1145 secundum
991 1117 1048 1144 est
1070 1109 1187 1155 longe
1212 1107 1353 1143 melius
1386 1120 1507 1155 quam
1532 1117 1590 1145 est
1621 1107 1812 1156 primum.
1832 1107 1869 1139 15

500 1168 577 1203 Sed
612 1179 702 1202 cum
737 1168 841 1202 Deus
864 1179 945 1202 non
978 1174 1109 1214 potest
1142 1174 1222 1202 tam
1255 1165 1471 1213 signanter,
1507 1165 1609 1202 sicut
1632 1165 1813 1202 Christus

501 1226 576 1260 hoc
609 1225 757 1260 fecerat
791 1223 1008 1272 quicquam
1034 1224 1177 1269 facere,
1212 1222 1288 1259 nisi
1321 1223 1510 1260 notabilis
1543 1224 1645 1260 foret
1677 1235 1810 1268 causa,

501 1291 610 1330 patet
657 1294 700 1318 ex
745 1282 822 1318 fide
866 1283 1072 1330 quomodo
1106 1294 1244 1318 omnes
1277 1290 1410 1329 partes
1449 1290 1560 1318 actus
1594 1281 1740 1317 Christi
1774 1281 1814 1317 in

502 1340 709 1389 proposito
743 1340 916 1388 figurant
950 1339 1101 1388 aliquid
1135 1338 1318 1375 fidelibus
1352 1341 1641 1377 annotandum.

563 1400 675 1434 Unde
694 1397 856 1446 quidam
881 1398 1088 1445 postillans
1120 1406 1247 1439 notat,
1283 1410 1372 1433 cum
1408 1398 1528 1445 pedes
1565 1396 1741 1433 crebrius
1774 1396 1814 1432 in
1831 1407 1873 1428 20

504 1456 704 1504 scriptura
737 1455 965 1503 significant
989 1455 1247 1492 affeccionem
1284 1464 1319 1491 et
1353 1467 1457 1503 aqua
1490 1455 1687 1503 significat
1719 1454 1814 1490 loci-

502 1527 633 1560 onem‚
667 1523 882 1561 utrumque
916 1513 1080 1549 istorum
1118 1523 1173 1550 est
1207 1514 1255 1549 ad
1286 1513 1536 1560 spiritualem
1568 1512 1814 1549 sentenciam

504 1572 773 1617 referendum,
807 1584 852 1607 ac
885 1571 916 1607 si
951 1571 1130 1607 Christus
1166 1570 1371 1618 figurative
1405 1570 1574 1607 diceret:
1613 1571 1714 1606 Volo
1746 1582 1815 1605 vos

504 1629 729 1666 humilitate
763 1638 800 1665 et
832 1629 965 1677 gracia
990 1629 1029 1664 in
1058 1629 1192 1665 anima
1226 1641 1309 1665 esse
1338 1629 1456 1674 lotos,
1491 1637 1528 1665 et
1560 1628 1615 1664 ita
1647 1637 1689 1664 ut
1721 1627 1816 1664 dicit

505 1688 633 1724 dictus
668 1687 877 1735 postillans
911 1688 1016 1735 quod
1054 1686 1235 1723 Christus
1268 1686 1309 1721 in
1342 1686 1507 1734 propria
1542 1698 1714 1734 persona
1747 1698 1816 1733 po·
1832 1688 1872 1720 25

504 1746 581 1781 suit
626 1758 772 1793 aquam
806 1745 846 1780 in
879 1745 1033 1793 pelvem
1074 1744 1204 1792 signat
1244 1757 1324 1780 non
1368 1745 1497 1780 solum
1545 1743 1811 1780 humilitatem

505 1803 668 1839 Domini
715 1803 986 1848 excellentem,
1032 1804 1099 1838 sed
1145 1803 1251 1850 quod
1296 1802 1380 1849 ipse
1432 1801 1662 1838 eternaliter
1696 1802 1815 1837 habet

505 1863 737 1898 thesaurum
778 1860 910 1908 gracie
950 1873 992 1896 ex
1026 1873 1104 1908 quo
1138 1860 1415 1908 temporaliter
1447 1860 1501 1896 ita
1535 1859 1642 1897 facit.
1694 1860 1815 1895 Judas

506 1929 639 1956 autem
685 1919 830 1967 figurat
875 1918 1056 1954 homines
1101 1918 1169 1966 qui
1203 1931 1246 1954 ex
1280 1927 1445 1965 peccato
1478 1929 1550 1953 suo
1583 1929 1664 1953 non
1696 1916 1816 1953 susci-

506 1977 621 2025 piunt
654 1977 885 2024 figuratum,
921 1986 957 2012 et
990 1976 1046 2012 sic
1080 1976 1258 2012 defectus
1290 1989 1372 2012 non
1405 1984 1462 2012 est
1495 1975 1535 2011 in
1561 1977 1643 2012 Deo
1677 1976 1745 2011 sed
1777 1974 1817 2010 in
1835 1978 1876 2011 30

508 2034 671 2071 homine
694 2034 921 2083 utrobique.
956 2036 1003 2070 Et
1026 2034 1081 2070 ita
1115 2046 1157 2071 ex
1180 2033 1305 2070 tercio
1329 2033 1473 2081 figurat
1507 2032 1816 2069 mundacionem

510 2092 664 2129 macule
712 2102 794 2129 tam
840 2091 1007 2128 actualis
1041 2104 1163 2140 quam
1197 2091 1412 2128 habitualis
1445 2104 1564 2139 quam
1601 2093 1705 2127 Deus
1739 2102 1820 2126 me-

508 2151 642 2187 diante
690 2150 824 2197 gracia
869 2149 1231 2198 predestinacionis
1271 2158 1448 2186 removet
1501 2161 1523 2185 a
1575 2148 1815 2197 quibusdam

510 2208 693 2244 fidelibus
727 2208 847 2245 servis
881 2207 974 2244 suis.
1025 2208 1091 2244 Illa
1128 2220 1220 2255 ergo
1254 2207 1482 2255 precinccio
1515 2206 1654 2243 linthei
1688 2205 1819 2253 signat

511 2266 547 2301 in
583 2265 742 2302 Christo
776 2275 952 2302 eternam
989 2265 1217 2313 potenciam
1254 2265 1426 2301 deitatis.
1468 2266 1581 2301 Unde
1615 2264 1876 2312 signanter35

512 2333 675 2371 propter
708 2324 969 2360 subtilitatem
1005 2332 1170 2360 vocatur
1203 2323 1414 2359 lintheum.

568 2383 736 2417 Possunt
782 2391 914 2418 autem
963 2381 1112 2417 moveri
1148 2380 1256 2417 mille
1289 2381 1410 2416 dubia
1443 2392 1562 2428 super
1597 2379 1671 2415 isto
1704 2391 1819 2415 sensu

512 2439 740 2486 evangelico
764 2439 858 2475 satis
892 2440 1042 2487 pulcra.
1076 2439 1244 2475 Videtur
1267 2438 1371 2474 enim
1406 2450 1563 2474 sensum
1599 2436 1817 2485 expositum

513 2506 694 2544 patenter
740 2497 904 2533 innuere
950 2498 1055 2545 quod
1092 2505 1236 2533 cuncta
1270 2509 1345 2544 que
1380 2495 1560 2532 evenient
1607 2496 1653 2530 de
1686 2506 1822 2530 neces-

511 2555 625 2590 sitate
667 2555 940 2591 ordinacionis
988 2554 1118 2591 divine
1153 2554 1345 2593 evenient,
1399 2552 1491 2601 quia
1539 2552 1673 2588 onmia
1719 2553 1880 2595 bona4o

580 2746 603 2773 3.
626 2748 651 2774 Α
665 2757 668 2774 :
691 2750 819 2782 quanto.
892 2745 937 2773 30.
953 2747 995 2772 A:
1011 2746 1161 2773 linllu'nm.
1236 2744 1357 2778 flu—40.
1375 2746 1419 2772 A:
1440 2744 1580 2771 evenient
1592 2744 1630 2770 de
1643 2743 1823 2770 necessitate

510 2784 657 2808 evenienl.
680 2783 704 2808 A
729 2781 755 2808 ίιι
780 2789 891 2814 marga
920 2782 1003 2816 quud
1022 2784 1130 2808 cnncla
1160 2788 1218 2815 qne
1239 2781 1377 2807 evenienl
1404 2779 1441 2806 de
1460 2779 1639 2806 necessitate
1665 2778 1823 2805 ordinaci-

511 2817 578 2843 onis
598 2816 698 2843 divine
719 2816 865 2843 evenient.
