1986 3289
214 234 303 262 CAP·
331 225 472 279 XXXV]
577 237 635 268 DE
664 236 978 268 ANTICHRISTO
1006 237 1089 268 LIB.
1118 237 1140 268 Ι.
1737 240 1811 276 129

270 343 458 380 Similiter
499 350 534 379 et
577 343 613 378 in
645 343 730 392 fine
774 343 908 378 mundi
949 350 985 378 et
1027 343 1063 378 in
1102 343 1341 379 Antichristo
1385 344 1522 379 intelli·
1564 350 1740 413 [ΤΧΙΙζῖἰὲΙιῖ-Ιιᾞ
1758 352 1793 413 {³5¹

209 402 379 451 gendum
424 408 480 437 est
521 400 779 450 spiritualiter
822 407 857 436 et
893 401 1085 449 quomodo
1131 401 1285 437 hereses
1324 409 1358 437 et
1385 403 1523 450 fames
1573 421 1777 448 Uoelm-esjes

209 459 355 496 iusticie
386 466 421 494 et
453 459 518 494 illa
552 458 677 494 omnia
709 465 797 494 ante
823 465 1120 507 precesserunt;
1158 459 1364 496 novissime
1395 466 1521 495 autem
1573 455 1772 517 xx·11li{:]l¹3ulg?xc

208 517 446 553 abominacio
498 516 751 553 desolacionis
800 516 903 552 stetit
953 517 988 552 in
1034 517 1116 552 Ioco
1166 524 1312 561 sancto,
1364 517 1404 553 id
1454 524 1523 565 est,
1544 524 1728 552 themselves
1749 525 1812 552 into

177 575 405 612 §exercitus
448 574 688 612 Antichristi.
740 574 953 610 Exercitus
999 581 1125 610 autem
1165 575 1395 611 Antichristi
1436 582 1524 611 sunt
1573 559 1623 586 the
1643 559 1779 587 Church.

209 645 339 669 omnes
371 633 536 678 hereses,
571 632 759 681 precipue
791 632 862 667 ista
902 643 973 680 que
1004 632 1145 668 obtinet
1183 633 1340 669 ecclesie
1382 633 1521 679 locum,

210 698 245 727 et
287 690 391 726 stetit
433 690 469 725 in
514 690 597 726 loco
641 697 774 726 sancto
818 690 870 725 ita
916 697 956 725 ut
994 690 1174 726 videatur
1214 691 1325 738 quasi
1362 691 1521 726 verbum

211 748 386 784 veritatis
421 748 583 794 stetisse,
637 760 722 784 cum
775 760 847 783 non
898 748 948 783 sit
1000 748 1157 783 verbum
1211 748 1396 795 veritatis⁷
1455 749 1524 784 sed

212 805 403 842 desolacio
435 805 749 851 abominacionis‚
790 805 830 841 id
861 813 928 852 est,
967 806 1164 842 exercitus
1195 806 1426 842 Antichristi
1460 806 1525 855 qui

157 864 419 900 1omultorum
465 863 615 899 animas
658 863 789 900 reddit
832 863 1026 900 desolatas
1070 876 1092 899 a
1124 864 1220 900 Deo.
1266 863 1319 900 Et
1357 864 1428 900 hoc
1467 871 1522 900 est

200 922 316 971 sorte
346 922 448 970 quod
478 921 687 971 Apostolus
720 921 832 957 dicit:
869 920 948 970 Qui
977 922 1214 958 adversatur
1245 929 1280 958 et
1317 922 1523 958 extollitur

207 992 327 1029 supra
372 991 482 1016 omne
525 980 626 1028 quod
659 979 801 1015 dicitur
832 979 953 1025 Deus,
999 987 1064 1015 aut
1101 980 1205 1028 quod
1247 979 1389 1016 colitur
1424 980 1522 1016 sicut

208 1038 316 1074 Deus
348 1037 400 1073 ita
435 1044 474 1073 ut
512 1038 656 1086 templo
688 1037 766 1073 Dei
794 1037 925 1073 sedeat
957 1037 1068 1085 quasi
1097 1038 1217 1085 Deus,
1249 1038 1452 1074 ostendens
1481 1050 1522 1074 se

208 1095 319 1146 quasi
353 1095 403 1132 sit
434 1096 554 1131 Deus.
599 1095 651 1130 Et
687 1095 742 1131 sic
780 1094 907 1130 omnia
941 1094 1009 1130 illa
1042 1096 1145 1131 mala
1180 1096 1357 1132 heresum
1393 1096 1521 1132 diver—

156 1155 192 1187 15
208 1165 342 1190 sarum
377 1165 446 1202 que
483 1160 571 1189 ante
600 1153 859 1189 audiebantur
889 1159 1052 1199 tantum,
1089 1161 1225 1202 postea
1263 1161 1452 1190 steterunt
1484 1154 1519 1189 in

209 1211 292 1248 loco
324 1219 469 1247 sanctov
489 1211 709 1247 desolancia
742 1211 893 1259 quidem
927 1211 1126 1247 ecclesiam
1156 1211 1313 1249 Christi.
1348 1211 1417 1247 Ex
1448 1224 1519 1260 quo

209 1270 301 1305 data
333 1269 405 1305 sibi
434 1268 590 1305 licencia
613 1276 796 1317 ceperunt
823 1280 953 1304 omnes
975 1269 1129 1317 publice
1156 1270 1298 1305 habere
1326 1269 1519 1315 ecclesias,

208 1339 279 1376 que
315 1334 403 1363 ante
441 1339 463 1362 a
499 1327 583 1362 solo
622 1327 765 1363 mundo
804 1334 916 1362 erant
949 1327 1135 1374 etfama.
1183 1327 1236 1363 Et
1267 1339 1335 1363 nos
1367 1328 1519 1375 quidem

208 1385 459 1434 exposuimus
496 1384 557 1420 hic
594 1384 814 1420 audiciones
847 1384 1066 1433 preliorum
1106 1391 1141 1420 et
1163 1385 1298 1433 fames
1330 1392 1366 1421 et
1397 1392 1520 1421 terre-

152 1461 193 1482 20
208 1450 333 1479 motus
364 1449 399 1479 et
425 1442 685 1492 pestilencias,
717 1442 936 1478 audiciones
968 1442 1145 1478 heresum
1179 1450 1215 1478 et
1243 1443 1392 1492 inopias
1415 1442 1524 1479 verbi

207 1508 242 1537 et
292 1500 557 1537 concussiones
608 1500 908 1536 christianorum
960 1507 995 1535 et
1040 1501 1316 1549 corrupciones
1366 1513 1518 1536 morunz

207 1571 277 1607 que
320 1566 407 1594 ante
440 1565 715 1607 precesserunt
751 1571 772 1593 a
812 1566 987 1607 ternpore
1024 1558 1267 1594 Constantini
1309 1569 1425 1608 usque
1468 1559 1521 1594 ad

207 1624 355 1665 tempus
394 1616 607 1652 Theodosii.

264 1674 598 1710 Abonzinacionenz
638 1681 764 1710 autem
806 1673 1058 1709 desolacionis
1097 1674 1269 1710 diximus
1307 1686 1388 1710 esse
1420 1674 1519 1710 hanc
1535 1691 1724 1727 Theheresy
1746 1691 1809 1718 that

151 1740 190 1771 25
208 1732 328 1780 ipsam
383 1732 545 1768 heresim
599 1744 668 1780 que
712 1732 913 1780 occupavit
964 1739 1097 1767 sancte
1148 1732 1304 1768 ecclesie
1356 1732 1439 1768 loca
1485 1726 1703 1768 ethasseized
1726 1734 1808 1760 upon

208 1790 349 1825 multos
382 1790 570 1825 desolavit
601 1802 622 1824 a
645 1790 731 1839 fide
764 1797 798 1825 et
830 1790 952 1838 ipsum
987 1789 1202 1825 exercitum
1226 1789 1454 1825 Antichristi
1484 1797 1519 1825 et
1532 1761 1582 1823 Ἓξ
1595 1761 1806 1823 tchheoeghpdffgfis

207 1856 356 1884 ceteras
406 1848 559 1883 hereses
602 1859 671 1895 que
721 1854 903 1896 ceperunt
941 1847 1095 1895 publice
1139 1848 1281 1883 habere
1324 1847 1517 1894 ecclesias,
1539 1830 1751 1892 abonssintaliieon
1776 1865 1811 1893 of

207 1906 330 1941 locum
377 1905 585 1941 obtinentes
629 1905 785 1941 ecclesie
826 1912 1015 1941 sanctum.
1065 1905 1108 1940 Si
1152 1905 1235 1953 quis
1278 1905 1516 1941 audicionem
1578 1899 1761 1927 desolation.

205 1963 356 2012 quidem
385 1963 621 2012 preliorunz‚
649 1963 786 2011 fames
825 1971 859 1999 et
897 1963 1085 1998 tumultus
1123 1971 1158 1998 et
1184 1963 1431 2012 pestilencias
1463 1963 1518 1998 in-

151 2030 192 2062 30
207 2021 350 2071 telligit
389 2033 469 2062 esse
507 2021 633 2056 omnia
673 2021 741 2056 hec
779 2021 881 2056 mala
919 2020 1139 2068 spiritualia
1177 2033 1249 2069 que
1275 2021 1392 2069 facta
1431 2028 1518 2057 sunt

206 2086 380 2128 tempore
428 2078 670 2114 Constantini
724 2078 840 2114 simul
898 2085 932 2114 et
982 2078 1187 2114 Theodosii
1237 2091 1354 2127 usque
1405 2091 1517 2125 nunc,

206 2136 534 2173 abominacionenz
581 2143 708 2172 auten-z
748 2135 1003 2172 desolacionis
1041 2136 1236 2186 intelligat
1273 2148 1355 2172 esse
1393 2137 1516 2185 ipsum

206 2194 499 2240 Antichristzun,
532 2194 596 2242 qui
620 2195 869 2243 postmodum
905 2193 1034 2229 venire
1064 2201 1250 2242 speratur
1281 2202 1317 2230 et
1349 2194 1519 2230 obtinere

208 2252 291 2288 loca
344 2252 594 2288 ecclesiarum
643 2260 776 2287 sancta
830 2252 897 2287 sub
941 2251 1066 2300 specie
1108 2252 1256 2288 Christi
1297 2259 1332 2288 et
1377 2252 1518 2287 multos

151 2309 377 2359 35fideliunz
427 2309 617 2355 desolare,
657 2322 729 2345 non
776 2309 1102 2344 irracionabiliter
1148 2309 1250 2345 dicit.
1296 2309 1398 2345 Nam
1444 2309 1517 2345 ista

85 2373 169 2417 417¹
207 2367 353 2403 heresis
375 2379 445 2415 que
483 2367 557 2403 iam
582 2367 701 2403 tenuit
730 2367 811 2403 sive
827 2367 998 2416 populus
1034 2366 1098 2402 ille
1119 2367 1184 2415 qui
1208 2374 1299 2416 post
1327 2365 1331 2416 Ι
1360 2367 1516 2402 modum

207 2436 290 2460 cum
340 2424 421 2473 ipso
465 2424 701 2461 Antichristo
752 2432 806 2461 est
854 2424 1021 2472 futurus
1070 2432 1172 2460 recte
1215 2424 1411 2461 exercitus
1461 2424 1516 2459 in-

206 2482 400 2532 telligitur
422 2494 503 2519 esse
523 2482 795 2519 Antichristus.
829 2482 882 2518 Et
912 2482 966 2518 sic
993 2482 1185 2531 prophete
1217 2483 1333 2518 verba
1361 2482 1519 2532 signant

276 2629 295 2648 1.
317 2621 356 2648 B:
377 2621 565 2648 Antichristo
584 2621 736 2648 similiter.
816 2621 840 2649 3.
861 2622 906 2648 A:
928 2624 1120 2656 receperunt.
1199 2629 1282 2655 4—7.
1304 2621 1348 2648 A:
1371 2621 1404 2648 id
1424 2625 1467 2648 est
1486 2636 1518 2640 —-

205 2658 314 2683 sancto
334 2657 429 2682 deest.
502 2655 530 2683 8.
552 2654 810 2692 Codd.:fecisse.
903 2664 943 2683 10.
966 2657 1009 2682 A:
1032 2655 1178 2682 reddidit.
1258 2662 1296 2689 12,
1317 2654 1354 2682 13.
1376 2657 1420 2682 A:
1441 2655 1521 2682 sicut

205 2690 289 2717 Deus
309 2690 403 2717 deest.
488 2689 525 2717 13.
546 2691 590 2718 A:
611 2690 766 2718 sedeatur.
876 2690 911 2718 15.
943 2690 980 2717 B:
1008 2694 1082 2717 ante
1107 2689 1192 2717 deest
1217 2698 1274 2725 que
1301 2692 1373 2717 ante
1386 2688 1516 2726 ——fama

206 2725 290 2752 deest
317 2725 347 2752 in
377 2729 459 2751 textu
500 2724 560 2759 Op.
593 2725 780 2759 Imperfecti.
821 2724 934 2752 Glossa
964 2729 995 2752 ut
1028 2724 1151 2752 videtur
1180 2724 1209 2751 in
1244 2728 1358 2751 textum
1398 2724 1515 2751 incidit.

207 2758 246 2798 ¹5}-
268 2759 313 2820 ὲῧι
335 2762 407 2786 ante
436 2759 529 2786 deest.
603 2767 648 2786 20.
671 2759 708 2786 13:
731 2760 876 2794 inopiam.
951 2767 999 2794 29,
1020 2758 1064 2786 30.
1087 2759 1124 2786 B:
1147 2759 1335 2795 intelligant.
1410 2758 1452 2786 38,
1476 2758 1514 2785 li:

204 2801 248 2820 stc
290 2798 363 2821 cest.

280 2864 330 2885 11.
356 2854 393 2885 11.
419 2853 543 2885 Thess.
569 2854 607 2894 ΙΙ,
631 2863 664 2893 4.
