1986 3289
190 227 279 255 CAP·
301 217 413 272 XVII]
553 230 610 260 DE
641 229 953 260 AN'FlCHRls'l'O
985 230 1066 259 ΗΡ).
1096 230 1115 259 Ι.
1736 225 1782 259 63

188 344 253 372 aut
281 348 354 385 per
378 335 585 384 fraudem,
618 335 699 383 quis
733 342 808 370 tam
844 336 1056 371 insensatus
1088 343 1155 382 est,
1190 343 1228 371 ut
1261 349 1332 372 non
1363 337 1500 372 intelli-

185 402 255 445 gat
299 394 383 442 quia
429 405 500 435 non
547 393 597 428 ad
626 393 797 442 gloriam
845 393 920 428 Dei
952 394 1110 441 faciunt
1155 394 1301 443 edificia
1335 394 1401 430 illa
1433 393 1502 431 sed

182 460 348 501 propter
404 451 685 487 estimacionem
744 451 988 486 humanam?
1034 452 1085 486 Et
1145 452 1280 488 iniuste
1324 452 1502 502 edificant

189 510 409 556 memorias,
455 509 517 544 ubi
553 520 748 557 pauperes
794 509 1018 544 violenciam
1052 510 1163 558 passi
1204 511 1249 546 ab
1283 510 1335 546 eis
1367 518 1501 546 contra

155 571 250 604 5eos
283 567 542 616 interpellant.
578 567 663 601 Non
688 566 784 602 enim
817 567 991 616 gaudent
1014 575 1231 619 martyres,
1264 569 1419 616 quando
1453 580 1503 604 ex

188 626 264 662 illis
302 625 473 674 pecuniis
519 625 771 669 honorantur,
813 637 889 673 pro
934 625 1067 673 quibus
1106 638 1301 675 pauperes
1328 627 1499 675 plorant.

194 684 329 728 Qualis
373 690 427 719 est
471 683 537 717 illa
582 682 728 717 iusticia
774 694 982 718 numerare
1026 691 1199 719 mortuos
1232 692 1267 719 et
1299 685 1502 733 expoliare

189 741 384 777 viventes?
429 741 488 776 De
519 740 707 789 sanguine
746 740 977 776 miserorum
1024 742 1160 776 tollere
1204 749 1238 776 et
1278 742 1361 778 Deo
1405 742 1504 778 illud
1524 739 1788 801 lxfflffqlifetfjggssllgo

187 799 358 848 offerre?
391 799 493 833 Illud
525 810 596 833 non
630 805 684 833 est
717 798 800 833 Deo
834 799 976 846 offerre
1006 800 1074 834 secl
1107 800 1205 835 velle
1228 800 1409 835 violencie
1437 812 1503 836 sue
1560 788 1749 847 §eboni-plici

135 857 329 893 1osocium
365 857 507 905 facere
555 856 694 901 Deum,
741 863 781 890 ut
824 856 857 891 si
904 857 1071 892 oblatam
1116 857 1189 893 sibi
1220 858 1423 906 pecuniam
1458 859 1504 894 a'e
1577 851 1734 870 mommo.

181 922 341 964 peccato
365 914 526 950 libenter
555 914 758 962 acceperit,
783 915 997 950 consenciat
1019 915 1237 963 inpeccato.
1263 916 1324 951 Vis
1348 917 1502 952 domum

187 973 263 1008 Dei
304 972 514 1023 edificare?
557 972 620 1006 Da
653 971 840 1020 fidelibus
879 973 1115 1020 pauperibus
1164 974 1263 1009 uncle
1307 974 1437 1009 vivant
1469 982 1503 1009 et

187 1031 375 1080 edificasti
417 1029 688 1065 racionabilem
725 1030 878 1065 domum
914 1031 999 1066 Dei.
1041 1031 1081 1066 In
1115 1031 1273 1080 edificiis
1305 1032 1402 1067 enim
1437 1032 1502 1067 lio—

188 1089 306 1124 mines
338 1088 521 1130 habitant,
555 1088 661 1123 Deus
692 1095 817 1123 antem
853 1088 888 1123 in
921 1088 1135 1124 hominibus
1165 1089 1321 1128 sanctis.
1361 1090 1504 1133 Quales

135 1152 169 1183 15
188 1158 284 1197 ergo
317 1146 375 1181 illi
402 1153 490 1182 sunt
522 1145 584 1194 qui
615 1146 785 1181 homines
817 1147 1017 1194 expoliant
1040 1154 1074 1182 et
1097 1147 1247 1196 edificia
1274 1155 1502 1198 martyrum

190 1204 377 1253 faciunt?
409 1203 665 1239 habitaciones
697 1204 891 1239 hominum
917 1213 1147 1253 componunt
1171 1213 1206 1240 et
1229 1205 1502 1241 habitacionem

188 1263 263 1298 Dei
275 1262 514 1297 exturbant?
534 1261 620 1296 Jam
637 1273 734 1311 ergo
754 1262 982 1310 exantiquis
997 1263 1233 1311 temporibus
1257 1264 1414 1299 morbus
1437 1264 1505 1299 iste

187 1321 222 1355 in
257 1320 471 1356 hominibus
503 1319 728 1356 habebatur.
763 1319 952 1356 Dicebant
984 1321 1080 1356 enim
1115 1322 1219 1369 apua'
1249 1333 1308 1356 se:
1342 1322 1384 1356 Si
1414 1322 1506 1358 bene

177 1378 395 1426 fecerimus
435 1377 683 1426 pauperibus,
732 1377 813 1425 quis
857 1378 954 1413 illua’
998 1379 1129 1414 videt?
1166 1379 1218 1413 Et
1261 1379 1295 1415 si
1326 1379 1503 1426 viderint,

130 1451 171 1472 20
188 1448 260 1472 non
294 1436 406 1471 multi
437 1436 576 1481 vident,
611 1443 645 1470 et
667 1435 701 1471 si
723 1436 833 1470 multi
855 1436 1034 1483 viderint,
1064 1449 1139 1485 pro
1167 1444 1340 1485 tempore
1363 1437 1502 1473 vident.

193 1494 349 1529 Transit
396 1493 493 1529 enim
538 1501 688 1542 tempus
731 1501 766 1528 et
810 1495 949 1530 transit
994 1507 1077 1530 cum
1112 1502 1286 1543 tempore
1317 1495 1507 1544 benefacti

188 1552 386 1588 memoria.
422 1552 558 1587 Nonne
590 1563 688 1601 ergo
722 1552 855 1587 melius
888 1552 1037 1602 edificia
1060 1553 1237 1601 facimus
1274 1565 1344 1601 que
1376 1565 1506 1589 omnes

186 1610 373 1659 aspiciunt
404 1621 476 1644 non
509 1609 632 1645 solum
667 1610 737 1645 lzoc
769 1617 942 1659 tempore
973 1612 1041 1646 sed
1069 1611 1188 1646 eciam
1221 1611 1507 1660 inposterum?

187 1668 287 1703 Nam
321 1667 501 1716 quamdiu
536 1667 725 1716 edificium
755 1676 973 1716 permanet,
1006 1669 1153 1704 tamdiu
1187 1669 1398 1718 edificantis
1431 1681 1507 1705 me-

131 1726 310 1762 25moric1
359 1725 590 1762 nominatur.
647 1725 679 1760 O
716 1726 895 1775 insipiens
939 1727 1065 1771 homo,
1114 1726 1205 1774 quid
1243 1727 1311 1762 tibi
1344 1728 1507 1775 prodest

183 1791 273 1833 post
312 1791 475 1819 mortem
515 1783 586 1818 ista
627 1784 826 1829 memoria,
865 1784 899 1820 si
930 1785 993 1820 ubi
1030 1796 1068 1820 es
1101 1785 1346 1833 extorqueris
1378 1792 1413 1820 et
1445 1785 1508 1820 ubi

187 1854 258 1877 non
292 1853 329 1877 es
362 1841 566 1876 laudaris?
604 1841 717 1891 Ergo
758 1842 847 1877 a‘um
879 1843 1022 1878 Judeos
1054 1842 1236 1892 castigat,
1275 1843 1507 1878 christianos

188 1901 296 1935 docet
332 1899 509 1948 quoniam
550 1899 583 1934 si
619 1899 729 1934 iuxta
763 1899 840 1935 alia
879 1901 975 1935 bona
1014 1900 1161 1949 edificia
1205 1908 1337 1936 sancta
1361 1901 1508 1948 fecerit

187 1958 300 1993 homo
345 1957 648 1992 additamentum
688 1965 743 1993 est
780 1958 896 1994 bonis.
946 1959 989 1993 Si
1031 1966 1155 1993 autem
1202 1966 1257 1994 est
1303 1959 1383 1994 sine
1420 1959 1507 1994 aliis

132 2032 172 2063 30
187 2015 364 2064 operibus
396 2015 514 2060 bonis,
543 2015 675 2063 passio
709 2023 763 2051 est
794 2016 926 2065 glorie
958 2017 1157 2056 secularis.
1193 2018 1275 2052 Hec
1310 2016 1508 2052 Crisosto-

191 2086 290 2109 mus.

247 2133 299 2166 Ex
333 2130 417 2166 istis
462 2139 573 2178 patet
606 2130 789 2166 fidelibus
823 2131 918 2179 quid
952 2131 1025 2167 iste
1063 2140 1223 2168 sanctus
1257 2132 1426 2168 credidit
1460 2133 1508 2168 de

189 2189 279 2225 altis
314 2188 481 2224 edificiis
515 2198 551 2225 et
584 2188 794 2236 sepulcri33
842 2197 1001 2237 oportet
1041 2189 1145 2225 enim
1180 2191 1287 2238 quod
1321 2190 1395 2226 ista
1429 2203 1505 2238 que

189 2248 293 2283 ultra
339 2247 502 2282 modum
551 2246 711 2282 solitum
759 2256 941 2283 creseunt
985 2247 1026 2282 in
1070 2247 1217 2284 nostris
1258 2248 1506 2296 temporibus

134 2315 172 2348 35
191 2306 365 2342 habeant
416 2304 634 2340 terminum
688 2316 756 2339 sue
802 2305 1101 2341 destruccionis.
1156 2306 1296 2342 Vocati
1342 2306 1506 2354 quidem

191 2362 493 2400 autonomatice
554 2362 815 2399 ecclesiastici
878 2362 1003 2399 eciam
1060 2364 1336 2400 Mendicantes
1398 2376 1506 2399 nunc
1557 2370 1751 2409 mendicamus-

68 2432 149 2468 4112
191 2434 313 2469 supra
367 2422 531 2457 modum
581 2420 772 2456 edificant
816 2429 853 2456 et
887 2421 1140 2458 constituunt
1173 2422 1246 2458 sibi
1276 2419 1279 2475 Ι
1309 2422 1506 2470 imagines
1523 2406 1605 2433 bmld
1627 2410 1678 2432 1⁰⁰
1694 2406 1796 2432 much.

192 2488 228 2515 et
261 2479 344 2515 sine
378 2478 500 2515 dubio
525 2478 616 2515 licet
648 2478 722 2526 ipsi
745 2478 1032 2526 ignoraverunt
1057 2480 1222 2528 aliquid,
1258 2480 1506 2527 prenosticat

190 2537 367 2573 futurum
403 2537 442 2572 in
477 2537 644 2573 eeclesia
678 2536 888 2575 militante.
944 2538 1235 2574 Possessionati
1269 2538 1432 2586 quidem
1467 2538 1506 2573 in

260 2717 284 2745 3.
306 2719 343 2745 B:
366 2721 396 2745 et
414 2721 445 2746 in
466 2720 552 2746 iuste.
626 2728 654 2750 ιι.
676 2719 779 2745 Recte:
802 2719 947 2753 edificant
967 2719 1129 2753 martyria.
1205 2728 1231 2752 ι).
1255 2719 1299 2745 A:
1321 2717 1399 2744 illud
1416 2718 1505 2744 enim.

193 2761 232 2779 10.
254 2754 297 2779 A:
320 2756 351 2780 ut
371 2761 445 2781 cum.
545 2754 585 2781 ιώ.
607 2754 828 2780 liabitaciones.
916 2761 956 2787 19.
984 2755 1027 2780 A:
1050 2753 1173 2780 viderit.
1253 2760 1298 2778 ρο.
1320 2754 1358 2779 A:
1378 2753 1406 2779 si
1423 2753 1512 2789 mulli

190 2787 302 2814 vident.
394 2788 436 2815 23.
457 2789 501 2815 A:
525 2789 555 2815 in
576 2789 641 2815 lzoc.
716 2788 759 2815 28.
789 2789 826 2815 13:
849 2789 934 2815 iuxta
956 2788 1056 2815 altera
1176 2795 1222 2821 29.
1256 2789 1299 2813 A:
1330 2789 1375 2814 est
1406 2787 1508 2813 before

190 2822 256 2848 sine
276 2824 378 2851 deest:
411 2823 430 2849 Γ)
458 2823 487 2849 in
510 2831 605 2857 marg.
628 2822 721 2850 addit.
832 2824 873 2851 32.
901 2823 929 2849 A
950 2823 978 2849 in
1007 2830 1120 2857 marg:
1142 2822 1305 2849 Jolmnnes.
1399 2821 1440 2847 33.
1462 2822 1506 2848 A:

191 2857 270 2883 enim
292 2857 384 2883 deest.
