1986 3289
222 220 310 247 CAI'·
340 210 495 263 XXVIII-j
584 221 643 252 DE
671 219 984 251 ANTICHRISTO
1014 219 1096 250 LIB.
1124 220 1146 250 l.

223 337 323 365 tates
350 328 533 364 locorum
566 326 776 374 implicant
815 325 1085 373 blasphemias
1125 334 1264 362 contra
1297 327 1439 370 Deum,
1484 337 1530 362 ac

222 386 253 422 si
297 385 549 421 intenderent
594 385 702 432 quod
746 386 850 420 Deus
903 392 960 420 est
1012 392 1200 431 acceptor
1251 395 1529 431 personarum,

222 443 323 480 sicut
357 442 549 479 mundani
582 441 763 478 homines
797 441 971 478 exaltant
1003 441 1212 489 privilegia
1243 453 1312 477 sue
1344 449 1449 477 terre
1471 441 1531 477 vel

219 502 394 538 secundo
427 501 536 548 quod
569 502 673 536 Deus
713 512 794 536 non
836 500 903 535 dat
935 498 1112 547 graciam
1153 498 1428 535 indifferenter
1459 510 1531 534 suo

187 558 327 595 5fideli
359 558 588 606 ubicunque
620 556 751 604 fuerit,
785 570 830 594 ac
862 557 893 593 si
927 559 1031 593 Deus
1053 570 1134 593 non
1164 557 1266 593 foret
1297 555 1532 592 universalis

221 616 408 653 dominus
452 615 583 652 omnis
627 624 745 652 terre.
792 616 869 651 Sed
914 614 1013 652 sciat
1051 614 1141 651 talis
1183 614 1382 651 hereticus
1423 614 1532 662 quod

221 674 373 711 domini
407 683 464 710 est
496 682 603 710 terra
635 682 673 710 et
704 672 933 721 ubicunque
961 673 1001 709 in
1034 673 1185 710 mundo
1207 671 1378 709 voluerit
1400 680 1532 720 potest

221 731 396 780 graciam
443 731 651 780 impertiri.
697 730 761 767 Sic
803 731 908 767 enirn
950 730 1022 767 fuit
1066 730 1201 779 gracia
1240 743 1330 767 cum
1371 729 1530 766 Christo

222 791 489 826 descendente
540 791 590 826 ad
642 788 789 825 inferos
843 797 880 825 et
932 788 1091 825 Lucifer
1142 788 1183 824 in
1228 789 1312 825 celo
1357 787 1531 836 perdidit

167 860 206 881 ιο
221 847 397 896 graciam
432 857 469 884 et
500 846 630 883 induit
662 855 873 895 peccatum
907 846 1193 893 irremissibile,
1234 859 1314 882 non
1347 847 1530 882 obstante

221 905 414 953 dignitate
457 904 535 941 loci
580 913 616 941 et
661 904 903 941 comitancia
936 905 1184 953 angelorum,
1229 904 1319 940 ideo
1366 906 1423 949 (ut
1467 903 1531 940 hic

220 963 460 1012 supponitur
504 972 711 1011 tamquam
756 962 956 1010 posterius
1002 970 1045 998 ut
1084 962 1181 999 fides
1220 961 1385 999 ecclesie
1424 974 1531 998 assu-

221 1023 428 1069 mendum)
469 1022 579 1057 locus
610 1021 671 1057 vel
704 1021 880 1057 humana
919 1019 1067 1057 eleccio
1106 1029 1163 1057 est
1195 1019 1457 1068 impertinens
1489 1028 1533 1056 ut

219 1091 326 1127 papa
356 1080 417 1116 vel
450 1078 666 1116 cardinalis
697 1078 758 1114 vel
791 1077 936 1127 aliquis
971 1078 1175 1115 moraliter
1207 1078 1276 1115 fiat
1308 1079 1448 1114 bonus.
1491 1077 1531 1114 Si

168 1139 204 1171 15
221 1145 354 1173 autem
379 1136 429 1172 sit
452 1136 670 1185 pertinens,
696 1145 754 1172 est
783 1136 922 1184 pocius
946 1148 1172 1184 repugnans
1205 1134 1363 1172 veritati
1396 1136 1532 1172 catho-

220 1194 308 1240 lice,
355 1207 443 1231 cum
495 1193 674 1230 Christus
724 1194 845 1230 talem
885 1193 1233 1230 circumstanciam
1287 1195 1532 1242 deacceptat.

221 1252 345 1289 Multe
388 1260 480 1288 sunt
524 1252 622 1288 tales
667 1251 870 1288 evidencie
915 1264 1014 1300 quas
1058 1253 1337 1288 Ardmacanus
1382 1259 1419 1288 et
1464 1251 1531 1288 alii

222 1310 357 1346 fideles
402 1309 594 1358 colligunt
639 1310 746 1357 quod
788 1322 862 1346 nec
907 1309 1080 1357 dignitas
1124 1309 1203 1346 loci
1240 1310 1301 1346 vel
1339 1308 1532 1357 temporis

222 1367 316 1404 facit
348 1380 495 1416 papam
531 1380 612 1404 esse
636 1367 782 1404 Christi
814 1367 1007 1404 vicarium
1040 1367 1095 1404 ita
1129 1367 1295 1415 dignum
1328 1380 1401 1404 nec
1424 1368 1532 1415 quod

166 1437 207 1458 20
223 1427 361 1462 Petrus
417 1425 468 1462 sit
524 1425 890 1474 proporcionaliter
950 1426 1143 1462 excellens
1195 1437 1315 1474 super
1367 1433 1531 1462 cunctos

223 1492 387 1530 ceterOS,
434 1483 536 1520 sicut
581 1482 744 1531 fingitur
787 1496 933 1532 papam
981 1483 1169 1520 excellere
1214 1496 1334 1532 super
1379 1492 1531 1520 ceteros

222 1541 430 1589 episcopos
461 1541 680 1578 universos.

280 1599 320 1635 Si
360 1612 452 1647 ergo
484 1599 588 1635 istud
622 1599 671 1635 sit
705 1599 984 1646 blasphemum
1020 1598 1290 1646 mendacium,
1325 1600 1531 1648 quomodo

95 1656 177 1698 415¹³
222 1657 322 1693 foret
356 1653 360 1710 Ι
396 1656 561 1693 ecclesie
605 1656 772 1693 occidue
815 1657 1135 1701 fundamentum,
1181 1670 1271 1694 cum
1310 1659 1530 1694 secundum

167 1715 205 1747 25
223 1714 329 1751 dicta
362 1714 498 1763 priora
531 1723 691 1763 oportet
723 1715 1033 1751 fundamentum
1069 1715 1233 1752 ecclesie
1272 1728 1356 1752 esse
1389 1715 1529 1761 fidem3

223 1781 260 1808 et
304 1772 396 1809 hinc
441 1772 612 1808 dicimus
650 1773 700 1809 ad
737 1784 896 1809 sensum
938 1773 1183 1809 catholicum
1223 1774 1331 1821 quod
1365 1772 1533 1810 ecclesia

223 1829 371 1867 Christi
403 1830 595 1867 fundatur
632 1843 752 1878 supra
791 1839 943 1878 petram
985 1844 1063 1879 que
1101 1840 1159 1868 est
1198 1831 1393 1878 Christus,
1440 1844 1531 1868 curn

221 1888 305 1936 ipse
350 1887 457 1924 dicat
502 1888 669 1924 Matthei
713 1890 810 1934 XVI,
852 1890 918 1925 18:
971 1889 1026 1924 Tu
1072 1901 1111 1925 es
1154 1889 1294 1925 Petrus
1338 1897 1372 1925 et
1414 1901 1534 1938 super

222 1947 319 1982 hanc
345 1954 498 1995 petram
532 1946 717 1996 edificabo
750 1946 948 1982 ecclesiam
982 1959 1120 1994 meam,
1157 1959 1239 1983 non
1271 1946 1533 1995 intelligendo

166 2005 331 2052 30quod
384 2005 522 2040 Petrus
575 2012 659 2040 erat
703 2004 970 2051 personaliter
1013 2004 1080 2041 illa
1124 2013 1253 2052 petra,
1307 2006 1375 2042 sed
1424 2006 1531 2053 quod

223 2063 360 2098 Petrus
405 2061 614 2109 figurative
659 2061 865 2098 dicebatur
909 2075 931 2098 a
970 2070 1082 2110 petra
1123 2074 1200 2110 que
1239 2071 1297 2099 est
1330 2062 1530 2110 Christus;

221 2131 341 2167 super
385 2132 505 2167 quam
551 2128 705 2167 petram
761 2128 818 2156 est
867 2120 1034 2156 ecclesia
1078 2119 1278 2156 catholica
1331 2120 1531 2168 erigenda.

222 2176 334 2213 Sicut
378 2185 512 2213 autem
557 2178 696 2213 Petrus
743 2177 881 2214 habuit
926 2179 1128 2226 quandam
1175 2177 1345 2225 figuram
1385 2178 1532 2226 premi-

222 2234 361 2271 nencie
393 2234 509 2270 huius
543 2234 683 2283 capitis
717 2244 753 2271 et
786 2235 1036 2272 fundamenti
1071 2235 1248 2282 ecclesie,
1282 2236 1338 2272 sic
1359 2237 1531 2272 Jacobus

166 2301 205 2334 35
223 2292 291 2340 qui
323 2291 395 2328 fuit
427 2301 636 2340 tamquam
661 2292 841 2329 Christus
875 2293 1086 2341 episcopus
1117 2294 1351 2340 Jerusalem,
1386 2295 1531 2330 Paulus

223 2349 289 2398 qui
312 2350 384 2386 fuit
408 2350 508 2386 sicut
532 2350 719 2386 dominus
742 2360 937 2399 perpetuo
962 2351 1109 2388 mansit
1131 2350 1257 2399 virgo,
1292 2360 1328 2388 et
1361 2351 1532 2388 breviter

222 2407 451 2455 quicunque
474 2408 645 2456 apostoli
667 2409 727 2445 vel
749 2408 875 2445 sancti
898 2410 1044 2445 habent
1067 2410 1271 2457 quandam
1295 2409 1530 2456 dignitatem

222 2477 292 2513 per
324 2478 442 2513 quam
479 2465 652 2513 figurant
684 2466 941 2514 singulariter
973 2475 1093 2516 caput
1125 2479 1262 2513 suum3
1304 2475 1341 2503 et
1373 2469 1423 2503 ad
1456 2468 1532 2504 hoc

223 2522 387 2571 quidam
427 2523 603 2560 referunt
641 2524 886 2560 sentenciam
930 2524 1045 2561 huius
1078 2533 1217 2562 textus.
1262 2526 1351 2561 Non
1383 2533 1441 2561 est
1473 2524 1531 2561 in-

162 2595 207 2626 40
221 2589 360 2617 ventus
400 2580 539 2617 similis
577 2580 634 2617 illi
668 2581 735 2630 qui
774 2591 1027 2619 conservaret
1065 2583 1194 2631 legem
1228 2581 1380 2621 excelsi.
1424 2582 1532 2619 Nulli

223 2637 328 2674 enim
361 2647 594 2675 sanctorum
628 2647 718 2676 sunt
750 2639 914 2676 omnino
948 2640 1097 2677 similes
1130 2641 1198 2677 sed
1222 2642 1328 2677 Deus
1360 2639 1401 2676 in
1433 2653 1530 2689 quo-

290 2834 315 2862 3.
336 2836 379 2863 A:
401 2836 538 2864 homines
558 2837 650 2864 deest.

1742 210 1811 245 105

1558 791 1656 819 God's
1677 799 1766 826 grace
1787 792 1811 818 is

1558 831 1611 854 not
1631 826 1746 854 limited
1770 826 1808 862 by

1634 861 1726 897 place.

1571 1604 1676 1632 Christ
1695 1604 1720 1632 is
1741 1604 1790 1631 the

1558 1639 1630 1667 rock
1650 1647 1690 1666 on
1709 1639 1811 1666 which

1563 1675 1613 1701 the
1633 1674 1749 1701 church
1770 1673 1796 1701 is

1609 1708 1757 1736 founded.
