<?xml version="1.0" encoding="UTF-8"?>
<!DOCTYPE html PUBLIC "-//W3C//DTD XHTML 1.0 Transitional//EN"
    "http://www.w3.org/TR/xhtml1/DTD/xhtml1-transitional.dtd">
<html xmlns="http://www.w3.org/1999/xhtml" xml:lang="en" lang="en">
 <head>
  <title>
</title>
<meta http-equiv="Content-Type" content="text/html;charset=utf-8" />
  <meta name='ocr-system' content='tesseract 3.04.00' />
  <meta name='ocr-capabilities' content='ocr_page ocr_carea ocr_par ocr_line ocrx_word'/>
</head>
<body>
  <div class='ocr_page' id='page_1' title='image "./opusevangelicum34wycl/opusevangelicum34wycl_0360.png"; bbox 0 0 1986 3289; ppageno 0'>
   <div class='ocr_carea' id='block_1_1' title="bbox 202 202 1801 261">
    <p class='ocr_par' dir='ltr' id='par_1_1' title="bbox 202 202 1801 261">
     <span class='ocr_line' id='line_1_1' title="bbox 202 202 1801 261; baseline -0.014 0"><span class='ocrx_word' id='word_1_1' title='bbox 202 224 281 261; x_wconf 81' lang='lat'><em>322</em></span> <span class='ocrx_word' id='word_1_2' title='bbox 799 216 962 248; x_wconf 74' lang='lat' dir='ltr'>OPERIS</span> <span class='ocrx_word' id='word_1_3' title='bbox 988 215 1271 247; x_wconf 70' lang='lat' dir='ltr'><strong>EVANGELIOE</strong></span> <span class='ocrx_word' id='word_1_4' title='bbox 1299 214 1382 245; x_wconf 64' lang='grc' dir='ltr'><em>ΜΒ.</em></span> <span class='ocrx_word' id='word_1_5' title='bbox 1410 214 1465 245; x_wconf 86' lang='lat' dir='ltr'><em>1v.</em></span> <span class='ocrx_word' id='word_1_6' title='bbox 1622 202 1729 256; x_wconf 65' lang='lat' dir='ltr'><strong>[CAP.</strong></span> <span class='ocrx_word' id='word_1_7' title='bbox 1750 211 1801 238; x_wconf 82' lang='lat' dir='ltr'><em>x1.</em></span> 
     </span>
    </p>
   </div>
   <div class='ocr_carea' id='block_1_2' title="bbox 227 320 1885 2572">
    <p class='ocr_par' dir='ltr' id='par_1_2' title="bbox 236 320 1810 373">
     <span class='ocr_line' id='line_1_2' title="bbox 236 320 1810 373; baseline -0.004 -12"><span class='ocrx_word' id='word_1_8' title='bbox 236 333 317 368; x_wconf 72' lang='lat' dir='ltr'><em>Why</em></span> <span class='ocrx_word' id='word_1_9' title='bbox 339 332 444 359; x_wconf 69' lang='lat' dir='ltr'><em>Christ</em></span> <span class='ocrx_word' id='word_1_10' title='bbox 493 333 548 361; x_wconf 90' lang='lat' dir='ltr'><em>est</em></span> <span class='ocrx_word' id='word_1_11' title='bbox 579 324 719 373; x_wconf 88' lang='lat' dir='ltr'><em>spiritu</em></span> <span class='ocrx_word' id='word_1_12' title='bbox 753 330 788 358; x_wconf 91' lang='lat' dir='ltr'><em>et</em></span> <span class='ocrx_word' id='word_1_13' title='bbox 816 329 1059 371; x_wconf 78' lang='lat' dir='ltr'><em>protestatus</em></span> <span class='ocrx_word' id='word_1_14' title='bbox 1092 328 1147 357; x_wconf 84' lang='lat' dir='ltr'><em>est</em></span> <span class='ocrx_word' id='word_1_15' title='bbox 1178 327 1212 356; x_wconf 89' lang='lat' dir='ltr'><em>et</em></span> <span class='ocrx_word' id='word_1_16' title='bbox 1252 320 1372 356; x_wconf 81' lang='lat' dir='ltr'><em>dixit:</em></span> <span class='ocrx_word' id='word_1_17' title='bbox 1415 320 1535 355; x_wconf 88' lang='lat' dir='ltr'><em>Amen</em></span> <span class='ocrx_word' id='word_1_18' title='bbox 1568 332 1692 365; x_wconf 81' lang='lat' dir='ltr'><em>amen,</em></span> <span class='ocrx_word' id='word_1_19' title='bbox 1727 320 1810 355; x_wconf 88' lang='lat' dir='ltr'><em>dico</em></span> 
     </span>
    </p>

    <p class='ocr_par' dir='ltr' id='par_1_3' title="bbox 227 366 1882 1877">
     <span class='ocr_line' id='line_1_3' title="bbox 227 366 1812 437; baseline -0.005 -17"><span class='ocrx_word' id='word_1_20' title='bbox 227 366 452 437; x_wconf 31' lang='lat' dir='ltr'><em>‘⁸¹²³jss1tggfffffd</em></span> <span class='ocrx_word' id='word_1_21' title='bbox 495 383 600 419; x_wconf 77' lang='lat' dir='ltr'><em>vobis</em></span> <span class='ocrx_word' id='word_1_22' title='bbox 632 382 733 430; x_wconf 86' lang='lat' dir='ltr'><em>quod</em></span> <span class='ocrx_word' id='word_1_23' title='bbox 778 393 874 416; x_wconf 89' lang='lat' dir='ltr'><em>unus</em></span> <span class='ocrx_word' id='word_1_24' title='bbox 919 391 969 415; x_wconf 83' lang='lat' dir='ltr'><em>ex</em></span> <span class='ocrx_word' id='word_1_25' title='bbox 1013 378 1118 414; x_wconf 84' lang='lat' dir='ltr'><em>vobis</em></span> <span class='ocrx_word' id='word_1_26' title='bbox 1151 379 1281 414; x_wconf 88' lang='lat' dir='ltr'><em>tradet</em></span> <span class='ocrx_word' id='word_1_27' title='bbox 1325 390 1395 414; x_wconf 87' lang='lat' dir='ltr'><em>me.</em></span> <span class='ocrx_word' id='word_1_28' title='bbox 1440 377 1591 413; x_wconf 87' lang='lat' dir='ltr'><em>Hincne</em></span> <span class='ocrx_word' id='word_1_29' title='bbox 1634 378 1812 413; x_wconf 87' lang='lat' dir='ltr'><em>turbatus</em></span> 
     </span>
     <span class='ocr_line' id='line_1_4' title="bbox 494 436 1812 486; baseline -0.005 -10"><span class='ocrx_word' id='word_1_30' title='bbox 494 448 550 477; x_wconf 91' lang='lat' dir='ltr'><em>est</em></span> <span class='ocrx_word' id='word_1_31' title='bbox 572 440 684 476; x_wconf 87' lang='lat' dir='ltr'><em>Jesus</em></span> <span class='ocrx_word' id='word_1_32' title='bbox 717 451 790 474; x_wconf 89' lang='lat' dir='ltr'><em>non</em></span> <span class='ocrx_word' id='word_1_33' title='bbox 823 450 941 474; x_wconf 87' lang='lat' dir='ltr'><em>carne</em></span> <span class='ocrx_word' id='word_1_34' title='bbox 972 437 1040 473; x_wconf 87' lang='lat' dir='ltr'><em>sed</em></span> <span class='ocrx_word' id='word_1_35' title='bbox 1062 436 1198 486; x_wconf 88' lang='lat' dir='ltr'><em>spiritu</em></span> <span class='ocrx_word' id='word_1_36' title='bbox 1221 436 1307 484; x_wconf 89' lang='lat' dir='ltr'><em>quia</em></span> <span class='ocrx_word' id='word_1_37' title='bbox 1336 436 1681 485; x_wconf 85' lang='lat' dir='ltr'><em>dicturusfuerat:</em></span> <span class='ocrx_word' id='word_1_38' title='bbox 1709 436 1812 471; x_wconf 89' lang='lat' dir='ltr'><em>Unus</em></span> 
     </span>
     <span class='ocr_line' id='line_1_5' title="bbox 494 493 1810 544; baseline -0.005 -10"><span class='ocrx_word' id='word_1_39' title='bbox 494 510 544 534; x_wconf 81' lang='lat' dir='ltr'><em>ex</em></span> <span class='ocrx_word' id='word_1_40' title='bbox 576 498 681 534; x_wconf 82' lang='lat' dir='ltr'><em>vobis</em></span> <span class='ocrx_word' id='word_1_41' title='bbox 704 497 832 532; x_wconf 87' lang='lat' dir='ltr'><em>tradet</em></span> <span class='ocrx_word' id='word_1_42' title='bbox 865 496 955 531; x_wconf 78' lang='lat' dir='ltr'><em>me?</em></span> <span class='ocrx_word' id='word_1_43' title='bbox 987 494 1184 544; x_wconf 81' lang='lat' dir='ltr'><em>Numquid</em></span> <span class='ocrx_word' id='word_1_44' title='bbox 1216 506 1304 529; x_wconf 89' lang='lat' dir='ltr'><em>nam</em></span> <span class='ocrx_word' id='word_1_45' title='bbox 1338 493 1395 529; x_wconf 87' lang='lat' dir='ltr'><em>illi</em></span> <span class='ocrx_word' id='word_1_46' title='bbox 1424 494 1495 529; x_wconf 85' lang='lat' dir='ltr'><em>hoc</em></span> <span class='ocrx_word' id='word_1_47' title='bbox 1527 501 1615 529; x_wconf 88' lang='lat' dir='ltr'><em>tunc</em></span> <span class='ocrx_word' id='word_1_48' title='bbox 1638 493 1810 542; x_wconf 83' lang='lat' dir='ltr'><em>primum</em></span> 
     </span>
     <span class='ocr_line' id='line_1_6' title="bbox 496 551 1843 602; baseline -0.004 -10"><span class='ocrx_word' id='word_1_49' title='bbox 496 556 595 592; x_wconf 79' lang='lat' dir='ltr'><em>venit</em></span> <span class='ocrx_word' id='word_1_50' title='bbox 627 555 663 591; x_wconf 90' lang='lat' dir='ltr'><em>in</em></span> <span class='ocrx_word' id='word_1_51' title='bbox 697 562 859 590; x_wconf 83' lang='lat' dir='ltr'><em>mentem</em></span> <span class='ocrx_word' id='word_1_52' title='bbox 895 554 954 589; x_wconf 81' lang='lat' dir='ltr'><em>vel</em></span> <span class='ocrx_word' id='word_1_53' title='bbox 986 560 1074 588; x_wconf 86' lang='lat' dir='ltr'><em>tunc</em></span> <span class='ocrx_word' id='word_1_54' title='bbox 1102 552 1275 602; x_wconf 87' lang='lat' dir='ltr'><em>primum</em></span> <span class='ocrx_word' id='word_1_55' title='bbox 1310 551 1344 588; x_wconf 88' lang='lat' dir='ltr'><em>ei</em></span> <span class='ocrx_word' id='word_1_56' title='bbox 1373 551 1497 588; x_wconf 88' lang='lat' dir='ltr'><em>subito</em></span> <span class='ocrx_word' id='word_1_57' title='bbox 1522 551 1734 587; x_wconf 80' lang='lat' dir='ltr'><em>revelatum</em></span> <span class='ocrx_word' id='word_1_58' title='bbox 1758 553 1843 587; x_wconf 69' lang='lat' dir='ltr'><em>esti&gt;</em></span> 
     </span>
     <span class='ocr_line' id='line_1_7' title="bbox 495 609 1814 663; baseline -0.005 -13"><span class='ocrx_word' id='word_1_59' title='bbox 495 626 653 663; x_wconf 90' lang='lat' dir='ltr'><em>eumque</em></span> <span class='ocrx_word' id='word_1_60' title='bbox 686 612 883 662; x_wconf 90' lang='lat' dir='ltr'><em>repentina</em></span> <span class='ocrx_word' id='word_1_61' title='bbox 908 611 1005 647; x_wconf 86' lang='lat' dir='ltr'><em>tanti</em></span> <span class='ocrx_word' id='word_1_62' title='bbox 1027 610 1121 646; x_wconf 89' lang='lat' dir='ltr'><em>mali</em></span> <span class='ocrx_word' id='word_1_63' title='bbox 1141 610 1310 646; x_wconf 83' lang='lat' dir='ltr'><em>novitate</em></span> <span class='ocrx_word' id='word_1_64' title='bbox 1338 609 1540 645; x_wconf 78' lang='lat' dir='ltr'><em>turbavit?</em></span> <span class='ocrx_word' id='word_1_65' title='bbox 1572 609 1707 645; x_wconf 82' lang='lat' dir='ltr'><strong><em>Nonne</em></strong></span> <span class='ocrx_word' id='word_1_66' title='bbox 1728 609 1814 645; x_wconf 86' lang='lat' dir='ltr'><em>hinc</em></span> 
     </span>
     <span class='ocr_line' id='line_1_8' title="bbox 491 668 1813 721; baseline -0.005 -13"><span class='ocrx_word' id='word_1_67' title='bbox 491 672 611 721; x_wconf 90' lang='lat' dir='ltr'><em>paulo</em></span> <span class='ocrx_word' id='word_1_68' title='bbox 645 679 734 707; x_wconf 88' lang='lat' dir='ltr'><em>ante</em></span> <span class='ocrx_word' id='word_1_69' title='bbox 757 670 983 719; x_wconf 80' lang='lat' dir='ltr'><em>loquebatur</em></span> <span class='ocrx_word' id='word_1_70' title='bbox 1007 669 1157 705; x_wconf 88' lang='lat' dir='ltr'><em>dicens:</em></span> <span class='ocrx_word' id='word_1_71' title='bbox 1195 668 1271 712; x_wconf 78' lang='lat' dir='ltr'><em>Qui</em></span> <span class='ocrx_word' id='word_1_72' title='bbox 1292 668 1501 703; x_wconf 89' lang='lat' dir='ltr'><em>manducat</em></span> <span class='ocrx_word' id='word_1_73' title='bbox 1523 679 1646 703; x_wconf 89' lang='lat' dir='ltr'><em>meum</em></span> <span class='ocrx_word' id='word_1_74' title='bbox 1672 679 1813 716; x_wconf 88' lang='lat' dir='ltr'><em>panem</em></span> 
     </span>
     <span class='ocr_line' id='line_1_9' title="bbox 497 725 1813 778; baseline -0.005 -12"><span class='ocrx_word' id='word_1_75' title='bbox 497 730 639 765; x_wconf 72' lang='lat' dir='ltr'><em>levabit</em></span> <span class='ocrx_word' id='word_1_76' title='bbox 669 741 787 778; x_wconf 89' lang='lat' dir='ltr'><em>super</em></span> <span class='ocrx_word' id='word_1_77' title='bbox 819 740 878 763; x_wconf 90' lang='lat' dir='ltr'><em>me</em></span> <span class='ocrx_word' id='word_1_78' title='bbox 911 727 1164 763; x_wconf 77' lang='lat' dir='ltr'><em>calcaneum?</em></span> <span class='ocrx_word' id='word_1_79' title='bbox 1196 727 1332 761; x_wconf 82' lang='lat' dir='ltr'><em>Nonne</em></span> <span class='ocrx_word' id='word_1_80' title='bbox 1375 725 1495 761; x_wconf 89' lang='lat' dir='ltr'><em>eciam</em></span> <span class='ocrx_word' id='word_1_81' title='bbox 1522 725 1706 774; x_wconf 44' lang='lat' dir='ltr'><em>[superius</em></span> <span class='ocrx_word' id='word_1_82' title='bbox 1739 725 1813 760; x_wconf 88' lang='lat' dir='ltr'><em>iam</em></span> 
     </span>
     <span class='ocr_line' id='line_1_10' title="bbox 497 782 1816 823; baseline -0.004 0"><span class='ocrx_word' id='word_1_83' title='bbox 497 789 678 823; x_wconf 76' lang='lat' dir='ltr'><em>dixerat:</em></span> <span class='ocrx_word' id='word_1_84' title='bbox 710 787 762 822; x_wconf 84' lang='lat' dir='ltr'><em>Et</em></span> <span class='ocrx_word' id='word_1_85' title='bbox 795 798 861 822; x_wconf 80' lang='lat' dir='ltr'><em>vos</em></span> <span class='ocrx_word' id='word_1_86' title='bbox 895 785 1029 820; x_wconf 89' lang='lat' dir='ltr'><em>mundi</em></span> <span class='ocrx_word' id='word_1_87' title='bbox 1059 784 1149 820; x_wconf 88' lang='lat' dir='ltr'><em>estis</em></span> <span class='ocrx_word' id='word_1_88' title='bbox 1179 784 1249 820; x_wconf 90' lang='lat' dir='ltr'><em>sed</em></span> <span class='ocrx_word' id='word_1_89' title='bbox 1271 796 1343 820; x_wconf 87' lang='lat' dir='ltr'><em>non</em></span> <span class='ocrx_word' id='word_1_90' title='bbox 1381 783 1542 819; x_wconf 76' lang='lat' dir='ltr'><em>omnes?</em></span> <span class='ocrx_word' id='word_1_91' title='bbox 1584 782 1657 818; x_wconf 87' lang='lat' dir='ltr'><em>Ubi</em></span> <span class='ocrx_word' id='word_1_92' title='bbox 1686 783 1816 818; x_wconf 81' lang='lat' dir='ltr'><em>Evan-</em></span> 
     </span>
     <span class='ocr_line' id='line_1_11' title="bbox 494 840 1874 896; baseline -0.004 -15"><span class='ocrx_word' id='word_1_93' title='bbox 494 845 634 896; x_wconf 77' lang='lat' dir='ltr'><em>gelista</em></span> <span class='ocrx_word' id='word_1_94' title='bbox 665 844 883 881; x_wconf 87' lang='lat' dir='ltr'><em>subiunxit:</em></span> <span class='ocrx_word' id='word_1_95' title='bbox 916 843 1068 879; x_wconf 84' lang='lat' dir='ltr'><em>Sciebat</em></span> <span class='ocrx_word' id='word_1_96' title='bbox 1095 842 1192 878; x_wconf 88' lang='lat' dir='ltr'><em>enim</em></span> <span class='ocrx_word' id='word_1_97' title='bbox 1228 841 1400 890; x_wconf 86' lang='lat' dir='ltr'><em>quisnam</em></span> <span class='ocrx_word' id='word_1_98' title='bbox 1434 847 1531 877; x_wconf 85' lang='lat' dir='ltr'><em>esset</em></span> <span class='ocrx_word' id='word_1_99' title='bbox 1553 840 1617 888; x_wconf 87' lang='lat' dir='ltr'><em>qui</em></span> <span class='ocrx_word' id='word_1_100' title='bbox 1642 840 1817 876; x_wconf 89' lang='lat' dir='ltr'><em>traderet</em></span> <span class='ocrx_word' id='word_1_101' title='bbox 1837 854 1874 874; x_wconf 88' lang='grc' dir='ltr'><em>ιο</em></span> 
     </span>
     <span class='ocr_line' id='line_1_12' title="bbox 497 898 1817 952; baseline -0.005 -13"><span class='ocrx_word' id='word_1_102' title='bbox 497 916 580 940; x_wconf 91' lang='lat' dir='ltr'><em>eum</em></span> <span class='ocrx_word' id='word_1_103' title='bbox 613 915 721 952; x_wconf 89' lang='lat' dir='ltr'><em>quem</em></span> <span class='ocrx_word' id='word_1_104' title='bbox 747 903 821 938; x_wconf 87' lang='lat' dir='ltr'><em>iam</em></span> <span class='ocrx_word' id='word_1_105' title='bbox 845 909 880 937; x_wconf 91' lang='lat' dir='ltr'><em>et</em></span> <span class='ocrx_word' id='word_1_106' title='bbox 913 908 1000 936; x_wconf 92' lang='lat' dir='ltr'><em>ante</em></span> <span class='ocrx_word' id='word_1_107' title='bbox 1030 900 1259 951; x_wconf 77' lang='lat' dir='ltr'><em>signaverat</em></span> <span class='ocrx_word' id='word_1_108' title='bbox 1291 899 1441 935; x_wconf 87' lang='lat' dir='ltr'><em>dicens:</em></span> <span class='ocrx_word' id='word_1_109' title='bbox 1473 898 1609 934; x_wconf 89' lang='lat' dir='ltr'><em>Nonne</em></span> <span class='ocrx_word' id='word_1_110' title='bbox 1641 910 1714 948; x_wconf 81' lang='lat' dir='ltr'><em>ego</em></span> <span class='ocrx_word' id='word_1_111' title='bbox 1750 910 1817 934; x_wconf 84' lang='lat' dir='ltr'><em>vos</em></span> 
     </span>
     <span class='ocr_line' id='line_1_13' title="bbox 498 956 1818 1011; baseline -0.005 -14"><span class='ocrx_word' id='word_1_112' title='bbox 498 961 697 997; x_wconf 80' lang='lat' dir='ltr'><em>duodecim</em></span> <span class='ocrx_word' id='word_1_113' title='bbox 731 960 833 1011; x_wconf 80' lang='lat' dir='ltr'><em>elegi</em></span> <span class='ocrx_word' id='word_1_114' title='bbox 864 966 898 995; x_wconf 90' lang='lat' dir='ltr'><em>et</em></span> <span class='ocrx_word' id='word_1_115' title='bbox 930 971 1026 995; x_wconf 87' lang='lat' dir='ltr'><em>unus</em></span> <span class='ocrx_word' id='word_1_116' title='bbox 1058 970 1109 994; x_wconf 87' lang='lat' dir='ltr'><em>ex</em></span> <span class='ocrx_word' id='word_1_117' title='bbox 1140 958 1245 994; x_wconf 78' lang='lat' dir='ltr'><em>vobis</em></span> <span class='ocrx_word' id='word_1_118' title='bbox 1278 957 1454 993; x_wconf 89' lang='lat' dir='ltr'><em>diabolus</em></span> <span class='ocrx_word' id='word_1_119' title='bbox 1498 956 1582 992; x_wconf 81' lang='lat' dir='ltr'><em>est?</em></span> <span class='ocrx_word' id='word_1_120' title='bbox 1632 956 1735 1000; x_wconf 82' lang='lat' dir='ltr'><em>Quid</em></span> <span class='ocrx_word' id='word_1_121' title='bbox 1763 963 1818 992; x_wconf 90' lang='lat' dir='ltr'><em>est</em></span> 
     </span>
     <span class='ocr_line' id='line_1_14' title="bbox 498 1015 1818 1070; baseline -0.005 -15"><span class='ocrx_word' id='word_1_122' title='bbox 498 1032 595 1070; x_wconf 80' lang='lat' dir='ltr'><em>ergo</em></span> <span class='ocrx_word' id='word_1_123' title='bbox 627 1019 730 1068; x_wconf 89' lang='lat' dir='ltr'><em>quod</em></span> <span class='ocrx_word' id='word_1_124' title='bbox 769 1029 865 1053; x_wconf 90' lang='lat' dir='ltr'><em>nunc</em></span> <span class='ocrx_word' id='word_1_125' title='bbox 888 1017 1139 1053; x_wconf 88' lang='lat' dir='ltr'><em>conturbatus</em></span> <span class='ocrx_word' id='word_1_126' title='bbox 1171 1022 1226 1052; x_wconf 86' lang='lat' dir='ltr'><em>est</em></span> <span class='ocrx_word' id='word_1_127' title='bbox 1262 1015 1416 1064; x_wconf 85' lang='lat' dir='ltr'><em>spiritu,</em></span> <span class='ocrx_word' id='word_1_128' title='bbox 1457 1026 1541 1050; x_wconf 89' lang='lat' dir='ltr'><em>cum</em></span> <span class='ocrx_word' id='word_1_129' title='bbox 1577 1021 1818 1063; x_wconf 79' lang='lat' dir='ltr'><em>protestatus</em></span> 
     </span>
     <span class='ocr_line' id='line_1_15' title="bbox 498 1072 1819 1121; baseline -0.005 -8"><span class='ocrx_word' id='word_1_130' title='bbox 498 1085 554 1114; x_wconf 87' lang='lat' dir='ltr'><em>est</em></span> <span class='ocrx_word' id='word_1_131' title='bbox 582 1085 617 1113; x_wconf 87' lang='lat' dir='ltr'><em>et</em></span> <span class='ocrx_word' id='word_1_132' title='bbox 647 1077 767 1113; x_wconf 83' lang='lat' dir='ltr'><em>dixit:</em></span> <span class='ocrx_word' id='word_1_133' title='bbox 798 1076 918 1111; x_wconf 88' lang='lat' dir='ltr'><em>Amen</em></span> <span class='ocrx_word' id='word_1_134' title='bbox 951 1087 1074 1117; x_wconf 77' lang='lat' dir='ltr'><em>amen,</em></span> <span class='ocrx_word' id='word_1_135' title='bbox 1109 1074 1193 1110; x_wconf 88' lang='lat' dir='ltr'><em>dico</em></span> <span class='ocrx_word' id='word_1_136' title='bbox 1225 1073 1329 1109; x_wconf 80' lang='lat' dir='ltr'><em>vobis</em></span> <span class='ocrx_word' id='word_1_137' title='bbox 1373 1072 1458 1121; x_wconf 88' lang='lat' dir='ltr'><em>quia</em></span> <span class='ocrx_word' id='word_1_138' title='bbox 1492 1084 1588 1108; x_wconf 87' lang='lat' dir='ltr'><em>unus</em></span> <span class='ocrx_word' id='word_1_139' title='bbox 1620 1083 1670 1108; x_wconf 90' lang='lat' dir='ltr'><em>ex</em></span> <span class='ocrx_word' id='word_1_140' title='bbox 1713 1072 1819 1108; x_wconf 81' lang='lat' dir='ltr'><em>vobis</em></span> 
     </span>
     <span class='ocr_line' id='line_1_16' title="bbox 500 1132 1874 1181; baseline -0.005 -10"><span class='ocrx_word' id='word_1_141' title='bbox 500 1136 629 1171; x_wconf 88' lang='lat' dir='ltr'><em>tradet</em></span> <span class='ocrx_word' id='word_1_142' title='bbox 660 1134 751 1170; x_wconf 76' lang='lat' dir='ltr'><em>me?</em></span> <span class='ocrx_word' id='word_1_143' title='bbox 783 1134 840 1169; x_wconf 93' lang='lat' dir='ltr'><em>An</em></span> <span class='ocrx_word' id='word_1_144' title='bbox 874 1133 961 1181; x_wconf 84' lang='lat' dir='ltr'><em>quia</em></span> <span class='ocrx_word' id='word_1_145' title='bbox 986 1145 1070 1169; x_wconf 88' lang='lat' dir='ltr'><em>cum</em></span> <span class='ocrx_word' id='word_1_146' title='bbox 1104 1133 1180 1167; x_wconf 86' lang='lat' dir='ltr'><em>iam</em></span> <span class='ocrx_word' id='word_1_147' title='bbox 1203 1132 1344 1180; x_wconf 86' lang='lat' dir='ltr'><em>suerat</em></span> <span class='ocrx_word' id='word_1_148' title='bbox 1367 1137 1716 1179; x_wconf 50' lang='lat' dir='ltr'><em>expressurus‚,ut</em></span> <span class='ocrx_word' id='word_1_149' title='bbox 1745 1142 1818 1165; x_wconf 88' lang='lat' dir='ltr'><em>non</em></span> <span class='ocrx_word' id='word_1_150' title='bbox 1839 1133 1874 1164; x_wconf 71' lang='grc' dir='ltr'><em>ις’)</em></span> 
     </span>
     <span class='ocr_line' id='line_1_17' title="bbox 500 1188 1818 1234; baseline -0.005 -5"><span class='ocrx_word' id='word_1_151' title='bbox 500 1195 640 1229; x_wconf 84' lang='lat' dir='ltr'><em>lateret</em></span> <span class='ocrx_word' id='word_1_152' title='bbox 679 1193 714 1228; x_wconf 90' lang='lat' dir='ltr'><em>in</em></span> <span class='ocrx_word' id='word_1_153' title='bbox 747 1191 884 1228; x_wconf 86' lang='lat' dir='ltr'><em>ceteris</em></span> <span class='ocrx_word' id='word_1_154' title='bbox 915 1191 984 1227; x_wconf 87' lang='lat' dir='ltr'><em>sed</em></span> <span class='ocrx_word' id='word_1_155' title='bbox 1016 1190 1304 1226; x_wconf 78' lang='lat' dir='ltr'><em>discerneretur</em></span> <span class='ocrx_word' id='word_1_156' title='bbox 1326 1201 1347 1224; x_wconf 90' lang='lat' dir='ltr'><em>a</em></span> <span class='ocrx_word' id='word_1_157' title='bbox 1380 1188 1532 1234; x_wconf 85' lang='lat' dir='ltr'><em>ceteris,</em></span> <span class='ocrx_word' id='word_1_158' title='bbox 1570 1188 1653 1224; x_wconf 90' lang='lat' dir='ltr'><em>ideo</em></span> <span class='ocrx_word' id='word_1_159' title='bbox 1686 1188 1818 1223; x_wconf 85' lang='lat' dir='ltr'><em>turba-</em></span> 
     </span>
     <span class='ocr_line' id='line_1_18' title="bbox 501 1245 1821 1300; baseline -0.005 -13"><span class='ocrx_word' id='word_1_160' title='bbox 501 1259 562 1287; x_wconf 89' lang='lat' dir='ltr'><em>tus</em></span> <span class='ocrx_word' id='word_1_161' title='bbox 594 1258 648 1287; x_wconf 90' lang='lat' dir='ltr'><em>est</em></span> <span class='ocrx_word' id='word_1_162' title='bbox 681 1250 835 1300; x_wconf 87' lang='lat' dir='ltr'><em>spiritu.</em></span> <span class='ocrx_word' id='word_1_163' title='bbox 868 1249 920 1284; x_wconf 91' lang='lat' dir='ltr'><em>Et</em></span> <span class='ocrx_word' id='word_1_164' title='bbox 952 1248 1039 1297; x_wconf 85' lang='lat' dir='ltr'><em>quia</em></span> <span class='ocrx_word' id='word_1_165' title='bbox 1072 1248 1152 1297; x_wconf 86' lang='lat' dir='ltr'><em>ipse</em></span> <span class='ocrx_word' id='word_1_166' title='bbox 1184 1247 1354 1283; x_wconf 89' lang='lat' dir='ltr'><em>traditor</em></span> <span class='ocrx_word' id='word_1_167' title='bbox 1376 1247 1451 1282; x_wconf 90' lang='lat' dir='ltr'><em>iam</em></span> <span class='ocrx_word' id='word_1_168' title='bbox 1476 1246 1617 1295; x_wconf 85' lang='lat' dir='ltr'><em>fuerat</em></span> <span class='ocrx_word' id='word_1_169' title='bbox 1642 1245 1821 1282; x_wconf 79' lang='lat' dir='ltr'><em>exiturus</em></span> 
     </span>
     <span class='ocr_line' id='line_1_19' title="bbox 502 1304 1820 1356; baseline -0.005 -11"><span class='ocrx_word' id='word_1_170' title='bbox 502 1317 541 1345; x_wconf 91' lang='lat' dir='ltr'><em>ut</em></span> <span class='ocrx_word' id='word_1_171' title='bbox 572 1309 716 1344; x_wconf 85' lang='lat' dir='ltr'><em>Judeos</em></span> <span class='ocrx_word' id='word_1_172' title='bbox 749 1308 881 1356; x_wconf 89' lang='lat' dir='ltr'><em>quibus</em></span> <span class='ocrx_word' id='word_1_173' title='bbox 913 1306 1106 1342; x_wconf 88' lang='lat' dir='ltr'><em>Dominus</em></span> <span class='ocrx_word' id='word_1_174' title='bbox 1137 1306 1183 1341; x_wconf 88' lang='lat' dir='ltr'><em>ab</em></span> <span class='ocrx_word' id='word_1_175' title='bbox 1217 1305 1298 1354; x_wconf 86' lang='lat' dir='ltr'><em>ipso</em></span> <span class='ocrx_word' id='word_1_176' title='bbox 1332 1305 1558 1340; x_wconf 87' lang='lat' dir='ltr'><em>traderetur</em></span> <span class='ocrx_word' id='word_1_177' title='bbox 1596 1304 1820 1349; x_wconf 85' lang='lat' dir='ltr'><em>adduceret,</em></span> 
     </span>
     <span class='ocr_line' id='line_1_20' title="bbox 503 1361 1823 1412; baseline -0.005 -9"><span class='ocrx_word' id='word_1_178' title='bbox 503 1367 674 1403; x_wconf 81' lang='lat' dir='ltr'><em>turbavit</em></span> <span class='ocrx_word' id='word_1_179' title='bbox 707 1379 789 1402; x_wconf 89' lang='lat' dir='ltr'><em>eum</em></span> <span class='ocrx_word' id='word_1_180' title='bbox 836 1365 1038 1400; x_wconf 82' lang='lat' dir='ltr'><em>imminens</em></span> <span class='ocrx_word' id='word_1_181' title='bbox 1072 1363 1203 1412; x_wconf 81' lang='lat' dir='ltr'><em>passio</em></span> <span class='ocrx_word' id='word_1_182' title='bbox 1248 1370 1283 1399; x_wconf 90' lang='lat' dir='ltr'><em>et</em></span> <span class='ocrx_word' id='word_1_183' title='bbox 1318 1362 1534 1412; x_wconf 86' lang='lat' dir='ltr'><em>periculum</em></span> <span class='ocrx_word' id='word_1_184' title='bbox 1577 1361 1758 1410; x_wconf 81' lang='lat' dir='ltr'><em>proximi</em></span> <span class='ocrx_word' id='word_1_185' title='bbox 1788 1369 1823 1397; x_wconf 90' lang='lat' dir='ltr'><em>et</em></span> 
     </span>
     <span class='ocr_line' id='line_1_21' title="bbox 503 1419 1880 1473; baseline -0.006 -12"><span class='ocrx_word' id='word_1_186' title='bbox 503 1425 708 1461; x_wconf 90' lang='lat' dir='ltr'><em>traditoris</em></span> <span class='ocrx_word' id='word_1_187' title='bbox 741 1424 965 1473; x_wconf 90' lang='lat' dir='ltr'><em>impendens</em></span> <span class='ocrx_word' id='word_1_188' title='bbox 996 1434 1144 1468; x_wconf 83' lang='lat' dir='ltr'><em>manus,</em></span> <span class='ocrx_word' id='word_1_189' title='bbox 1178 1421 1283 1457; x_wconf 88' lang='lat' dir='ltr'><em>cuius</em></span> <span class='ocrx_word' id='word_1_190' title='bbox 1295 1422 1437 1469; x_wconf 84' lang='lat' dir='ltr'><em>suerat</em></span> <span class='ocrx_word' id='word_1_191' title='bbox 1462 1419 1719 1470; x_wconf 76' lang='lat' dir='ltr'><em>precognitus</em></span> <span class='ocrx_word' id='word_1_192' title='bbox 1740 1419 1820 1455; x_wconf 88' lang='lat' dir='ltr'><em>ani-</em></span> <span class='ocrx_word' id='word_1_193' title='bbox 1840 1433 1880 1454; x_wconf 86' lang='lat'><em>20</em></span> 
     </span>
     <span class='ocr_line' id='line_1_22' title="bbox 504 1477 1824 1531; baseline -0.005 -12"><span class='ocrx_word' id='word_1_194' title='bbox 504 1496 602 1520; x_wconf 88' lang='lat' dir='ltr'><em>mus.</em></span> <span class='ocrx_word' id='word_1_195' title='bbox 643 1483 734 1518; x_wconf 84' lang='lat' dir='ltr'><em>Tale</em></span> <span class='ocrx_word' id='word_1_196' title='bbox 766 1482 904 1531; x_wconf 82' lang='lat' dir='ltr'><em>quippe</em></span> <span class='ocrx_word' id='word_1_197' title='bbox 926 1488 981 1516; x_wconf 93' lang='lat' dir='ltr'><em>est</em></span> <span class='ocrx_word' id='word_1_198' title='bbox 1013 1480 1114 1529; x_wconf 86' lang='lat' dir='ltr'><em>quod</em></span> <span class='ocrx_word' id='word_1_199' title='bbox 1134 1480 1244 1516; x_wconf 89' lang='lat' dir='ltr'><em>Jesus</em></span> <span class='ocrx_word' id='word_1_200' title='bbox 1266 1479 1445 1514; x_wconf 87' lang='lat' dir='ltr'><em>turbatus</em></span> <span class='ocrx_word' id='word_1_201' title='bbox 1474 1485 1529 1513; x_wconf 90' lang='lat' dir='ltr'><em>est</em></span> <span class='ocrx_word' id='word_1_202' title='bbox 1550 1477 1689 1526; x_wconf 88' lang='lat' dir='ltr'><em>spiritu</em></span> <span class='ocrx_word' id='word_1_203' title='bbox 1710 1477 1824 1527; x_wconf 88' lang='lat' dir='ltr'><em>quale</em></span> 
     </span>
     <span class='ocr_line' id='line_1_23' title="bbox 502 1536 1826 1588; baseline -0.005 -12"><span class='ocrx_word' id='word_1_204' title='bbox 502 1541 619 1576; x_wconf 89' lang='lat' dir='ltr'><em>eciam</em></span> <span class='ocrx_word' id='word_1_205' title='bbox 655 1540 753 1576; x_wconf 91' lang='lat' dir='ltr'><em>illud</em></span> <span class='ocrx_word' id='word_1_206' title='bbox 784 1540 886 1588; x_wconf 86' lang='lat' dir='ltr'><em>quod</em></span> <span class='ocrx_word' id='word_1_207' title='bbox 917 1539 991 1574; x_wconf 89' lang='lat' dir='ltr'><em>ait:</em></span> <span class='ocrx_word' id='word_1_208' title='bbox 1035 1538 1147 1573; x_wconf 89' lang='lat' dir='ltr'><em>Nunc</em></span> <span class='ocrx_word' id='word_1_209' title='bbox 1179 1537 1306 1573; x_wconf 90' lang='lat' dir='ltr'><em>anima</em></span> <span class='ocrx_word' id='word_1_210' title='bbox 1352 1548 1435 1572; x_wconf 86' lang='lat' dir='ltr'><em>mea</em></span> <span class='ocrx_word' id='word_1_211' title='bbox 1475 1536 1629 1571; x_wconf 88' lang='lat' dir='ltr'><em>turbata</em></span> <span class='ocrx_word' id='word_1_212' title='bbox 1662 1542 1729 1582; x_wconf 82' lang='lat' dir='ltr'><em>est,</em></span> <span class='ocrx_word' id='word_1_213' title='bbox 1771 1543 1826 1571; x_wconf 83' lang='lat' dir='ltr'><em>et.-</em></span> 
     </span>
     <span class='ocr_line' id='line_1_24' title="bbox 510 1594 1825 1642; baseline -0.005 -8"><span class='ocrx_word' id='word_1_214' title='bbox 510 1599 614 1642; x_wconf 77' lang='lat' dir='ltr'><em>Quid</em></span> <span class='ocrx_word' id='word_1_215' title='bbox 638 1598 796 1633; x_wconf 79' lang='lat' dir='ltr'><em>dicam?</em></span> <span class='ocrx_word' id='word_1_216' title='bbox 828 1597 947 1632; x_wconf 88' lang='lat' dir='ltr'><em>Pater</em></span> <span class='ocrx_word' id='word_1_217' title='bbox 972 1596 1083 1632; x_wconf 86' lang='lat' dir='ltr'><em>salva</em></span> <span class='ocrx_word' id='word_1_218' title='bbox 1116 1607 1176 1631; x_wconf 90' lang='lat' dir='ltr'><em>me</em></span> <span class='ocrx_word' id='word_1_219' title='bbox 1198 1606 1248 1630; x_wconf 92' lang='lat' dir='ltr'><em>ex</em></span> <span class='ocrx_word' id='word_1_220' title='bbox 1280 1595 1351 1630; x_wconf 82' lang='lat' dir='ltr'><em>hac</em></span> <span class='ocrx_word' id='word_1_221' title='bbox 1384 1595 1494 1640; x_wconf 78' lang='lat' dir='ltr'><em>liora,</em></span> <span class='ocrx_word' id='word_1_222' title='bbox 1526 1594 1595 1629; x_wconf 90' lang='lat' dir='ltr'><em>sed</em></span> <span class='ocrx_word' id='word_1_223' title='bbox 1613 1600 1825 1642; x_wconf 88' lang='lat' dir='ltr'><em>propterea</em></span> 
     </span>
     <span class='ocr_line' id='line_1_25' title="bbox 506 1651 1825 1703; baseline -0.005 -11"><span class='ocrx_word' id='word_1_224' title='bbox 506 1657 592 1692; x_wconf 74' lang='lat' dir='ltr'><em>veni</em></span> <span class='ocrx_word' id='word_1_225' title='bbox 622 1656 657 1691; x_wconf 88' lang='lat' dir='ltr'><em>in</em></span> <span class='ocrx_word' id='word_1_226' title='bbox 692 1657 789 1691; x_wconf 76' lang='lat' dir='ltr'><em>lianc</em></span> <span class='ocrx_word' id='word_1_227' title='bbox 822 1655 973 1691; x_wconf 87' lang='lat' dir='ltr'><em>horam.</em></span> <span class='ocrx_word' id='word_1_228' title='bbox 1009 1654 1115 1689; x_wconf 86' lang='lat' dir='ltr'><em>Sicut</em></span> <span class='ocrx_word' id='word_1_229' title='bbox 1148 1665 1245 1703; x_wconf 76' lang='lat' dir='ltr'><em>ergo</em></span> <span class='ocrx_word' id='word_1_230' title='bbox 1279 1659 1368 1688; x_wconf 87' lang='lat' dir='ltr'><em>tunc</em></span> <span class='ocrx_word' id='word_1_231' title='bbox 1399 1651 1528 1687; x_wconf 90' lang='lat' dir='ltr'><em>anima</em></span> <span class='ocrx_word' id='word_1_232' title='bbox 1560 1651 1639 1687; x_wconf 88' lang='lat' dir='ltr'><em>eius</em></span> <span class='ocrx_word' id='word_1_233' title='bbox 1671 1651 1825 1687; x_wconf 86' lang='lat' dir='ltr'><em>turbata</em></span> 
     </span>
     <span class='ocr_line' id='line_1_26' title="bbox 507 1709 1882 1762; baseline -0.005 -11"><span class='ocrx_word' id='word_1_234' title='bbox 507 1722 561 1751; x_wconf 89' lang='lat' dir='ltr'><em>est</em></span> <span class='ocrx_word' id='word_1_235' title='bbox 595 1715 690 1750; x_wconf 75' lang='lat' dir='ltr'><em>liora</em></span> <span class='ocrx_word' id='word_1_236' title='bbox 720 1713 1006 1762; x_wconf 81' lang='lat' dir='ltr'><em>propinquante</em></span> <span class='ocrx_word' id='word_1_237' title='bbox 1044 1711 1249 1761; x_wconf 87' lang='lat' dir='ltr'><em>passionis,</em></span> <span class='ocrx_word' id='word_1_238' title='bbox 1290 1711 1342 1745; x_wconf 90' lang='lat' dir='ltr'><em>ita</em></span> <span class='ocrx_word' id='word_1_239' title='bbox 1383 1710 1495 1746; x_wconf 91' lang='lat' dir='ltr'><em>etiam</em></span> <span class='ocrx_word' id='word_1_240' title='bbox 1532 1721 1630 1744; x_wconf 89' lang='lat' dir='ltr'><em>nunc</em></span> <span class='ocrx_word' id='word_1_241' title='bbox 1672 1709 1826 1745; x_wconf 88' lang='lat' dir='ltr'><em>exituro</em></span> <span class='ocrx_word' id='word_1_242' title='bbox 1843 1712 1882 1744; x_wconf 82' lang='lat'><em>25</em></span> 
     </span>
     <span class='ocr_line' id='line_1_27' title="bbox 503 1766 1825 1820; baseline -0.005 -12"><span class='ocrx_word' id='word_1_243' title='bbox 503 1773 604 1808; x_wconf 86' lang='lat' dir='ltr'><em>Juda</em></span> <span class='ocrx_word' id='word_1_244' title='bbox 637 1779 749 1820; x_wconf 89' lang='lat' dir='ltr'><em>atque</em></span> <span class='ocrx_word' id='word_1_245' title='bbox 794 1778 954 1807; x_wconf 80' lang='lat' dir='ltr'><em>venturo</em></span> <span class='ocrx_word' id='word_1_246' title='bbox 1000 1777 1033 1806; x_wconf 88' lang='lat' dir='ltr'><em>et</em></span> <span class='ocrx_word' id='word_1_247' title='bbox 1060 1769 1346 1819; x_wconf 87' lang='lat' dir='ltr'><em>propinquante</em></span> <span class='ocrx_word' id='word_1_248' title='bbox 1377 1775 1482 1804; x_wconf 84' lang='lat' dir='ltr'><em>tanto</em></span> <span class='ocrx_word' id='word_1_249' title='bbox 1520 1767 1666 1803; x_wconf 88' lang='lat' dir='ltr'><em>scelere</em></span> <span class='ocrx_word' id='word_1_250' title='bbox 1703 1766 1825 1802; x_wconf 85' lang='lat' dir='ltr'><em>tradi-</em></span> 
     </span>
     <span class='ocr_line' id='line_1_28' title="bbox 507 1828 1090 1877; baseline -0.007 -11"><span class='ocrx_word' id='word_1_251' title='bbox 507 1831 604 1866; x_wconf 88' lang='lat' dir='ltr'><em>toris</em></span> <span class='ocrx_word' id='word_1_252' title='bbox 636 1830 814 1866; x_wconf 89' lang='lat' dir='ltr'><em>turbatus</em></span> <span class='ocrx_word' id='word_1_253' title='bbox 847 1836 904 1864; x_wconf 92' lang='lat' dir='ltr'><em>est</em></span> <span class='ocrx_word' id='word_1_254' title='bbox 935 1828 1090 1877; x_wconf 68' lang='lat' dir='ltr'><em>spiritu‘.</em></span> 
     </span>
    </p>

    <p class='ocr_par' dir='ltr' id='par_1_4' title="bbox 506 1883 1885 2572">
     <span class='ocr_line' id='line_1_29' title="bbox 570 1883 1825 1936; baseline -0.006 -12"><span class='ocrx_word' id='word_1_255' title='bbox 570 1889 768 1924; x_wconf 87' lang='lat' dir='ltr'><em>Turbatur</em></span> <span class='ocrx_word' id='word_1_256' title='bbox 800 1899 897 1936; x_wconf 80' lang='lat' dir='ltr'><em>ergo</em></span> <span class='ocrx_word' id='word_1_257' title='bbox 916 1893 1146 1935; x_wconf 86' lang='lat' dir='ltr'><em>potestatem</em></span> <span class='ocrx_word' id='word_1_258' title='bbox 1171 1885 1313 1921; x_wconf 80' lang='lat' dir='ltr'><em>liabens</em></span> <span class='ocrx_word' id='word_1_259' title='bbox 1330 1883 1503 1932; x_wconf 90' lang='lat' dir='ltr'><em>ponendi</em></span> <span class='ocrx_word' id='word_1_260' title='bbox 1525 1883 1692 1919; x_wconf 87' lang='lat' dir='ltr'><em>animam</em></span> <span class='ocrx_word' id='word_1_261' title='bbox 1715 1894 1825 1918; x_wconf 89' lang='lat' dir='ltr'><em>suam</em></span> 
     </span>
     <span class='ocr_line' id='line_1_30' title="bbox 507 1941 1825 1995; baseline -0.006 -12"><span class='ocrx_word' id='word_1_262' title='bbox 507 1955 543 1983; x_wconf 89' lang='lat' dir='ltr'><em>et</em></span> <span class='ocrx_word' id='word_1_263' title='bbox 569 1953 799 1995; x_wconf 84' lang='lat' dir='ltr'><em>potestatem</em></span> <span class='ocrx_word' id='word_1_264' title='bbox 824 1945 967 1980; x_wconf 79' lang='lat' dir='ltr'><em>habens</em></span> <span class='ocrx_word' id='word_1_265' title='bbox 999 1944 1138 1979; x_wconf 89' lang='lat' dir='ltr'><em>iterum</em></span> <span class='ocrx_word' id='word_1_266' title='bbox 1170 1942 1347 1978; x_wconf 88' lang='lat' dir='ltr'><em>sumendi</em></span> <span class='ocrx_word' id='word_1_267' title='bbox 1378 1942 1491 1977; x_wconf 79' lang='lat' dir='ltr'><em>eam?</em></span> <span class='ocrx_word' id='word_1_268' title='bbox 1529 1941 1724 1976; x_wconf 84' lang='lat' dir='ltr'><em>Turbatur</em></span> <span class='ocrx_word' id='word_1_269' title='bbox 1747 1947 1825 1976; x_wconf 91' lang='lat' dir='ltr'><em>tam</em></span> 
     </span>
     <span class='ocr_line' id='line_1_31' title="bbox 507 1998 1885 2056; baseline -0.007 -15"><span class='ocrx_word' id='word_1_270' title='bbox 507 2006 643 2056; x_wconf 78' lang='lat' dir='ltr'><em>ingens</em></span> <span class='ocrx_word' id='word_1_271' title='bbox 670 2011 856 2053; x_wconf 83' lang='lat' dir='ltr'><em>potestas7</em></span> <span class='ocrx_word' id='word_1_272' title='bbox 895 2002 1077 2037; x_wconf 89' lang='lat' dir='ltr'><em>turbatur</em></span> <span class='ocrx_word' id='word_1_273' title='bbox 1102 2008 1215 2050; x_wconf 90' lang='lat' dir='ltr'><em>petre</em></span> <span class='ocrx_word' id='word_1_274' title='bbox 1235 2000 1431 2050; x_wconf 89' lang='lat' dir='ltr'><em>firmitas:</em></span> <span class='ocrx_word' id='word_1_275' title='bbox 1471 2012 1519 2034; x_wconf 90' lang='lat' dir='ltr'><em>an</em></span> <span class='ocrx_word' id='word_1_276' title='bbox 1547 1999 1683 2048; x_wconf 90' lang='lat' dir='ltr'><em>pocius</em></span> <span class='ocrx_word' id='word_1_277' title='bbox 1715 1998 1751 2033; x_wconf 90' lang='lat' dir='ltr'><em>in</em></span> <span class='ocrx_word' id='word_1_278' title='bbox 1784 2010 1826 2034; x_wconf 91' lang='lat' dir='ltr'><em>eo</em></span> <span class='ocrx_word' id='word_1_279' title='bbox 1844 2002 1885 2035; x_wconf 78' lang='lat'><em>30</em></span> 
     </span>
     <span class='ocr_line' id='line_1_32' title="bbox 509 2056 1829 2110; baseline -0.005 -12"><span class='ocrx_word' id='word_1_280' title='bbox 509 2070 641 2098; x_wconf 88' lang='lat' dir='ltr'><em>nostra</em></span> <span class='ocrx_word' id='word_1_281' title='bbox 666 2062 848 2097; x_wconf 86' lang='lat' dir='ltr'><em>turbatur</em></span> <span class='ocrx_word' id='word_1_282' title='bbox 870 2059 1107 2110; x_wconf 79' lang='lat' dir='ltr'><em>infirmitas?</em></span> <span class='ocrx_word' id='word_1_283' title='bbox 1128 2060 1186 2094; x_wconf 92' lang='lat' dir='ltr'><em>Ita</em></span> <span class='ocrx_word' id='word_1_284' title='bbox 1210 2070 1301 2095; x_wconf 73' lang='lat' dir='ltr'><em>vero</em></span> <span class='ocrx_word' id='word_1_285' title='bbox 1324 2057 1420 2093; x_wconf 82' lang='lat' dir='ltr'><em>nihil</em></span> <span class='ocrx_word' id='word_1_286' title='bbox 1441 2057 1641 2108; x_wconf 76' lang='lat' dir='ltr'><em>indignum</em></span> <span class='ocrx_word' id='word_1_287' title='bbox 1666 2056 1829 2092; x_wconf 89' lang='lat' dir='ltr'><em>credant</em></span> 
     </span>
     <span class='ocr_line' id='line_1_33' title="bbox 508 2114 1828 2167; baseline -0.005 -11"><span class='ocrx_word' id='word_1_288' title='bbox 508 2121 615 2157; x_wconf 76' lang='lat' dir='ltr'><em>servi</em></span> <span class='ocrx_word' id='word_1_289' title='bbox 646 2121 691 2155; x_wconf 85' lang='lat' dir='ltr'><em>de</em></span> <span class='ocrx_word' id='word_1_290' title='bbox 724 2119 892 2155; x_wconf 86' lang='lat' dir='ltr'><em>Domino</em></span> <span class='ocrx_word' id='word_1_291' title='bbox 924 2130 992 2154; x_wconf 86' lang='lat' dir='ltr'><em>suo</em></span> <span class='ocrx_word' id='word_1_292' title='bbox 1024 2118 1093 2153; x_wconf 89' lang='lat' dir='ltr'><em>sed</em></span> <span class='ocrx_word' id='word_1_293' title='bbox 1124 2123 1341 2167; x_wconf 82' lang='lat' dir='ltr'><em>agnoscant</em></span> <span class='ocrx_word' id='word_1_294' title='bbox 1371 2128 1411 2151; x_wconf 92' lang='lat' dir='ltr'><em>se</em></span> <span class='ocrx_word' id='word_1_295' title='bbox 1440 2115 1612 2150; x_wconf 87' lang='lat' dir='ltr'><em>membra</em></span> <span class='ocrx_word' id='word_1_296' title='bbox 1646 2115 1682 2150; x_wconf 92' lang='lat' dir='ltr'><em>in</em></span> <span class='ocrx_word' id='word_1_297' title='bbox 1706 2114 1828 2163; x_wconf 83' lang='lat' dir='ltr'><em>capite</em></span> 
     </span>
     <span class='ocr_line' id='line_1_34' title="bbox 507 2172 1829 2224; baseline -0.005 -10"><span class='ocrx_word' id='word_1_298' title='bbox 507 2191 589 2216; x_wconf 84' lang='lat' dir='ltr'><em>suo.</em></span> <span class='ocrx_word' id='word_1_299' title='bbox 630 2178 707 2220; x_wconf 86' lang='lat' dir='ltr'><em>Qui</em></span> <span class='ocrx_word' id='word_1_300' title='bbox 745 2184 920 2212; x_wconf 87' lang='lat' dir='ltr'><em>mortuus</em></span> <span class='ocrx_word' id='word_1_301' title='bbox 953 2183 1009 2211; x_wconf 91' lang='lat' dir='ltr'><em>est</em></span> <span class='ocrx_word' id='word_1_302' title='bbox 1034 2187 1112 2224; x_wconf 91' lang='lat' dir='ltr'><em>pro</em></span> <span class='ocrx_word' id='word_1_303' title='bbox 1146 2174 1263 2217; x_wconf 82' lang='lat' dir='ltr'><em>nobis,</em></span> <span class='ocrx_word' id='word_1_304' title='bbox 1297 2174 1473 2209; x_wconf 89' lang='lat' dir='ltr'><em>turbatus</em></span> <span class='ocrx_word' id='word_1_305' title='bbox 1511 2179 1565 2208; x_wconf 91' lang='lat' dir='ltr'><em>est</em></span> <span class='ocrx_word' id='word_1_306' title='bbox 1604 2172 1703 2208; x_wconf 88' lang='lat' dir='ltr'><em>idem</em></span> <span class='ocrx_word' id='word_1_307' title='bbox 1749 2172 1829 2221; x_wconf 89' lang='lat' dir='ltr'><em>ipse</em></span> 
     </span>
     <span class='ocr_line' id='line_1_35' title="bbox 506 2235 1827 2286; baseline -0.006 -14"><span class='ocrx_word' id='word_1_308' title='bbox 506 2249 582 2286; x_wconf 87' lang='lat' dir='ltr'><em>pro</em></span> <span class='ocrx_word' id='word_1_309' title='bbox 607 2236 723 2272; x_wconf 72' lang='lat' dir='ltr'><em>nobis</em></span> <span class='ocrx_word' id='word_1_310' title='bbox 766 2235 842 2278; x_wconf 79' lang='lat' dir='ltr'><em>Qui</em></span> <span class='ocrx_word' id='word_1_311' title='bbox 873 2246 969 2284; x_wconf 73' lang='lat' dir='ltr'><em>ergo</em></span> <span class='ocrx_word' id='word_1_312' title='bbox 998 2240 1192 2282; x_wconf 86' lang='lat' dir='ltr'><em>potestate</em></span> <span class='ocrx_word' id='word_1_313' title='bbox 1220 2239 1396 2268; x_wconf 87' lang='lat' dir='ltr'><em>mortuus</em></span> <span class='ocrx_word' id='word_1_314' title='bbox 1424 2238 1492 2277; x_wconf 81' lang='lat' dir='ltr'><em>est⁷</em></span> <span class='ocrx_word' id='word_1_315' title='bbox 1520 2237 1712 2279; x_wconf 88' lang='lat' dir='ltr'><em>potestate</em></span> <span class='ocrx_word' id='word_1_316' title='bbox 1744 2237 1827 2265; x_wconf 87' lang='lat' dir='ltr'><em>tur-</em></span> 
     </span>
     <span class='ocr_line' id='line_1_36' title="bbox 509 2288 1883 2341; baseline -0.006 -11"><span class='ocrx_word' id='word_1_317' title='bbox 509 2295 619 2330; x_wconf 86' lang='lat' dir='ltr'><em>batus</em></span> <span class='ocrx_word' id='word_1_318' title='bbox 663 2300 736 2329; x_wconf 89' lang='lat' dir='ltr'><em>est:</em></span> <span class='ocrx_word' id='word_1_319' title='bbox 783 2292 847 2341; x_wconf 88' lang='lat' dir='ltr'><em>qui</em></span> <span class='ocrx_word' id='word_1_320' title='bbox 885 2291 1187 2341; x_wconf 75' lang='lat' dir='ltr'><em>transfiguravit</em></span> <span class='ocrx_word' id='word_1_321' title='bbox 1237 2301 1378 2338; x_wconf 86' lang='lat' dir='ltr'><em>corpus</em></span> <span class='ocrx_word' id='word_1_322' title='bbox 1427 2288 1655 2324; x_wconf 80' lang='lat' dir='ltr'><em>humilitatis</em></span> <span class='ocrx_word' id='word_1_323' title='bbox 1700 2295 1828 2323; x_wconf 88' lang='lat' dir='ltr'><em>nostre</em></span> <span class='ocrx_word' id='word_1_324' title='bbox 1845 2289 1883 2323; x_wconf 76' lang='lat'><em>35</em></span> 
     </span>
     <span class='ocr_line' id='line_1_37' title="bbox 510 2345 1827 2400; baseline -0.005 -13"><span class='ocrx_word' id='word_1_325' title='bbox 510 2352 713 2400; x_wconf 87' lang='lat' dir='ltr'><em>conforme</em></span> <span class='ocrx_word' id='word_1_326' title='bbox 746 2350 907 2399; x_wconf 88' lang='lat' dir='ltr'><em>corpori</em></span> <span class='ocrx_word' id='word_1_327' title='bbox 937 2349 1092 2385; x_wconf 87' lang='lat' dir='ltr'><em>ecclesie</em></span> <span class='ocrx_word' id='word_1_328' title='bbox 1123 2360 1202 2394; x_wconf 84' lang='lat' dir='ltr'><em>sue,</em></span> <span class='ocrx_word' id='word_1_329' title='bbox 1238 2346 1540 2397; x_wconf 77' lang='lat' dir='ltr'><em>transfiguravit</em></span> <span class='ocrx_word' id='word_1_330' title='bbox 1572 2346 1607 2381; x_wconf 88' lang='lat' dir='ltr'><em>in</em></span> <span class='ocrx_word' id='word_1_331' title='bbox 1637 2358 1678 2381; x_wconf 86' lang='lat' dir='ltr'><em>se</em></span> <span class='ocrx_word' id='word_1_332' title='bbox 1709 2345 1827 2381; x_wconf 89' lang='lat' dir='ltr'><em>eciam</em></span> 
     </span>
     <span class='ocr_line' id='line_1_38' title="bbox 513 2403 1830 2458; baseline -0.005 -13"><span class='ocrx_word' id='word_1_333' title='bbox 513 2411 690 2458; x_wconf 85' lang='lat' dir='ltr'><em>affectum</em></span> <span class='ocrx_word' id='word_1_334' title='bbox 715 2407 951 2458; x_wconf 85' lang='lat' dir='ltr'><em>infirmitatis</em></span> <span class='ocrx_word' id='word_1_335' title='bbox 974 2414 1118 2452; x_wconf 82' lang='lat' dir='ltr'><em>nostre,</em></span> <span class='ocrx_word' id='word_1_336' title='bbox 1147 2405 1386 2454; x_wconf 85' lang='lat' dir='ltr'><em>compaciens</em></span> <span class='ocrx_word' id='word_1_337' title='bbox 1415 2404 1520 2440; x_wconf 89' lang='lat' dir='ltr'><em>nobis</em></span> <span class='ocrx_word' id='word_1_338' title='bbox 1544 2404 1681 2452; x_wconf 85' lang='lat' dir='ltr'><em>affectu</em></span> <span class='ocrx_word' id='word_1_339' title='bbox 1704 2403 1830 2439; x_wconf 89' lang='lat' dir='ltr'><em>anime</em></span> 
     </span>
     <span class='ocr_line' id='line_1_39' title="bbox 511 2460 1827 2515; baseline -0.006 -12"><span class='ocrx_word' id='word_1_340' title='bbox 511 2480 588 2503; x_wconf 90' lang='lat' dir='ltr'><em>sue.</em></span> <span class='ocrx_word' id='word_1_341' title='bbox 624 2466 794 2502; x_wconf 87' lang='lat' dir='ltr'><em>Proinde</em></span> <span class='ocrx_word' id='word_1_342' title='bbox 824 2466 977 2515; x_wconf 89' lang='lat' dir='ltr'><em>quando</em></span> <span class='ocrx_word' id='word_1_343' title='bbox 1010 2465 1191 2500; x_wconf 88' lang='lat' dir='ltr'><em>turbatur</em></span> <span class='ocrx_word' id='word_1_344' title='bbox 1224 2475 1404 2512; x_wconf 75' lang='lat' dir='ltr'><em>magnus,</em></span> <span class='ocrx_word' id='word_1_345' title='bbox 1441 2462 1581 2510; x_wconf 81' lang='lat' dir='ltr'><em>fortis,</em></span> <span class='ocrx_word' id='word_1_346' title='bbox 1615 2468 1742 2497; x_wconf 91' lang='lat' dir='ltr'><em>certus</em></span> <span class='ocrx_word' id='word_1_347' title='bbox 1773 2460 1827 2495; x_wconf 87' lang='lat' dir='ltr'><em>in-</em></span> 
     </span>
     <span class='ocr_line' id='line_1_40' title="bbox 513 2519 1829 2572; baseline -0.006 -11"><span class='ocrx_word' id='word_1_348' title='bbox 513 2525 647 2572; x_wconf 72' lang='lat' dir='ltr'><em>victus,</em></span> <span class='ocrx_word' id='word_1_349' title='bbox 682 2537 754 2560; x_wconf 88' lang='lat' dir='ltr'><em>non</em></span> <span class='ocrx_word' id='word_1_350' title='bbox 788 2524 822 2559; x_wconf 91' lang='lat' dir='ltr'><em>ei</em></span> <span class='ocrx_word' id='word_1_351' title='bbox 852 2523 1054 2559; x_wconf 87' lang='lat' dir='ltr'><em>timeamus</em></span> <span class='ocrx_word' id='word_1_352' title='bbox 1086 2522 1195 2570; x_wconf 86' lang='lat' dir='ltr'><em>quasi</em></span> <span class='ocrx_word' id='word_1_353' title='bbox 1226 2520 1390 2570; x_wconf 80' lang='lat' dir='ltr'><em>deficiat,</em></span> <span class='ocrx_word' id='word_1_354' title='bbox 1427 2532 1499 2556; x_wconf 89' lang='lat' dir='ltr'><em>non</em></span> <span class='ocrx_word' id='word_1_355' title='bbox 1527 2519 1631 2568; x_wconf 88' lang='lat' dir='ltr'><em>perit</em></span> <span class='ocrx_word' id='word_1_356' title='bbox 1662 2519 1731 2555; x_wconf 88' lang='lat' dir='ltr'><em>sed</em></span> <span class='ocrx_word' id='word_1_357' title='bbox 1762 2530 1829 2554; x_wconf 91' lang='lat' dir='ltr'><em>nos</em></span> 
     </span>
    </p>
   </div>
   <div class='ocr_carea' id='block_1_3' title="bbox 583 2699 1759 2740">
    <p class='ocr_par' dir='ltr' id='par_1_5' title="bbox 583 2699 1759 2740">
     <span class='ocr_line' id='line_1_41' title="bbox 583 2699 1759 2740; baseline -0.005 -8"><span class='ocrx_word' id='word_1_358' title='bbox 583 2705 627 2733; x_wconf 88' lang='lat'><em>28.</em></span> <span class='ocrx_word' id='word_1_359' title='bbox 650 2707 693 2733; x_wconf 89' lang='lat' dir='ltr'><em>A:</em></span> <span class='ocrx_word' id='word_1_360' title='bbox 712 2704 852 2740; x_wconf 84' lang='lat' dir='ltr'><em>ponendi</em></span> <span class='ocrx_word' id='word_1_361' title='bbox 871 2704 965 2731; x_wconf 81' lang='lat' dir='ltr'><em>deest.</em></span> <span class='ocrx_word' id='word_1_362' title='bbox 1074 2700 1191 2737; x_wconf 70' lang='lat'>38—39.</span> <span class='ocrx_word' id='word_1_363' title='bbox 1214 2701 1252 2728; x_wconf 76' lang='lat'><em>13:</em></span> <span class='ocrx_word' id='word_1_364' title='bbox 1274 2701 1390 2728; x_wconf 75' lang='lat' dir='ltr'><em>vinctus</em></span> <span class='ocrx_word' id='word_1_365' title='bbox 1410 2708 1473 2728; x_wconf 88' lang='lat' dir='ltr'><em>non</em></span> <span class='ocrx_word' id='word_1_366' title='bbox 1495 2700 1533 2727; x_wconf 87' lang='lat' dir='ltr'><em>ei.</em></span> <span class='ocrx_word' id='word_1_367' title='bbox 1559 2700 1602 2727; x_wconf 91' lang='lat' dir='ltr'><em>A:</em></span> <span class='ocrx_word' id='word_1_368' title='bbox 1625 2699 1759 2727; x_wconf 80' lang='lat' dir='ltr'><em>vincrus.</em></span> 
     </span>
    </p>
   </div>
   <div class='ocr_carea' id='block_1_4' title="bbox 517 2781 1828 2874">
    <p class='ocr_par' dir='ltr' id='par_1_6' title="bbox 517 2781 1828 2874">
     <span class='ocr_line' id='line_1_42' title="bbox 590 2781 1828 2829; baseline -0.004 -10"><span class='ocrx_word' id='word_1_369' title='bbox 590 2800 639 2820; x_wconf 88' lang='lat'><em>11.</em></span> <span class='ocrx_word' id='word_1_370' title='bbox 665 2788 742 2820; x_wconf 77' lang='lat' dir='ltr'><em>Joh.</em></span> <span class='ocrx_word' id='word_1_371' title='bbox 769 2789 826 2827; x_wconf 77' lang='lat' dir='ltr'><em>VI⁷</em></span> <span class='ocrx_word' id='word_1_372' title='bbox 854 2799 908 2829; x_wconf 80' lang='lat'><em>7¹-</em></span> <span class='ocrx_word' id='word_1_373' title='bbox 1054 2797 1107 2817; x_wconf 71' lang='lat'><em>22.</em></span> <span class='ocrx_word' id='word_1_374' title='bbox 1133 2785 1209 2817; x_wconf 80' lang='lat' dir='ltr'><em>Joh.</em></span> <span class='ocrx_word' id='word_1_375' title='bbox 1236 2786 1309 2824; x_wconf 85' lang='grc' dir='ltr'>ΧΙΙ,</span> <span class='ocrx_word' id='word_1_376' title='bbox 1338 2795 1390 2826; x_wconf 88' lang='lat'><em>27.</em></span> <span class='ocrx_word' id='word_1_377' title='bbox 1525 2782 1577 2816; x_wconf 79' lang='lat'><em>28.</em></span> <span class='ocrx_word' id='word_1_378' title='bbox 1603 2782 1681 2814; x_wconf 88' lang='lat' dir='ltr'><em>Joh.</em></span> <span class='ocrx_word' id='word_1_379' title='bbox 1706 2783 1746 2819; x_wconf 80' lang='lat' dir='ltr'><em>X,</em></span> <span class='ocrx_word' id='word_1_380' title='bbox 1779 2781 1828 2814; x_wconf 86' lang='lat'><em>18.</em></span> 
     </span>
     <span class='ocr_line' id='line_1_43' title="bbox 517 2835 847 2874; baseline -0.009 -6"><span class='ocrx_word' id='word_1_381' title='bbox 517 2836 569 2868; x_wconf 73' lang='lat'><em>35.</em></span> <span class='ocrx_word' id='word_1_382' title='bbox 597 2835 685 2866; x_wconf 82' lang='lat' dir='ltr'><em>Phil.</em></span> <span class='ocrx_word' id='word_1_383' title='bbox 712 2835 765 2874; x_wconf 82' lang='lat'>111,</span> <span class='ocrx_word' id='word_1_384' title='bbox 795 2844 847 2865; x_wconf 84' lang='lat'><em>21.</em></span> 
     </span>
    </p>
   </div>
  </div>
 </body>
</html>
