1986 3289
184 207 265 244 250
787 205 905 235 OPUS
932 205 1266 236 EVANGELICUM
1296 206 1379 236 Llss.
1406 205 1460 236 ΙΙΙ.
1532 192 1638 247 [CAR
1660 203 1780 231 LXVII-

470 311 636 346 adventu
660 323 743 346 cum
767 317 865 346 esset
893 318 1041 359 tempus
1064 311 1327 347 misericordie
1360 311 1569 347 dicentibus
1597 312 1781 361 apostolis

469 380 587 417 super
618 368 936 404 inhumanitatem
971 368 1138 404 civitatis
1176 368 1360 405 alicuius:
1399 369 1472 414 Vis,
1513 369 1698 416 dicamus,
1743 377 1782 404 ut

472 426 677 462 descendat
721 426 823 476 ignis
856 434 903 462 ae
935 426 1047 462 celo?
1079 426 1277 475 respondit
1306 426 1438 463 Jesus:
1481 426 1645 463 Nescitis
1677 427 1783 463 cuius

469 484 630 533 spiritus
661 484 761 520 estis.
808 484 894 520 Non
928 484 1025 519 enim
1059 485 1144 519 veni
1173 484 1346 520 iudicare
1379 485 1562 520 mundum
1605 485 1674 521 sed
1705 485 1782 521 sal-

473 554 577 587 vare,
623 542 825 578 ostendens
869 542 955 590 quia
1003 554 1087 577 cum
1133 542 1278 578 venerit
1315 542 1351 577 in
1393 542 1560 578 secundo
1604 543 1814 589 adventu75

472 599 603 635 iudicii
645 607 795 648 tempus
840 600 1019 635 similiter
1063 599 1331 648 misericordia
1377 600 1500 636 locum
1546 612 1618 636 non
1657 600 1781 636 habet.

477 657 549 693 Ubi
578 664 704 693 autem
738 657 1009 693 misericordia
1042 670 1114 693 non
1147 658 1259 694 habet
1297 658 1422 693 Iocum
1464 670 1530 693 nec
1562 658 1782 694 intercessio

473 715 585 751 valet.
620 715 695 750 Aut
738 715 805 751 hec
843 715 927 752 ideo
973 715 1123 751 dicunt:
1190 715 1379 760 Quoniam
1426 727 1497 751 non
1541 723 1628 751 sunt
1666 716 1784 765 digne

468 773 670 821 passiones
702 773 814 809 huius
847 773 1033 822 temporis
1055 773 1303 821 adfuturam
1336 773 1508 823 gloriam
1532 785 1602 821 que
1634 773 1782 809 revela-

182 839 249 866 The
269 838 365 865 saints
386 837 447 876 wil!
472 831 576 866 bitur
607 831 643 866 in
675 830 792 866 nobis.
828 831 871 866 Si
902 843 1000 881 ergo
1044 831 1170 866 maior
1202 831 1275 867 erit
1304 831 1439 881 gloria
1471 843 1540 879 que
1568 838 1783 880 preparata
1804 843 1841 863 ιο

196 874 271 935 haxtrg
291 877 441 943 ξζᾶᾆὲῗῃῖ
472 895 528 925 est
576 888 719 925 sanctis
764 901 786 924 a
829 889 914 925 Deo
956 901 1070 937 quam
1118 889 1220 937 quod
1264 889 1519 937 unusquisque
1560 896 1813 925 sanctorum>

472 947 695 993 merebitur,
729 947 919 994 quomodo
951 946 1124 996 sufficiat
1152 958 1228 995 pro
1260 946 1347 983 aliis
1378 947 1430 982 ad
1460 947 1621 982 salutem
1656 940 1782 982 uniusss

472 1004 651 1053 cuiusque
683 1016 775 1052 opus
807 1016 954 1048 eorum,
988 1016 1071 1040 cum
1113 1016 1180 1040 nec
1210 1004 1283 1040 sibi
1312 1005 1386 1040 soli
1415 1004 1587 1055 sufficiat
1617 1004 1669 1040 ad
1697 1005 1783 1054 glo-

473 1062 572 1098 riam
606 1062 712 1097 illam
747 1061 844 1098 iusto
876 1062 1015 1098 iudicio
1049 1063 1383 1111 consequendam?

529 1120 585 1155 Ite
602 1119 737 1168 pocius
768 1120 821 1155 ad
853 1120 1056 1156 vendentes
1088 1127 1122 1156 et
1150 1117 1155 1171 l
1184 1120 1295 1156 emite
1328 1119 1443 1156 vobis.
1477 1119 1699 1155 Venditores
1721 1119 1784 1155 bo-
1827 1124 1911 1165 429a

472 1190 611 1214 norum
644 1189 800 1226 operum
845 1185 934 1213 sunt
965 1178 1200 1224 sacerdotes,
1246 1178 1310 1226 qui
1344 1184 1527 1226 precepta
1572 1177 1717 1213 iusticie
1748 1177 1783 1212 in

466 1236 608 1285 populo
639 1236 744 1282 dant,
778 1235 890 1284 quasi
904 1236 1080 1284 precium
1104 1235 1263 1284 aliquod
1284 1235 1510 1284 accipientes
1530 1234 1654 1285 fidem
1688 1235 1784 1284 ipso-

473 1306 572 1340 rum,
621 1293 685 1342 qui
718 1300 944 1342 peccatores
969 1306 1044 1342 per
1068 1293 1321 1343 penitenciam
1353 1293 1508 1333 solvunt
1532 1293 1665 1342 precio
1697 1304 1784 1329 con-

475 1351 664 1400 fessionis
696 1363 828 1387 eorum
854 1351 1021 1400 placari.
1064 1351 1140 1387 Aut
1171 1359 1275 1388 certe
1306 1352 1377 1387 hoc
1403 1351 1578 1400 precium
1612 1351 1786 1387 doctrine

471 1409 672 1459 accipiunt,
703 1410 854 1457 quando
876 1409 930 1445 sic
953 1409 1130 1445 docentes
1145 1421 1208 1446 eos
1230 1409 1398 1445 audierit
1412 1409 1591 1458 populus.
1616 1408 1785 1457 Populus
1800 1420 1842 1442 20

472 1468 622 1516 quidem
655 1479 730 1516 per
761 1467 1019 1504 obedienciam
1051 1479 1161 1503 suam
1194 1473 1389 1503 mercatus
1420 1474 1476 1503 est
1496 1466 1578 1515 ‚sibi
1606 1466 1783 1511 salutem,

471 1526 695 1562 sacerdotes
727 1531 854 1561 autem
878 1525 942 1573 qui
972 1526 1185 1561 docuerunt
1216 1532 1251 1561 et
1283 1524 1387 1561 circa
1421 1537 1484 1561 eos
1507 1524 1785 1560 laboraverunt

474 1583 657 1632 recipient
694 1595 716 1618 a
749 1583 833 1619 Deo
880 1583 1054 1619 doctrine
1094 1595 1162 1619 sue
1205 1583 1436 1619 mercedem.
1490 1583 1641 1618 Bonum
1688 1593 1784 1632 ergo

473 1649 528 1677 est
559 1640 758 1677 consilium
781 1647 1005 1677 sanctorum
1038 1641 1090 1676 ad
1114 1648 1353 1690 peccatores,
1386 1648 1427 1676 ut
1458 1647 1544 1676 eant
1575 1640 1627 1675 ad
1656 1651 1785 1676 sacer-

475 1700 582 1735 dotes
614 1706 648 1735 et
669 1698 846 1748 fideliter
867 1699 1025 1734 audiant
1058 1711 1121 1735 eos
1142 1706 1177 1735 et
1205 1711 1289 1735 cum
1312 1698 1505 1734 audierint
1536 1710 1599 1734 eos
1615 1697 1785 1746 faciant,
1802 1699 1841 1731 25

474 1764 508 1792 et
537 1756 687 1793 habebit
719 1755 898 1793 virtutem
932 1756 1007 1792 olei
1025 1756 1130 1806 fides
1163 1768 1310 1802 eorum,
1353 1756 1389 1791 si
1418 1763 1543 1791 tamen
1582 1754 1785 1791 habuerint

474 1822 631 1864 tempus.
664 1815 747 1860 Hec
781 1813 1065 1850 Crisostomus.

949 1985 1086 2026 CAP.
1119 1985 1319 2025 LXVII.

198 2087 426 2123 chrysostom:
534 2083 608 2118 Iste
641 2089 802 2118 sanctus
826 2082 957 2118 adhuc
990 2081 1247 2129 prosequitur
1277 2079 1522 2116 sentenciam
1557 2078 1672 2115 huius
1705 2087 1784 2114 tex-

211 2122 354 2183 ffissgndtcg
370 2126 423 2183 ¹1¹1?ss
475 2148 562 2176 tuse
610 2139 843 2176 Abeuntibus
874 2147 1002 2175 autem
1037 2140 1088 2175 eis
1121 2139 1221 2174 veuit
1251 2150 1428 2188 sponsus,
1481 2145 1515 2173 et
1548 2149 1617 2185 que
1644 2143 1785 2186 parate
1801 2139 1843 2170 30

197 2191 447 2265 mesggggtaehile
475 2205 587 2234 erant
610 2198 853 2233 intraverunt
876 2210 959 2233 cum
994 2209 1049 2243 eo,
1082 2204 1117 2233 et
1149 2197 1280 2232 clausa
1305 2204 1360 2232 est
1392 2196 1516 2231 ianua.
1559 2194 1785 2231 Ostenditur

201 2261 285 2288 there
306 2270 331 2288 ιε
352 2261 435 2288 time.
475 2256 581 2292 nobis
609 2268 684 2304 per
717 2255 784 2290 hec
807 2256 923 2291 verba
955 2255 1059 2304 quod
1090 2254 1156 2290 illo
1190 2255 1225 2289 in
1259 2261 1428 2303 tempore
1451 2253 1550 2288 inter
1582 2251 1784 2302 angustias

476 2314 719 2349 diversorum
753 2320 951 2348 terrorum
999 2312 1167 2348 videntes
1197 2324 1237 2348 se
1262 2318 1490 2360 peccatores
1521 2310 1786 2346 anxiabuntur

475 2379 510 2407 et
543 2378 701 2407 current
733 2371 805 2406 huc
837 2379 871 2406 et
904 2371 994 2406 illuc
1027 2370 1078 2405 ad
1109 2370 1331 2406 sacerdotes
1364 2369 1580 2404 doctrinam
1615 2375 1649 2403 et
1676 2367 1783 2415 peni-

475 2430 635 2464 tenciam
665 2428 738 2464 sibi
767 2436 980 2477 querentes,
1013 2428 1080 2463 alii
1107 2435 1231 2463 autem
1266 2428 1567 2476 interrogantes,
1600 2425 1691 2474 quid
1723 2436 1784 2459 eos
1802 2425 1840 2459 35

546 2630 571 2649 2.
594 2623 632 2649 B:
661 2621 716 2655 Vis,
736 2621 874 2648 dicimus.
963 2621 987 2648 5.
1009 2621 1052 2647 A:
1074 2620 1192 2647 venerit
1210 2619 1321 2646 medio.
1413 2625 1438 2653 7.
1460 2618 1503 2645 A:
1521 2624 1583 2644 non
1604 2616 1702 2655 solum
1722 2622 1783 2642 non

475 2657 573 2684 habel.
658 2663 702 2683 20,
725 2656 768 2682 A:
790 2656 914 2690 quando
934 2655 1070 2686 scilicet:
1091 2655 1127 2681 13:
1150 2654 1272 2688 quando
1292 2654 1338 2685 si‚·
1357 2653 1396 2679 ib.
1419 2653 1457 2679 13:
1480 2651 1600 2679 audiat.
1675 2649 1717 2676 23.
1740 2651 1785 2676 Ar

475 2692 616 2719 doctrine
634 2699 688 2718 sue
708 2691 839 2717 labores.
931 2691 974 2717 28.
997 2691 1040 2716 A:
1065 2689 1140 2724 Cap.
1162 2688 1247 2716 LXV.
1340 2686 1381 2714 33.
1404 2688 1447 2713 A:
1470 2690 1631 2713 terrorem.

547 2785 575 2805 2.
605 2776 717 2806 Lucae
746 2775 797 2814 IX,
827 2773 971 2813 54—56.
1072 2773 1103 2803 8.
1131 2773 1231 2803 Rom.
1259 2772 1344 2811 VIII,
1377 2770 1425 2801 18.
1522 2779 1574 2811 29.
1602 2769 1669 2809 Op.
1697 2768 1782 2808 Imp.

477 2821 496 2852 l.
524 2832 550 2852 c.
579 2831 655 2862 pag.
682 2820 760 2862 003·
