1986 3289
214 238 303 270 CAP.
324 229 441 288 xxv]
610 241 669 276 DE
696 239 1011 276 ANTicHRISTo
1039 240 1122 275 ΜΒ.
1150 240 1173 274 1.

213 350 384 386 volendo
418 349 664 386 contrarium
690 351 960 397 prevalebant,
985 351 1052 386 sed
1082 351 1190 398 quod
1213 348 1298 397 ipse
1322 361 1365 385 ex
1387 349 1522 398 gracia

214 407 255 443 in
287 421 399 446 suam
433 407 732 456 proteceionem
765 407 1005 444 Israeliticos
1039 407 1312 456 congregavit,
1345 416 1382 443 et
1415 408 1523 456 quod

214 464 289 513 ipsi
347 467 566 502 secundum
620 478 807 513 magnam
866 474 1021 513 partem
1083 465 1287 513 peccando
1338 465 1525 501 volebant

215 523 471 560 contrarium.
508 526 555 559 Et
588 522 878 570 multiplicaeio
910 523 1015 559 illius
1048 522 1271 560 volucionis
1304 524 1523 559 secundum

182 583 427 617 5numerum
476 581 652 629 quociens
693 580 851 617 videtur
896 581 1036 628 pocius
1081 590 1186 617 stare
1239 580 1279 616 in
1332 580 1526 617 creaturis

215 638 528 686 exprimentibus
561 638 633 674 Dei
665 638 918 675 volucionem
953 651 1073 687 quam
1108 638 1148 675 in
1181 647 1273 675 actu
1305 637 1526 675 intrinseco

214 696 282 744 qui
315 709 396 733 non
428 696 575 745 poterit
608 695 815 733 alternari.

698 831 837 873 CAP.
876 831 1042 874 XXV.

92 927 176 971 413d
273 927 544 964 Crisostomus
568 935 704 964 autem
728 926 911 963 diffusius
929 926 1187 975 prosequitur
1209 926 1330 962 istum
1354 935 1524 962 textum:

162 998 201 1018 10
221 986 409 1030 Quociens
436 985 540 1021 volui
567 985 933 1036 congregarefilios
963 992 1048 1021 tuos
1070 992 1160 1020 etc.:
1195 985 1392 1021 Percurre
1413 984 1448 1020 si
1470 984 1526 1021 vis

213 1043 390 1079 Judicum
414 1044 569 1090 librum,
587 1043 762 1092 quociens
778 1050 1039 1092 peccaverunt
1054 1049 1088 1078 et
1111 1042 1275 1078 tradidit
1296 1042 1383 1078 illos
1406 1043 1525 1089 Deus,

215 1108 250 1137 et
273 1101 410 1137 iterum
434 1101 642 1137 liberavit?
673 1100 869 1137 Gallinam
902 1100 1059 1136 ecclesie
1075 1100 1187 1149 ponit
1216 1100 1527 1145 similitudinenu

215 1159 313 1195 sicut
344 1159 442 1195 enim
470 1158 574 1208 pulli
603 1159 849 1209 gallinarum
877 1165 1034 1207 pastum
1074 1170 1185 1194 suum
1218 1165 1419 1206 querentes
1450 1170 1526 1207 per

217 1217 371 1253 diversa
411 1224 609 1267 vagantur
647 1224 682 1253 et
713 1217 900 1252 maternis
933 1216 1086 1252 vocibus
1122 1223 1431 1266 congregantur,
1471 1216 1526 1252 sic

163 1274 349 1324 &populi
377 1274 454 1310 Dei
496 1275 692 1310 carnalem
738 1275 972 1323 voluptatem
1005 1281 1039 1310 et
1076 1274 1310 1310 mundialem
1349 1273 1526 1322 concupi-

215 1332 403 1368 scenciam
441 1340 637 1380 sequentes
662 1344 737 1381 per
769 1332 943 1368 diversos
987 1339 1186 1382 vagantur
1224 1344 1395 1378 errores,
1433 1343 1527 1380 quos

216 1390 373 1426 ecclesia
406 1397 533 1426 mater
548 1402 624 1439 per
655 1390 878 1426 sacerdotes
901 1390 1014 1426 modo
1047 1389 1380 1439 increpacionibus
1411 1390 1525 1425 modo

216 1447 484 1484 blandimentis
502 1447 613 1497 quasi
623 1448 848 1496 quibusdam
866 1447 1018 1484 vocibus
1033 1459 1281 1498 congregare
1294 1455 1329 1484 et
1339 1447 1526 1483 allectare

207 1505 387 1553 festinat.
420 1505 474 1541 Et
495 1506 818 1554 quemadmodum
846 1506 997 1556 gallina
1030 1505 1173 1541 hahens
1188 1505 1321 1555 pullos
1352 1505 1524 1541 vocando

161 1575 203 1596 20
217 1563 305 1599 illos
347 1575 419 1599 non
469 1571 594 1600 cessat
646 1571 685 1599 ut
725 1563 881 1600 assidua
934 1575 1025 1599 voce
1073 1563 1328 1613 vagositatem
1369 1569 1525 1612 superet

212 1621 413 1669 pullorum
452 1633 624 1668 suorum,
663 1621 717 1657 sic
755 1629 791 1657 et
826 1622 1050 1657 sacerdotes
1088 1621 1125 1656 in
1158 1621 1333 1657 doctrina
1373 1632 1526 1657 cessare

217 1690 289 1714 non
322 1679 472 1727 debent,
504 1686 544 1715 ut
573 1679 701 1715 studio
735 1686 770 1715 et
808 1679 1033 1715 assiduitate
1065 1678 1332 1715 doctrinarum
1364 1691 1524 1715 suarum

216 1736 500 1787 negligenciam
524 1737 662 1786 populi
683 1737 853 1773 errantis
884 1737 1100 1773 emendent.·
1127 1737 1180 1772 Et
1201 1737 1524 1785 quemadmodum

216 1794 367 1843 gallina
401 1807 473 1831 non
511 1795 635 1830 solum
674 1807 764 1831 suos
796 1794 977 1843 calefacit
1012 1795 1082 1830 sed
1113 1794 1232 1830 eciam
1272 1795 1526 1843 cuiuscunque

161 1853 200 1886 25
218 1851 384 1887 volatilis
402 1852 581 1888 exclusos
602 1865 624 1887 a
645 1865 686 1889 se
710 1852 839 1902 diligit
868 1852 979 1902 quasi
998 1864 1099 1899 suos,
1132 1852 1186 1888 ita
1218 1859 1253 1888 et
1270 1852 1430 1889 ecclesia
1450 1865 1523 1888 non

214 1909 338 1944 solum
361 1922 451 1945 suos
472 1910 704 1946 christianos
733 1911 860 1946 studet
882 1922 1022 1946 vocare
1051 1910 1120 1946 sed
1150 1910 1232 1946 sive
1250 1910 1415 1961 gentiles
1444 1910 1526 1946 sive

213 1966 327 2002 Judei
345 1967 536 2016 suppositi
554 1968 613 2003 illi
633 1968 801 2016 fuerint,
825 1980 955 2003 omnes
986 1967 1118 2003 calore
1136 1967 1241 2017 fidei
1268 1980 1335 2004 sue
1358 1968 1525 2017 vivificat

215 2031 250 2059 et
288 2024 324 2060 in
364 2025 553 2074 baptismo
590 2033 756 2075 generat
787 2033 822 2061 et
854 2025 889 2061 in
927 2037 1106 2062 sermone
1137 2025 1311 2062 nutriens
1347 2033 1523 2062 materna

216 2081 347 2132 diligit
378 2083 553 2119 caritate.
592 2083 640 2118 Ut
672 2090 798 2119 autem
832 2083 900 2119 hec
922 2083 1053 2119 eadem
1077 2083 1256 2119 hereticis
1287 2090 1522 2133 coaptemus,

159 2139 426 2176 30Jerusalem
479 2141 540 2177 hic
582 2140 780 2191 intelligas
822 2153 979 2190 semper
1017 2141 1214 2177 ecclesiam
1259 2153 1330 2189 que
1381 2141 1524 2177 dicitur

215 2197 350 2233 civitas
376 2198 500 2246 pacis,
533 2198 640 2234 cuius
662 2199 927 2246 fundamenta
954 2199 1083 2247 posita
1108 2206 1197 2234 sunt
1226 2211 1345 2248 super
1376 2206 1523 2236 montes

213 2255 526 2303 scripturarum5
555 2256 652 2291 sicut
674 2268 771 2306 ergo
804 2256 862 2291 illi
883 2256 997 2292 Judei
1026 2256 1268 2305 quifuerant
1298 2257 1522 2305 spirituales

215 2313 621 2361 egressicrediderunt
635 2313 671 2349 in
685 2314 896 2361 Christum,
907 2314 1098 2350 illiautetn
1115 2314 1520 2363 quierantJerusalem

214 2371 442 2419 corporales
484 2378 595 2406 erant
639 2379 834 2407 manentes
873 2372 908 2407 in
947 2372 1147 2420 corporali
1175 2372 1390 2419 Judaismo,
1428 2385 1521 2422 per-

158 2430 197 2463 35
214 2435 411 2476 sequentes
448 2429 674 2477 spirituales
703 2429 859 2476 Judeos,
897 2430 937 2464 id
967 2429 1028 2476 ist,
1066 2430 1263 2478 apostolos
1300 2437 1522 2478 ceterosque

213 2497 264 2521 ex
295 2485 582 2522 circumcisione
613 2487 824 2532 credentes,
856 2487 910 2522 sic
933 2494 967 2522 et
1001 2488 1046 2522 de
1067 2487 1139 2523 ista
1172 2500 1269 2523 nova
1291 2488 1521 2534 Jerusalem,

214 2542 253 2577 id
290 2551 356 2589 est,
397 2544 568 2589 ecclesia,
601 2544 667 2593 qui
695 2544 917 2593 spirituales
948 2545 1148 2581 christiani
1168 2545 1349 2593 suerunt,
1383 2545 1521 2582 relicta

281 2653 304 2681 5.
325 2653 364 2680 B:
386 2661 543 2680 numerum
569 2661 666 2688 quos,·
695 2653 736 2681 ib.
763 2654 808 2681 A:
838 2654 948 2689 pocius
977 2655 1115 2691 sequitur
1144 2656 1264 2683 lacuna.
1373 2663 1401 2690 9.
1431 2657 1460 2683 A
1488 2656 1519 2683 in

212 2695 326 2723 marg.:
350 2687 577 2721 Crisostomus;
605 2688 626 2714 B
647 2689 677 2716 in
698 2696 812 2723 marg:
841 2695 904 2722 24„-
932 2690 968 2716 al.
998 2697 1079 2717 man.
1109 2691 1230 2717 extinct.
1328 2699 1362 2718 11.
1398 2690 1519 2718 Codd.:

211 2723 241 2748 si
251 2722 295 2749 vis
314 2722 345 2750 in
359 2722 514 2750 iudicium.
595 2730 640 2750 20.
652 2724 698 2750 A:
713 2731 817 2758 super.
873 2731 919 2757 24.
934 2725 978 2751 A:
994 2732 1068 2751 suos
1080 2723 1284 2761 vz'veresacz't.
1340 2725 1387 2752 26.
1401 2725 1498 2753 Codd.
1513 2735 1519 2753 :

211 2757 433 2818 ugcaiieddeest.
505 2755 551 2792 34.
568 2757 707 2785 B:erant
720 2758 814 2785 deest.
887 2757 934 2793 34,
950 2757 990 2786 35.
1007 2758 1046 2785 B:
1065 2760 1338 2794 persequebantur.
1413 2759 1457 2795 37.
1474 2761 1519 2787 A:

210 2799 220 2817 ι
262 2799 293 2818 es
346 2800 371 2819 e.

287 2862 335 2883 xo.
362 2852 429 2893 Op.
456 2852 541 2893 Imp.
568 2862 599 2893 p.
627 2852 760 2884 CXCV.

1763 245 1810 281 91

1566 937 1770 973 Chrysostom
1782 947 1788 965 ε

1572 971 1639 999 The
1660 971 1785 999 Church

1574 1006 1745 1069 likcssgiji.to
1766 1016 1782 1034 a
