1986 3289
153 201 201 238 38

200 1013 226 1042 3.
246 1013 380 1041 Prelates

158 1053 317 1085 persecute
336 1047 426 1074 those

169 1085 241 1111 who
261 1083 348 1110 teach
368 1081 417 1108 the

183 1124 251 1146 true
272 1125 360 1144 sense
380 1116 415 1143 of

211 1152 382 1187 Scripture.

761 207 878 242 opus
905 207 1241 241 EVANGEmcuM
1270 208 1352 240 ΜΒ.
1381 208 1434 240 111.
1587 196 1696 249 [CAP.
1719 202 1755 232 x.

441 318 566 353 Deum
613 315 756 353 Israel.
801 316 864 352 Sic
897 317 1099 353 decretiste
1136 317 1200 365 qui
1231 317 1406 353 Israelite
1437 324 1524 352 sunt
1568 316 1603 351 in
1643 324 1759 364 parte

440 375 568 424 quoad
600 375 705 409 illam
737 381 893 422 partem
936 374 1097 411 sciencie
1138 386 1251 423 quam
1285 388 1306 410 a
1342 375 1430 424 lege
1464 374 1624 410 Domini
1653 386 1759 410 acce-

434 439 580 481 perunt
623 439 658 468 et
701 432 880 482 Egypcii
920 433 1048 481 quoad
1090 432 1198 468 illam
1241 439 1395 482 partem
1469 444 1581 480 quam
1624 432 1762 468 habent

440 503 462 526 a
505 489 697 539 sapiencia
746 491 955 536 mundana,
1000 490 1269 539 blasphemant
1313 491 1438 526 Deum
1480 490 1617 536 Israel,
1670 491 1760 525 dum

442 549 567 598 legem
602 559 714 596 quam
762 547 842 596 ipse
887 548 1004 594 dedit,
1044 548 1201 598 paleam
1250 555 1387 584 vocant
1431 548 1540 595 quasi
1577 547 1762 593 inutilem,

442 619 527 642 cum
572 613 698 641 tamen
743 606 901 655 legatur
944 605 1043 642 Isaie
1081 606 1265 652 XLVIII,
1300 616 1368 654 17:
1413 605 1504 657 Ego
1538 606 1645 641 Deus
1677 612 1764 641 tuus

444 665 582 700 docens
626 671 661 699 te
704 663 835 708 utilia,·
886 664 996 712 quasi
1038 664 1175 713 pocius
1214 664 1328 713 palee
1379 671 1480 711 sunt,
1534 664 1580 700 de
1631 663 1764 712 quibus

443 721 612 757 Matthei
642 721 710 767 III,
746 730 811 756 12:
844 721 985 757 Paleas
1016 729 1141 757 autem
1175 723 1373 757 comburet
1406 722 1495 773 igne
1526 721 1763 772 inextingui-

444 780 529 825 bili;
575 786 610 815 et
641 779 902 829 Augustinus:
947 779 989 814 Si
1013 780 1152 828 paleas
1194 780 1378 829 sequeris,
1420 781 1536 829 palea
1570 779 1764 830 efficieris.

444 840 494 874 Et
527 836 733 874 concludit
757 836 990 873 Parisiensis
1023 839 1133 885 quod
1155 838 1317 874 sciencia
1342 839 1587 874 decretorum
1615 837 1766 874 mobilis

445 903 513 941 est,
549 903 718 942 terrena,
751 895 1001 940 tumultuosa,
1035 895 1209 946 inflativa
1242 903 1277 931 et
1307 896 1449 944 absque
1481 895 1697 944 reseccione
1729 903 1767 931 et

447 954 625 990 declarat
658 954 851 989 membra.

505 1011 650 1048 Tercio
703 1010 982 1059 principaliter
1032 1019 1143 1059 patet
1195 1012 1304 1059 quod
1362 1011 1547 1047 moderni
1609 1019 1768 1059 satrape

450 1070 643 1106 claudunt
691 1070 767 1105 hoc
812 1081 979 1117 regnum
1026 1069 1202 1105 celorum
1248 1081 1320 1117 per
1358 1070 1433 1106 hoc
1466 1070 1574 1117 quod
1606 1081 1767 1105 sensum

450 1127 568 1163 huius
612 1126 810 1175 scripture
855 1136 892 1163 et
939 1127 1185 1175 professores
1232 1126 1315 1163 eius
1362 1126 1637 1176 multipliciter
1680 1139 1769 1175 per-

451 1194 689 1234 sequuntur,
723 1193 768 1220 ut
801 1184 855 1220 hii
889 1184 1028 1221 dicunt
1060 1185 1100 1221 in
1132 1184 1249 1221 scolis
1283 1187 1390 1234 quod
1424 1185 1623 1234 scriptura
1655 1197 1769 1221 sacra

452 1253 510 1280 est
541 1242 776 1290 falsissima;
811 1244 879 1279 sed
912 1252 1073 1291 oportet
1105 1243 1188 1279 eius
1227 1255 1387 1279 sensum
1421 1256 1493 1291 per
1525 1256 1638 1280 suam
1671 1242 1769 1291 logi-

453 1314 540 1338 cam
575 1300 776 1349 coaptari3
823 1310 860 1337 et
904 1301 960 1337 sic
1004 1300 1107 1349 perit
1150 1301 1348 1349 scripture
1392 1314 1505 1338 sacre
1537 1300 1769 1346 auctoritas,

451 1369 494 1396 ut
527 1368 638 1407 patet
671 1358 898 1407 specialiter
931 1361 978 1395 de
1002 1358 1199 1407 quiditate
1221 1359 1351 1396 hostie
1375 1368 1620 1396 consecrate.
1656 1360 1771 1396 Unde

452 1419 541 1466 plus
575 1419 744 1454 credunt
778 1417 1025 1465 exposicioni
1058 1417 1253 1454 Johannis
1299 1418 1346 1453 de
1379 1420 1463 1454 Deo
1497 1417 1564 1466 qui
1598 1416 1772 1453 heretice

453 1475 574 1512 sensit
621 1477 729 1524 quod
773 1475 898 1512 nichil
942 1477 1242 1512 demonstratur
1281 1476 1357 1511 hoc
1389 1475 1650 1523 pronomine:
1684 1475 1773 1511 Hoc

455 1541 510 1570 est
541 1546 683 1583 corpus
715 1546 854 1578 meum,
890 1542 928 1569 et
952 1535 1278 1581 quandocunque
1310 1533 1510 1581 scriptura
1534 1533 1630 1570 dicit
1662 1532 1771 1569 illam

455 1591 627 1628 hostiam
681 1604 765 1628 esse
804 1604 959 1641 panem,
1011 1600 1055 1627 ut
1101 1593 1229 1627 Lucas
1257 1604 1398 1641 panem
1451 1592 1684 1628 cotidianum
1737 1599 1774 1627 et

454 1650 671 1698 Apostolus
716 1662 854 1699 panem
902 1661 1010 1698 quem
1039 1650 1291 1699 frangimus,
1336 1651 1411 1686 hoc
1446 1658 1515 1695 est,
1548 1658 1593 1685 ut
1626 1649 1775 1697 glossat

455 1707 669 1755 hereticus,
702 1707 888 1745 accidens
922 1707 1006 1743 sine
1038 1707 1219 1744 subiecto
1253 1709 1363 1756 quod
1395 1720 1476 1744 non
1510 1707 1658 1755 poterit
1691 1718 1775 1744 esse

455 1766 581 1814 panis.

513 1824 632 1860 Tales
665 1833 757 1860 sunt
789 1824 914 1860 multe
946 1824 1075 1871 glosse
1108 1823 1296 1870 heretice,
1343 1823 1435 1860 fidei
1474 1822 1670 1871 scripture
1703 1822 1775 1859 im-

457 1882 600 1931 posite,
646 1891 688 1918 ut
734 1891 844 1930 patet
888 1881 1065 1918 studenti
1112 1881 1153 1917 in
1196 1881 1349 1929 legibus
1394 1881 1645 1918 Antichristi.
1695 1883 1776 1918 Nec

458 1941 589 1976 solum
635 1940 708 1976 iste
752 1941 858 1987 leges
902 1939 1085 1976 inficiunt
1131 1941 1234 1977 hanc
1280 1939 1536 1987 scripturam,
1570 1941 1638 1976 sed
1671 1939 1776 1987 leges

460 1998 611 2044 civiles,
644 1998 750 2045 leges
783 2010 1013 2045 regnorum,
1043 1997 1172 2046 logica
1206 2007 1243 2034 et
1275 1997 1446 2034 sciencie
1479 1997 1776 2042 mathematice,

460 2058 555 2092 dum
589 2057 823 2102 abutuntur,
869 2068 950 2092 non
984 2057 1033 2092 ad
1073 2057 1267 2092 honorem
1309 2055 1425 2091 huius
1465 2055 1619 2091 domini
1651 2055 1779 2103 appli—

461 2123 560 2150 cate.
599 2116 647 2149 Et
680 2114 821 2150 fratres
854 2113 922 2162 qui
955 2123 1046 2149 sunt
1078 2115 1206 2150 cauda
1252 2113 1367 2149 huius
1401 2113 1542 2161 capitis
1575 2114 1779 2150 defamant

462 2172 611 2217 fideles,
645 2181 825 2207 tenentes
857 2172 1103 2208 sentenciam
1137 2172 1254 2208 huius
1287 2171 1397 2219 regni
1429 2180 1634 2219 tamquam
1669 2172 1780 2207 here-

462 2230 575 2275 ticos,
611 2238 647 2265 et
680 2239 972 2277 consequenter
1005 2230 1270 2266 citacionilms
1295 2229 1443 2265 frivolis
1477 2238 1514 2265 et
1537 2229 1623 2265 aliis
1646 2241 1778 2276 perse-

464 2287 698 2323 cucionibus
730 2288 908 2324 subdolis
941 2297 1134 2336 quantum
1169 2287 1373 2323 sufficiunt
1405 2288 1651 2334 professores
1684 2287 1780 2323 istos

465 2345 742 2393 multipliciter
774 2346 1052 2394 insequuntur.

522 2405 603 2439 Nec
637 2412 694 2439 est
727 2403 863 2451 lingua
894 2405 956 2440 vel
1000 2413 1159 2450 tempus
1192 2403 1393 2439 sufficiens
1425 2415 1590 2439 narrare
1623 2403 1780 2438 hereses

466 2474 543 2508 que
576 2461 898 2508 germinaverant
943 2463 991 2497 de
1037 2461 1111 2496 hiis
1155 2461 1286 2506 sectis,
1332 2470 1374 2496 ut
1410 2470 1561 2497 sectam
1596 2473 1709 2497 suam
1744 2469 1781 2496 et

536 2661 566 2686 4.
588 2654 632 2680 A:
654 2653 856 2687 blasphemat.
957 2654 995 2680 13.
1016 2655 1044 2680 A
1064 2654 1093 2680 in
1111 2662 1226 2688 marg:
1248 2662 1280 2688 3.
1385 2661 1427 2680 22.
1449 2656 1480 2680 et
1497 2655 1782 2689 quomodocunque.

469 2688 513 2715 28.
534 2689 578 2715 A:
600 2691 632 2715 ul
646 2691 735 2723 patet
755 2688 847 2715 deest.

473 2818 480 2847 1
522 2782 594 2848 (Au).
623 2772 673 2848 {fi
700 2772 918 2821 Triaffigum,
946 2783 1022 2813 pag.
1064 2772 1140 2811 251,
1169 2772 1245 2813 264.
1440 2773 1492 2804 23.
1523 2773 1636 2803 Lucae
1663 2772 1717 2811 Xl,
1746 2773 1781 2810 3;

486 2841 493 2848 .
539 2819 598 2848 ‘‹›r.
659 2843 665 2857 ,
699 2823 745 2848 Μ),

1786 848 1824 868 10

1789 1126 1824 1158 15

1788 1427 1830 1448 20

1791 1712 1830 1745 25

1794 2004 1836 2036 30

1797 2292 1835 2325 35
