1986 3289
236 222 323 249 (ΖΑΓ.
354 211 504 268 XXX111·]
600 225 658 256 DE
687 225 1002 255 AN'l'lCHRlS'l'O
1032 225 1114 255 ΗΒ.
1143 225 1163 255 I.
1752 227 1819 254 121

289 332 415 378 Super
460 343 539 378 quo
578 331 833 377 Jeronymus:
881 331 957 365 Per
1002 331 1199 379 apostolos
1243 331 1410 367 oninium
1456 343 1539 367 cre·
1623 338 1760 365 Jer0me2

233 389 405 424 dencium
434 400 603 437 persona
639 388 878 438 designatur,
925 401 996 424 non
1037 390 1138 437 quod
1169 401 1211 425 eo
1244 396 1417 438 tempore
1448 402 1539 437 apo·
1561 372 1752 434 Τέᾏεάζζὲζέἒ
1772 381 1822 434 tage

229 446 319 482 stoli
344 446 379 481 in
408 458 573 495 corpore
596 446 814 495 reperiendi
834 446 920 483 sint.
954 446 1006 482 Et
1028 447 1203 494 quoniam
1227 445 1435 483 abundabit
1457 454 1540 493 ete,
1587 442 1639 504 1¹3¹ssss
1660 443 1802 513 2331531110155

229 515 305 540 non
349 504 515 539 omnium
560 503 717 553 negavit
748 503 872 553 fidem
911 505 979 539 sed
1015 505 1238 541 multorum.
1283 504 1403 540 Multi
1442 505 1538 540 enim
1554 512 1603 538 the
1624 512 1723 550 whole
1746 512 1825 547 body

197 564 315 597 §sunt
362 561 498 607 vocati,
538 562 656 610 pauci
697 573 789 597 vero
828 562 946 598 electi.
994 562 1095 597 Nam
1135 570 1170 598 et
1208 563 1243 598 in
1283 563 1468 611 apostolis
1507 570 1542 598 et
1585 547 1619 574 of
1636 546 1794 574 behevers.

228 619 415 655 similibus
447 632 580 655 eorum
610 631 871 668 permansura
905 627 960 654 est
992 620 1149 666 caritas,
1184 621 1230 656 de
1258 633 1329 669 qua
1352 621 1540 670 scriptum

229 684 303 713 est:
347 677 451 725 Aque
494 677 611 713 nzulte
649 689 720 712 non
750 685 935 725 poterunt
967 678 1197 727 extinguere
1229 678 1444 716 caritatem.
1491 679 1542 714 Et

229 735 308 783 ipse
330 735 494 770 Paulus:
531 735 626 777 Quis
658 747 725 770 nos
757 735 953 783 separabit
985 748 1005 770 a
1039 736 1203 771 caritate
1229 736 1385 781 Christi,
1421 736 1540 772 tribu-

229 793 339 839 lacio,
373 805 420 828 an
452 793 647 842 angustia,
680 806 727 827 an
748 793 884 840 fames
916 801 950 828 et
983 793 1162 841 reliqua?
1195 794 1246 829 Et
1275 794 1543 842 predicabitur

176 851 300 886 1olzoc
332 851 574 900 evangelium
608 858 676 886 etc.
712 851 874 900 Signum
909 851 1096 886 adventus
1123 852 1310 887 *dominici
1341 860 1395 888 est
1427 865 1539 888 evan-

229 908 373 957 gelium
408 908 443 943 in
483 916 560 943 toto
601 908 693 943 orbe
726 908 940 957 predicari,
981 916 1020 943 ut
1058 909 1185 945 nullus
1216 910 1264 945 sit
1296 910 1539 956 excusabilis,

229 966 330 1014 quod
372 974 444 1004 aut
484 966 558 1001 iam
605 967 834 1014 completum
885 974 950 1001 aut
992 967 1027 1001 in
1066 967 1175 1002 brevi
1222 968 1414 1004 ceruimus
1461 980 1541 1004 esse

229 1023 511 1072 complendum.
546 1024 634 1059 Non
667 1024 763 1059 enim
793 1031 888 1072 puto
921 1024 1089 1073 aliquam
1125 1025 1356 1061 remansisse
1385 1034 1539 1076 gentem

228 1093 298 1129 que
335 1080 481 1117 Christi
516 1093 650 1117 nomen
690 1082 855 1132 ignoret.
904 1081 956 1118 Et
995 1095 1224 1131 quamquam
1258 1096 1331 1119 non
1365 1085 1541 1120 habuerit

176 1139 525 1187 15predz'cat0reni,
559 1147 685 1175 tamen
719 1151 769 1175 ex
801 1139 931 1175 vicinis
964 1140 1183 1177 nacionibus
1216 1141 1427 1190 opinionem
1440 1142 1543 1191 fidei

229 1209 299 1232 non
328 1204 456 1245 potest
488 1197 689 1246 ignorare.
724 1198 806 1233 Hec
839 1199 1087 1245 Jeronymus.

286 1255 453 1290 Videtur
494 1255 612 1290 istum
654 1263 837 1290 sanctum
878 1268 949 1303 per
989 1257 1059 1292 hec
1099 1258 1218 1292 verba
1253 1256 1399 1293 Christi
1434 1256 1540 1293 dicta

230 1312 421 1359 apostolis
453 1312 685 1348 notabiliter
718 1312 937 1360 intelligere
961 1326 1174 1361 personam
1199 1327 1361 1350 suorum
1386 1327 1540 1351 succes-

226 1382 359 1405 sorum
406 1370 444 1405 in
482 1383 670 1418 processu
716 1370 908 1418 temporis
942 1371 1191 1419 futurorum
1238 1381 1275 1408 et
1321 1372 1376 1409 sic
1421 1374 1539 1409 verba

173 1428 375 1463 20Christi
423 1436 590 1476 possunt
637 1440 730 1464 sane
774 1428 942 1476 intelligi
987 1442 1032 1465 ac
1072 1430 1102 1465 si
1142 1431 1270 1466 forent
1308 1430 1363 1466 illi
1408 1431 1540 1467 future

230 1486 395 1521 ecclesie
427 1486 641 1533 applicata.

287 1543 556 1580 Crisostomus
605 1552 736 1580 autem
791 1558 909 1592 super
961 1545 1036 1581 isto
1090 1554 1194 1581 textu
1243 1545 1298 1582 sic
1342 1546 1537 1594 loquitur:
1581 1561 1802 1597 chrysostom:

228 1601 424 1637 Existimo
469 1602 571 1649 quod
609 1602 668 1637 hic
708 1603 782 1638 iam
823 1603 948 1652 deficit
986 1603 1183 1651 exposicio
1223 1605 1455 1653 corporalis,
1500 1611 1539 1640 ut
1580 1597 1681 1624 These
1700 1597 1804 1624 words

230 1659 275 1694 de
317 1666 488 1708 tempore
532 1660 598 1695 illo
644 1660 817 1696 dicamus
861 1673 931 1709 quo
975 1661 1191 1696 Jerusalem
1246 1669 1357 1710 capta
1411 1669 1466 1698 est
1516 1675 1537 1697 a
1571 1631 1806 1693 dlliolffiteafglll)

172 1719 211 1751 25
230 1717 427 1763 Romanis,
459 1729 510 1753 ex
541 1730 582 1753 eo
616 1719 717 1765 quod
740 1718 860 1754 dixit:
899 1720 1001 1754 Tunc
1034 1719 1189 1754 tradent
1222 1731 1288 1755 vos
1320 1720 1354 1755 in
1378 1720 1539 1755 tribula-
1564 1702 1617 1762 b‘sstt
1633 1701 1818 1763 ’ἷὲἷῇῗὲιῗῗξς

228 1774 386 1820 cionem,
432 1776 608 1823 quoniam
654 1776 821 1824 apostoli
867 1784 901 1811 et
934 1777 1053 1812 ceteri
1095 1777 1298 1812 christiani
1341 1785 1428 1813 tunc
1467 1790 1539 1813 non
1582 1770 1802 1833 ἳῇἑῑὲῗὶῗξςῇῗ

228 1839 408 1881 ceperunt
442 1833 527 1881 pati
553 1834 877 1881 persecucionem,
915 1835 1067 1882 quando
1101 1834 1167 1869 illa
1202 1835 1327 1870 onznia
1360 1843 1542 1884 ceperunt

225 1891 437 1938 preparari
486 1899 619 1926 contra
663 1891 893 1937 Jerusalem,
953 1899 988 1927 et
1028 1904 1099 1927 non
1139 1893 1274 1941 pocius
1318 1894 1386 1928 sed
1430 1893 1540 1929 inicio

227 1959 277 1983 ex
299 1959 369 1996 quo
391 1948 568 1985 Christus
590 1949 772 1993 ascendit,
796 1949 893 1984 sicut
914 1957 1024 1985 actus
1046 1951 1311 1999 apostolorum
1336 1958 1538 1986 testantur.

172 2008 212 2040 30
228 2006 347 2041 Plane
379 2006 636 2054 spiritualiter
669 2007 855 2051 convenit,
898 2008 1051 2055 quando
1091 2008 1158 2043 hec
1199 2009 1325 2044 onznia
1359 2017 1542 2058 ceperunt

226 2063 325 2112 fieri
355 2071 488 2099 contra
542 2065 738 2100 ecclesiam
778 2064 936 2110 Christi,
988 2066 1028 2100 id
1059 2073 1125 2111 est,
1171 2067 1321 2114 quando
1360 2074 1541 2115 ceperunt

227 2133 308 2156 esse
340 2121 525 2171 dogmata
548 2122 659 2170 salsa
693 2122 803 2170 quasi
827 2123 1128 2171 pseudochristi,
1176 2125 1326 2172 quando
1358 2132 1541 2173 ceperunt

227 2178 447 2214 audiciones
469 2179 577 2228 fieri,
619 2180 770 2228 quando
810 2180 947 2229 incepit
990 2181 1199 2231 insurgere
1240 2182 1386 2218 heresis
1423 2194 1541 2231 super

228 2236 392 2272 heresim
433 2244 468 2272 et
500 2237 742 2285 episcopatus
780 2250 899 2287 super
930 2239 1205 2287 episcopatum,
1247 2240 1398 2288 quando
1422 2240 1539 2288 facta

171 2295 209 2327 35
227 2301 281 2329 est
304 2294 441 2342 fames
474 2295 581 2330 verbi
611 2295 646 2329 in
677 2296 821 2344 populo
853 2296 1076 2341 christiano,
1109 2298 1260 2345 quando
1289 2298 1539 2347 comprehen-

228 2352 367 2387 derunt
411 2364 473 2387 eos
511 2353 732 2400 pestilencie
770 2353 954 2389 viciorum
998 2354 1219 2400 multorum,
1258 2356 1411 2404 quando
1434 2356 1543 2404 facti

226 2416 313 2444 sunt
356 2409 409 2445 eis
454 2417 687 2446 terremotus
719 2411 984 2447 turbacionunz
1030 2412 1076 2448 de
1109 2413 1222 2448 rebus
1255 2413 1407 2460 divinis,
1452 2420 1540 2450 tunc

296 2575 315 2593 ι.
336 2568 364 2594 Α
384 2567 543 2602 inma1-g.:
563 2566 756 2603 Jeronymus.
863 2576 888 2596 2.
916 2570 959 2596 A:
986 2572 1144 2605 szgnatur.
1248 2578 1277 2604 9.
1305 2571 1343 2597 B:
1370 2579 1411 2598 an
1428 2571 1538 2606 fames

226 2601 320 2628 deest.
422 2609 460 2628 10.
482 2603 527 2628 A:
555 2602 613 2629 lto:
633 2604 829 2638 evangelium
850 2604 945 2631 deest.
1046 2612 1083 2631 12.
1104 2606 1148 2632 A:
1170 2605 1232 2632 iam
1253 2608 1348 2632 deest.
1449 2614 1487 2640 17.
1510 2607 1538 2633 A

226 2636 256 2662 in
278 2644 391 2671 marg:
411 2636 577 2664 Johannes.
683 2645 725 2665 22.
747 2639 775 2666 A
795 2638 825 2665 in
848 2646 962 2672 marga
988 2638 1202 2666 Crisostomus.
1287 2641 1333 2667 26.
1355 2640 1393 2667 B:
1416 2641 1538 2675 quando

228 2672 371 2704 apostoli.
470 2671 585 2706 27—28.
614 2673 660 2699 A:
684 2673 965 2708 quaudo—pocius
986 2674 1081 2701 deest.
1172 2682 1215 2709 27.
1239 2674 1276 2701 B:
1298 2676 1451 2709 quomodo
1472 2675 1535 2702 illa.

226 2704 268 2732 33.
289 2705 328 2732 B:
348 2714 489 2742 surgere.

309 2799 333 2819 1.
365 2789 502 2820 Comm.
525 2790 555 2820 in
577 2790 694 2822 Matth.
723 2791 743 2821 l.
764 2801 791 2822 c.
818 2802 894 2833 pag.
924 2793 1113 2834 193—194.
1210 2803 1240 2833 7.
1270 2792 1366 2823 Cant.
1392 2793 1480 2833 VIII,
1507 2803 1537 2834 7.

230 2833 261 2865 8.
294 2835 394 2866 Rom.
421 2836 493 2875 VII,
528 2835 580 2869 35.
656 2838 708 2869 23.
736 2837 802 2878 Op.
830 2838 914 2878 Imp.
943 2838 962 2869 Ι.
993 2848 1019 2869 c.
1048 2848 1079 2879 p.
1107 2839 1171 2880 943
1200 2839 1315 2879 (CCI).
