1986 3289
208 235 296 263 CAP.
319 224 429 280 xm]
588 237 646 269 DE
674 236 988 268 ANTicnaisTo
1017 236 1100 268 ΜΒ.
1128 237 1151 267 1.

209 343 472 381 circumstans
501 351 634 391 posset
663 351 744 379 tam
776 342 947 379 faciliter
974 342 1196 379 assimilare
1212 347 1256 378 ‘et
1280 341 1518 378 assistencia

209 400 387 449 corporis
421 410 458 437 et
490 399 695 448 sanguinis
729 400 892 436 Domini
925 413 1002 437 non
1036 400 1257 448 repugnat?

265 461 314 495 Et
346 458 451 495 istud
486 458 698 495 confirmat
731 458 858 494 fidelis
896 457 1021 494 tercio
1060 471 1131 506 per
1164 458 1239 494 hoc
1272 458 1381 506 quod
1414 466 1515 494 esset

208 517 412 565 Scripture
431 529 542 553 sacre
575 515 880 561 consonancius,
905 529 926 552 a
950 515 1193 564 decepcione
1216 515 1515 563 discrepancius

175 579 245 611 5et
284 574 545 622 undiquaque
579 573 737 622 dignius
778 575 886 622 quod
927 586 1071 622 corpus
1105 582 1141 609 et
1174 573 1335 621 sanguis
1369 573 1515 609 Christi

206 632 262 668 ibi
307 632 568 669 coexisterent
616 644 706 668 cum
751 631 981 668 substancia
1020 644 1141 680 quam
1182 631 1392 678 sentimus3
1443 643 1516 668 nec

206 691 310 727 valet
353 690 542 726 fundacio
581 689 699 726 huius
738 689 883 726 ficticie
927 689 1174 737 sompniate:
1221 702 1315 737 ergo
1353 689 1420 725 illa
1452 688 1516 725 via

207 747 454 796 probabilior
517 756 574 783 est
637 747 778 795 pocius
835 748 1062 784 asserenda.
1127 748 1242 784 Unde
1299 747 1516 794 Apostolus

208 808 219 841 Ι
254 807 343 842 Cor.
376 807 439 850 XI,
475 815 525 841 22
567 806 615 841 de
654 805 964 842 consecracione
1004 804 1119 841 huius
1161 804 1290 842 hostie
1329 804 1426 841 dicit
1458 804 1516 841 in-

154 877 192 898 xo
208 863 406 911 crepative
450 865 558 911 quod
603 876 700 899 unus
745 864 865 899 esurit
912 871 947 899 et
990 863 1090 899 alius
1128 864 1257 899 ebrius
1289 870 1365 908 est;
1408 864 1516 911 quod

207 921 364 957 videtur
387 921 540 969 glosam
563 921 768 957 Ambrosii
791 921 936 958 sentire
960 920 1127 969 exprimi
1151 922 1201 957 ad
1224 922 1330 957 hunc
1352 933 1514 957 sensum

207 980 315 1027 quod
349 979 466 1015 Greci
499 979 540 1015 in
573 988 755 1027 tempore
787 979 973 1027 Apostoli
1005 979 1182 1015 tulerunt
1222 980 1272 1015 ad
1305 979 1514 1016 ecclesiam

207 1036 352 1084 singuli
398 1049 542 1085 panem
590 1046 627 1074 et
670 1037 804 1073 vinum
845 1050 960 1073 suum
1002 1045 1039 1073 et
1071 1045 1198 1073 totum
1234 1037 1308 1073 fuit
1339 1036 1515 1082 insimul,

206 1094 308 1130 sicut
353 1094 549 1143 contingit
600 1095 641 1131 in
686 1095 748 1131 die
793 1094 1096 1131 Purificacionis
1147 1094 1326 1144 virginis,
1379 1107 1516 1131 conse-

154 1155 190 1187 15
208 1161 378 1189 eratum.
425 1155 473 1189 Et
505 1162 600 1189 tunc
633 1152 909 1201 unusquisque
950 1161 1041 1201 post
1074 1152 1423 1190 consecracionem
1459 1161 1517 1189 at-

205 1210 295 1246 tulit
327 1223 473 1258 panem
507 1219 543 1247 et
575 1210 710 1247 vinum
745 1223 859 1247 suum
894 1219 1111 1257 sacratum,
1160 1220 1197 1247 et
1229 1211 1284 1247 sic
1320 1223 1517 1259 pauperes

208 1269 431 1304 habuerunt
463 1278 761 1305 sacramentum
796 1282 912 1305 suum
943 1281 1110 1317 parcum
1141 1278 1177 1305 et
1201 1269 1343 1319 debile,
1377 1268 1517 1305 divites

206 1338 299 1362 vero
344 1327 570 1363 habuerunt
613 1335 909 1364 sacramentum
957 1340 1073 1363 suum
1121 1340 1309 1375 magnum
1358 1336 1395 1363 et
1433 1327 1517 1363 lau-

208 1383 359 1430 dabile3
410 1393 448 1420 et
491 1384 547 1421 sic
596 1397 687 1421 cum
732 1384 992 1421 inhauserant
1041 1394 1171 1422 totum
1217 1394 1514 1422 sacramentum

152 1454 193 1475 20
207 1455 340 1488 suum,
375 1450 591 1490 antequam
627 1443 674 1479 de
713 1442 880 1479 ecclesia
914 1442 1104 1490 exierunt,
1144 1456 1247 1480 unus
1278 1443 1352 1479 fuit
1385 1442 1517 1480 ebrius

209 1508 247 1536 et
290 1499 393 1536 alius
438 1500 531 1537 satis
576 1500 766 1537 esuriens(
814 1501 1032 1549 Apostolus
1080 1510 1214 1538 autern
1261 1501 1292 1537 si
1338 1500 1516 1538 scivisset

208 1557 323 1594 istam
348 1557 468 1594 fuisse
491 1558 662 1595 heresim
686 1558 814 1606 ipsam
841 1559 977 1595 Grecis
1002 1558 1188 1595 fidelibus
1210 1571 1292 1596 non
1314 1559 1515 1605 tacuisset,

209 1615 362 1652 dicens:
403 1616 540 1652 Laudo
574 1617 671 1653 vos?
708 1617 744 1652 in
779 1617 850 1653 hoc
882 1629 954 1653 non
988 1617 1117 1663 laudo,
1162 1618 1231 1654 sed
1265 1629 1331 1653 eos
1365 1617 1405 1653 in
1439 1617 1516 1653 fide

208 1674 257 1709 de
301 1682 556 1710 sacramento
601 1673 876 1711 accidencium
922 1674 1196 1723 informasset3
1249 1676 1355 1711 unde
1400 1674 1516 1711 Greci

152 1735 192 1767 25
207 1743 289 1767 non
322 1731 470 1767 mirum
509 1744 634 1781 usque
672 1732 793 1768 hodie
833 1732 1015 1769 derident
1047 1742 1227 1770 nostram
1263 1732 1434 1769 heresim
1469 1734 1516 1769 de

208 1788 480 1827 accidentibus
514 1802 589 1838 que
621 1802 840 1828 sacramus,

266 1848 315 1883 Et
346 1847 402 1883 sic
434 1856 566 1896 potest
599 1847 732 1896 colligi
766 1850 873 1897 quod
914 1847 1120 1896 multiplex
1158 1848 1208 1885 sit
1242 1861 1361 1885 causa
1395 1861 1517 1896 quare

207 1904 268 1940 via
306 1917 459 1952 ponens
496 1905 632 1942 vinum
673 1914 710 1942 et
747 1919 891 1954 panem
932 1918 1140 1943 remanere
1179 1915 1269 1954 post
1308 1918 1517 1943 consecra-

207 1961 364 1999 cionem
388 1963 438 1999 sit
466 1963 724 2000 racionabilis
749 1972 786 2000 et
808 1966 995 2010 tenenda,
1030 1964 1161 2012 prima
1194 1964 1288 2012 quia
1322 1972 1517 2001 consonat

152 2026 298 2057 3overe
341 2021 587 2069 experiencie
632 2030 669 2058 et
707 2022 785 2058 alia
830 2023 877 2058 de
921 2021 1198 2059 accidentibus
1243 2034 1313 2070 per
1353 2035 1393 2058 se
1432 2022 1516 2058 sine

207 2077 367 2115 racione
406 2079 466 2115 vel
506 2079 709 2116 evidencia
753 2080 855 2116 foret
894 2080 998 2118 ficta.
1042 2081 1227 2117 Secunda
1266 2092 1388 2116 causa
1422 2079 1516 2128 quia

209 2135 359 2183 posicio
411 2149 562 2185 ponens
619 2136 787 2174 istarum
840 2138 1161 2174 substanciarum
1216 2138 1515 2174 remanenciam

209 2203 403 2231 consonat
443 2208 530 2231 cum
573 2195 789 2243 scriptura3
836 2204 873 2232 et
910 2195 984 2232 ista
1025 2196 1116 2233 ficta
1156 2204 1214 2232 est
1253 2195 1515 2232 infundabilis

209 2263 252 2287 ex
286 2253 445 2298 eadem;
480 2261 516 2288 et
548 2261 683 2289 tamen
719 2256 776 2299 (ut
798 2253 1043 2300 Augustinus
1075 2266 1168 2301 sepe
1201 2253 1354 2300 asserit)
1388 2253 1518 2290 omnis

153 2312 192 2345 35
208 2308 353 2346 veritas
392 2319 429 2346 et
467 2310 693 2358 specialiter
731 2310 822 2347 fidei
861 2311 1087 2348 necessaria
1121 2320 1178 2348 est
1210 2311 1250 2347 in
1283 2311 1370 2359 illa3
1416 2325 1514 2361 quo-

209 2368 330 2403 modo
354 2380 446 2415 ergo
470 2377 602 2415 posset
624 2368 845 2405 catholicus
874 2381 1061 2406 excusare
1094 2369 1290 2417 Spiritum
1323 2371 1514 2406 Sanctum

208 2432 245 2460 et
289 2425 388 2461 alios
432 2425 692 2473 evangelistas
741 2439 783 2463 ex
828 2426 1009 2463 tacencia
1052 2427 1283 2464 huiusmodi
1315 2427 1516 2465 veritatis?

263 2483 406 2519 Tereia
445 2496 565 2520 causa
604 2492 660 2520 est
693 2485 800 2532 quod
838 2483 940 2521 sicut
972 2487 1077 2535 Deus
1110 2498 1190 2522 non
1223 2494 1355 2533 potest
1386 2486 1516 2522 facere

207 2538 360 2589 aliquid
398 2540 483 2577 sine
523 2553 656 2588 causa,
699 2541 755 2580 sic
792 2555 874 2579 non
912 2551 1044 2591 potest
1075 2542 1160 2580 sine
1194 2555 1314 2580 causa
1347 2543 1517 2581 notabili

208 2720 212 2724 Ι
275 2684 300 2712 3.
320 2686 378 2724 'At
408 2685 602 2721 confirmant.
709 2694 757 2722 29.
783 2688 812 2715 A
838 2687 868 2715 in
895 2695 1010 2723 marg.:
1040 2696 1062 2715 ι.
1164 2686 1203 2715 31.
1230 2688 1259 2715 A
1285 2689 1316 2716 in
1343 2696 1455 2724 marg:
1488 2695 1515 2715 2.

206 2718 250 2747 38.
271 2721 300 2747 A
319 2728 348 2747 1n
370 2728 484 2755 marg.:
504 2729 538 2755 3.

281 2813 330 2834 11.
357 2805 404 2835 St.
428 2804 603 2835 Ambrosii
623 2805 819 2836 Comment.
838 2806 870 2836 in
892 2806 956 2847 Ep.
975 2807 985 2837 l
1005 2807 1047 2837 ad
1068 2807 1147 2841 Cor.
1171 2808 1231 2847 XI,
1257 2813 1342 2838 tom.
1361 2807 1414 2846 ΙΙΙ,
1440 2805 1516 2839 385.

207 2849 284 2888 (Ed.
313 2849 406 2880 Paris
438 2849 547 2891 1642).
670 2852 723 2883 23.
751 2852 773 2882 1.
802 2851 880 2884 Cor.
907 2853 961 2892 XI,
990 2862 1043 2883 22.

1728 227 1798 262 155

1540 465 1692 492 Evidence
1712 465 1791 491 from

1588 499 1620 528 S.
1642 499 1742 526 Paul's

1530 535 1656 569 phrase:
1679 534 1758 561 ‘One
1779 533 1804 560 is

1554 568 1704 597 drunken'
1724 573 1779 596 etc.

1637 1865 1704 1893 The

1541 1901 1745 1928 continuancc
1765 1901 1801 1927 of

1550 1936 1600 1963 the
1620 1935 1713 1962 bread
1735 1935 1795 1962 and

1607 1970 1687 1997 wine
1707 1970 1732 1997 is

1537 2005 1705 2032 accordant
1726 2005 1797 2032 with

1577 2048 1686 2067 reason
1707 2039 1766 2067 and

1585 2075 1745 2110 scripture.
