1986 3289
206 253 293 280 cm.
321 243 473 296 Μίνω]
568 255 626 286 DE
655 254 968 286 ANTicfflusTo
998 255 1080 286 ΜΒ.
1108 256 1129 286 1.
1721 260 1798 298 253

205 371 242 398 et
275 361 342 398 alii
376 361 538 398 racione
570 360 797 409 gravedinis
830 361 984 408 peccati
1018 359 1197 409 preteriti
1221 363 1510 410 desperabunt3

205 429 242 457 et
275 419 476 456 sentencia
521 419 597 455 ista
628 419 783 456 videtur
817 419 1049 466 probabilis,
1103 419 1197 468 quia
1244 432 1371 468 prope
1405 419 1510 456 diem

203 477 340 515 iudicii
375 486 492 514 erunt
524 479 572 513 de
603 476 686 513 eius
719 476 952 513 assistencia
986 478 1074 525 plus
1098 479 1324 525 credentes;
1359 487 1396 514 et
1429 490 1512 514 cer-

76 538 160 583 4292‘
204 545 288 572 tum
314 544 371 572 est
394 537 503 584 quod
536 547 600 572 cre
628 530 633 587 Ι
662 534 808 571 dulitas
842 536 889 570 de
921 543 1033 571 tanto
1057 535 1226 572 articulo
1260 545 1297 572 et
1330 535 1511 573 homines

172 598 226 630 5a
259 594 433 642 peccatis
477 592 676 641 preteritis
722 591 923 629 revocabit
957 601 993 629 et
1026 593 1126 629 alios
1158 594 1276 630 faciet
1309 595 1357 630 de
1389 593 1512 630 beati-

204 651 342 688 tudine
376 653 606 699 despcrare3
661 659 697 687 et
730 650 786 686 illi
820 650 888 698 qui
921 650 1037 698 digne
1082 660 1176 688 tunc
1209 652 1333 689 locuti
1367 651 1512 688 fuerint

203 710 356 758 populo
389 711 553 747 verbum
587 708 765 753 Domini,
801 717 915 744 erunt
949 721 992 744 ex
1024 709 1159 746 officio
1191 711 1431 747 sacerdotes.

259 769 496 815 Jeronymus
542 776 676 804 autem
710 767 867 802 videtur
900 765 1031 803 dicere
1064 769 1173 815 quod
1206 767 1366 804 infamis
1399 768 1511 804 invo-
1544 783 1627 812 Need
1649 785 1683 812 of
1700 785 1793 820 good·

204 825 315 862 cacio
347 825 549 874 virginum
574 825 775 861 fatuarum
810 823 953 861 alludit
978 824 1104 873 priori
1136 826 1339 862 sentencie
1363 825 1511 862 Christi
1604 820 1718 847 works.

151 898 188 919 10
203 883 372 920 Matthei
404 885 484 929 VH,
532 894 603 919 21:
654 883 739 919 Non
785 882 907 918 omnis
940 883 1005 931 qui
1035 883 1133 920 dicet
1155 884 1299 920 michi:
1347 884 1513 920 Domine

202 941 381 987 Domine,
426 941 585 977 intrabit
616 942 651 976 in
696 952 861 992 regnum
895 941 1080 987 celorum,
1124 942 1194 977 sed
1224 942 1288 990 qui
1310 942 1414 990 facit
1447 954 1511 978 210-

202 999 385 1036 limtatem
413 1000 542 1049 patris
574 999 648 1035 mei
679 999 743 1047 qui
773 998 807 1033 in
841 998 932 1035 celis
964 1006 1029 1035 est.
1077 999 1183 1044 Quid
1217 1012 1314 1047 rogo
1347 1001 1512 1048 prodest

203 1057 331 1094 eciam
365 1057 626 1094 christianum
680 1057 720 1093 in
754 1069 850 1093 voce
897 1065 933 1093 et
967 1066 1164 1105 conceptu
1198 1057 1417 1094 Dominum
1452 1057 1510 1094 in-

201 1127 344 1152 vocare
379 1124 415 1151 et
459 1128 540 1151 non
586 1115 715 1151 vivere
747 1115 807 1151 vel
840 1115 969 1152 facere
1018 1117 1067 1151 ad
1101 1115 1509 1164 correspondenciam

151 1176 185 1208 15
203 1173 277 1209 hiis
311 1174 490 1210 duobus?
523 1175 603 1209 Nec
632 1173 789 1209 videtur
810 1174 1071 1221 Jeronymum
1097 1174 1372 1211 contradicere
1395 1186 1510 1222 supe-

203 1230 298 1267 riori
344 1232 545 1268 sentencie
592 1232 699 1279 quod
733 1231 927 1267 Dominus
971 1231 1096 1267 nescit
1140 1231 1227 1268 illas
1266 1231 1435 1280 virgines
1468 1244 1511 1268 ex

201 1289 386 1326 fatuitate
419 1292 468 1326 ad
494 1289 780 1326 beatitudinem
816 1290 1095 1336 assumendas3
1130 1298 1167 1325 et
1199 1289 1307 1326 illam
1333 1289 1510 1326 nescien-

204 1347 305 1384 ciam
339 1356 455 1384 vocat
486 1348 560 1383 iste
589 1355 749 1384 sanctus
783 1347 1075 1396 ignoranciam.
1110 1347 1258 1384 Finalis
1292 1360 1385 1396 ergo
1419 1348 1510 1384 hor-

203 1404 307 1442 tacio
331 1405 478 1442 Christi
512 1407 559 1441 de
591 1405 789 1453 spirituali
822 1405 955 1453 vigilia
989 1405 1157 1442 includit
1179 1405 1423 1442 evidenciam
1459 1407 1509 1442 ad

145 1477 187 1498 20
204 1463 341 1500 omnia
373 1463 449 1500 ista
481 1463 660 1512 pericula
694 1463 936 1499 evitandum.
978 1465 1025 1499 Et
1064 1463 1118 1500 sic
1152 1463 1422 1500 Crisostomus
1455 1463 1508 1499 vi-

203 1522 319 1558 detur
361 1534 451 1558 vere
494 1521 640 1558 sentire
674 1522 782 1570 quod
815 1533 954 1558 omnes
995 1522 1242 1569 dampnandi
1275 1534 1319 1558 ex
1352 1522 1509 1558 defectu

200 1579 396 1627 ymaginis
436 1579 583 1617 Christi
626 1579 796 1615 formate
845 1588 881 1615 et
925 1579 1074 1615 infideli
1114 1579 1355 1616 adherencia
1404 1579 1509 1616 hosti

200 1650 273 1674 suo
288 1637 514 1674 necessario
538 1638 878 1685 dampnabuntur.
914 1639 961 1673 Et
993 1637 1049 1674 sic
1079 1639 1328 1674 extendendo
1361 1649 1508 1674 nomen

200 1694 355 1731 videtur
387 1697 494 1744 quod
526 1707 646 1732 nemo
669 1695 956 1743 dampnabitur
979 1694 1054 1732 nisi
1078 1695 1277 1732 hereticus
1310 1708 1356 1732 ac
1380 1695 1506 1732 eciam

144 1752 386 1790 25infidelis.
435 1756 483 1789 Et
515 1753 570 1790 sic
604 1766 647 1789 ex
692 1753 768 1789 fide
802 1753 1052 1801 concipimus
1097 1754 1205 1802 quod
1237 1753 1278 1789 in
1311 1753 1378 1790 illa
1411 1754 1508 1789 hora

200 1823 281 1847 non
325 1812 511 1848 valebunt
557 1824 704 1859 pompe
747 1811 984 1848 Antichristi
1029 1813 1089 1848 vel
1133 1811 1255 1848 seculi
1300 1820 1337 1848 et
1382 1812 1508 1847 multo

200 1868 429 1905 evidencius
461 1882 541 1906 non
564 1869 783 1906 insolencia
817 1869 946 1906 carnis
979 1878 1126 1916 nostre,
1161 1870 1229 1905 sed
1260 1877 1358 1905 tune
1391 1870 1507 1917 plene

199 1936 236 1963 et
268 1927 441 1964 finaliter
473 1927 618 1964 veritas
651 1927 868 1976 superabit.

654 2087 791 2128 CAP.
824 2087 1047 2127 LXVIII.

141 2188 181 2219 30
255 2182 443 2230 Sequitur
475 2182 516 2218 in
549 2191 655 2218 textu
688 2181 872 2218 Matthei:
927 2182 1032 2217 Sicut
1063 2181 1160 2217 enim
1194 2182 1306 2217 homo
1335 2194 1508 2231 peregre
1535 2189 1659 2216 varable
1680 2189 1714 2216 of
1732 2190 1780 2216 1110

191 2240 443 2290 proficiscens
476 2241 625 2277 vocavit
662 2252 796 2276 servos
828 2252 917 2276 suos
948 2247 982 2276 et
1014 2239 1178 2275 tradidit
1209 2239 1286 2275 illis
1308 2239 1405 2275 bona
1436 2252 1505 2275 sua
1580 2224 1717 2275 ,¹³¹⁰¹¹¹⁵'

196 2305 231 2334 et
263 2299 328 2333 uni
359 2299 463 2334 dedit
495 2299 656 2347 quinque
702 2298 858 2345 talenta,
902 2298 970 2333 alii
1000 2305 1124 2333 autem
1166 2298 1254 2343 duo,
1307 2297 1374 2333 alii
1412 2310 1504 2333 vero

197 2368 325 2402 unum,
370 2356 569 2404 unicuique
606 2357 813 2392 secundum
853 2355 1058 2405 propriam
1099 2355 1292 2401 virtutem,
1346 2362 1380 2392 et
1406 2367 1502 2404 pro-

195 2415 329 2462 fectus
361 2421 415 2451 est
446 2414 588 2452 stat'im.

139 2485 179 2518 35
254 2473 382 2519 Super
417 2484 497 2520 quo
524 2473 780 2519 Jeronyrnus:
816 2472 946 2507 Homo
976 2472 1047 2507 iste
1073 2471 1367 2520 paterfamilias
1400 2471 1504 2506 haud
1517 2479 1583 2507 The
1603 2479 1671 2506 lord
1691 2480 1792 2519 ottho

196 2529 350 2565 dubium
396 2530 482 2578 quin
521 2529 700 2565 Christus
743 2530 792 2565 sit
824 2529 887 2577 qai
917 2530 969 2564 ad
996 2536 1151 2578 patrem
1180 2536 1270 2577 post
1303 2541 1501 2565 resurrec-
1562 2518 1748 2576 scgffggstm

194 2587 338 2623 cionem
373 2587 494 2623 victor
524 2587 734 2623 ascendens
765 2587 950 2635 apostolis
983 2587 1200 2622 doctrinam
1234 2586 1500 2636 evangelicam

262 2799 302 2818 10.
323 2791 362 2818 B:
383 2790 466 2819 dicit.
571 2799 617 2826 29.
640 2792 682 2819 A:
706 2791 781 2827 Cap.
801 2791 903 2819 LXVI.
1003 2790 1044 2818 35.
1066 2792 1094 2818 A
1115 2791 1145 2818 in
1167 2799 1282 2826 marg:
1303 2790 1498 2826 Jeronymus.

262 2875 314 2907 30.
341 2874 458 2907 Matth.
485 2876 586 2913 XXV,
621 2877 761 2915 14—15.
822 2875 874 2908 35.
895 2877 1031 2907 Comm.
1048 2876 1080 2906 in
1097 2875 1216 2907 Matth.
1240 2876 1261 2907 1.
1282 2886 1308 2907 c.
1328 2886 1405 2917 pag.
1423 2876 1497 2907 205.
