1986 3289
216 1192 310 1220 Some
330 1191 418 1218 think

192 1228 277 1254 these
298 1230 437 1253 servants

219 1270 308 1289 mean
329 1261 413 1289 three

231 1297 344 1323 classes
365 1297 399 1323 of

241 1331 390 1358 teachers.

198 2183 275 2210 How
297 2183 346 2210 the
366 2182 446 2209 Jews

195 2217 445 2256 misunderstood

238 2256 398 2287 scrupture.

771 212 888 243 OPUs
916 211 1251 242 EVANGELICUM
1286 211 1369 242 ΜΒ.
1397 211 1449 242 111.
1546 197 1651 252 [CAP.
1673 209 1777 237 Lxxx.

466 318 668 368 negligens
693 325 996 366 contempnatur.
1028 318 1123 353 Vere
1145 330 1318 366 nequam,
1345 318 1429 366 quia
1452 318 1677 367 largitatem
1712 319 1778 354 do-

465 376 558 410 mini
578 376 687 423 quasi
709 376 932 411 violenciam
956 375 1162 411 accusavit.
1197 376 1278 411 Nec
1310 376 1406 410 enim
1430 376 1537 411 Deus
1569 375 1652 411 ideo
1684 388 1779 425 gra-

466 433 563 468 ciam
589 433 814 479 intellectus,
849 440 915 468 aut
938 433 1115 469 noticiam
1149 432 1209 468 sui
1240 433 1383 468 homini
1404 433 1521 478 dedit,
1555 433 1780 468 desiderans

464 491 637 541 gloriam
670 491 742 526 sibi
772 491 922 539 acquiri
937 503 1011 539 per
1033 503 1116 526 eum
1140 491 1209 526 sed
1231 497 1270 525 ut
1297 502 1371 539 per
1392 491 1571 541 graciam
1595 491 1672 526 Dei
1702 491 1781 539 ipse

464 548 537 583 sibi
558 548 675 583 uitam
706 556 879 584 eternam
904 555 937 584 et
968 548 1140 598 gloriam
1172 555 1370 583 mereatur
1401 556 1437 584 et
1467 548 1685 584 societatem
1720 549 1812 584 σιξ-5

466 606 571 641 lestis
604 606 719 656 regni
749 618 832 642 cum
858 607 954 641 Deo.
988 606 1075 641 Hoc
1106 606 1186 641 sine
1215 606 1327 641 dubio
1351 606 1583 655 intelligitur
1615 618 1665 641 ex
1697 606 1779 653 ipsa

461 664 755 712 precedencium
798 663 1111 699 remuneracione
1155 664 1355 699 iustorum.
1404 664 1445 698 Si
1482 664 1578 699 enim
1616 671 1781 712 propter

465 733 505 757 se
537 722 704 757 dedisset
734 722 915 772 graciam
949 722 1177 768 hominihus,
1224 734 1414 770 nunquam
1448 734 1469 756 a
1503 722 1625 757 servis
1652 733 1779 770 pauca

465 779 676 827 suscipiens
720 780 903 815 redderet
951 779 1085 825 multa,
1137 779 1206 815 sed
1251 779 1404 814 malicia
1450 786 1655 815 excecatus
1688 780 1778 814 dum

467 837 600 872 volunt
635 837 708 872 Dei
750 837 984 886 sapienciam
1009 837 1163 884 fallere
1208 837 1420 873 maioribus
1451 849 1491 873 se
1524 844 1655 872 reatus
1699 837 1779 872 vin-
1800 847 1838 867 10

467 895 563 930 culis
595 895 776 944 alligavit
810 895 959 930 dicens:
996 894 1112 930 Metis
1144 895 1208 930 uhi
1238 907 1311 930 non
1342 894 1551 931 seminasti.
1607 894 1650 929 Si
1680 894 1777 929 enim

468 965 558 988 vere
591 953 705 988 talem
738 953 849 988 scivit
882 952 1079 987 dominum
1112 965 1236 997 suum,
1277 965 1318 988 eo
1352 952 1479 1002 magis
1513 952 1641 987 debuit
1661 952 1778 1000 festi-

467 1023 574 1057 nare,
628 1017 667 1045 ut
706 1023 780 1059 per
825 1010 1071 1060 diligenciam
1119 1023 1228 1046 suam
1281 1010 1493 1046 avariciam
1540 1009 1686 1045 domini
1723 1009 1784 1045 sui

466 1068 648 1115 saciaret,
697 1081 742 1104 ne
768 1081 844 1117 per
875 1068 1160 1118 negligenciam
1207 1075 1241 1103 et
1274 1068 1502 1104 iniusticiam
1543 1068 1622 1103 eius
1654 1067 1782 1117 magis

468 1138 552 1161 eum
586 1127 638 1161 ad
667 1126 910 1162 iracundiam
938 1132 1193 1175 provocaret,
1228 1126 1313 1174 quia
1346 1126 1554 1162 austeritas
1586 1137 1658 1162 non
1695 1126 1837 1161 con-15

468 1184 679 1233 tempnitur
708 1185 778 1220 sed
809 1184 976 1219 timetur.
1018 1182 1096 1226 Qui
1117 1191 1242 1219 autem
1267 1184 1385 1230 timet,
1418 1196 1490 1219 non
1513 1191 1782 1232 contempnere

468 1243 538 1278 sed
576 1242 740 1290 placare
763 1242 946 1290 festinat,
993 1242 1116 1277 sciens
1147 1243 1337 1290 quomodo
1383 1241 1446 1290 qui
1476 1241 1582 1277 metit
1615 1241 1679 1277 uhi
1708 1253 1781 1276 non

469 1300 631 1336 seminat
664 1300 792 1350 magis
816 1300 896 1335 uult
929 1306 1074 1335 metere
1097 1300 1160 1335 ubi
1189 1300 1362 1335 seminat.
1404 1299 1587 1348 Oportuit
1617 1311 1714 1348 ergo
1746 1305 1782 1334 te

470 1357 710 1393 committere
741 1365 810 1395 etc.
850 1357 1017 1400 Quidam
1045 1364 1185 1406 putant
1207 1364 1286 1393 tres
1318 1357 1408 1393 istos
1441 1369 1572 1393 omnes
1604 1357 1781 1392 doctores

470 1428 562 1462 esse,
597 1415 816 1464 differentes
847 1422 973 1451 autem
1005 1415 1167 1465 gracias
1200 1415 1389 1461 habuisse,
1423 1422 1458 1450 et
1489 1415 1587 1450 hunc
1620 1414 1780 1450 tercium
1798 1425 1839 1446 20

470 1473 555 1509 ideo
587 1473 718 1523 argui,
753 1473 840 1521 quia
873 1485 946 1509 non
980 1473 1107 1508 docuit
1139 1473 1236 1509 alios
1266 1473 1446 1523 graciam
1478 1472 1637 1508 sciencie
1668 1484 1780 1520 quam

470 1531 642 1566 habebat.
690 1531 744 1566 Et
790 1531 966 1579 quamvis
998 1531 1120 1567 omnis
1164 1531 1277 1567 lzomo
1311 1530 1518 1566 racionalis
1558 1530 1783 1566 constitutus

469 1589 753 1624 nummularius
776 1589 854 1624 dici
879 1595 1023 1638 posset,
1058 1596 1183 1624 tamen
1207 1588 1332 1624 nescio
1364 1588 1398 1625 si
1419 1588 1557 1624 liabeat
1574 1587 1783 1634 racionem,

470 1647 534 1695 qui
546 1647 601 1682 sic
623 1647 802 1682 minimus
825 1654 880 1683 est
904 1654 942 1681 ut
961 1646 1071 1682 unius
1093 1647 1228 1682 talenti
1242 1647 1423 1696 graciam
1448 1646 1597 1693 habeat,
1620 1658 1704 1682 cum
1729 1645 1784 1693 ip-

469 1717 551 1740 sum
586 1705 757 1753 oportuit
786 1705 997 1753 duplicare.
1035 1704 1112 1749 Qui
1138 1704 1420 1740 nummularius
1443 1711 1499 1740 est
1531 1716 1604 1739 non
1637 1703 1785 1752 indiget
1801 1704 1840 1736 25

471 1763 626 1799 minimo
650 1762 741 1809 eius,
769 1763 803 1798 si
824 1770 949 1798 autem
976 1762 1079 1798 illius
1100 1770 1154 1798 est
1176 1762 1241 1810 qui
1261 1773 1414 1810 semper
1445 1761 1673 1811 magisterio
1693 1772 1786 1810 opus

471 1821 594 1863 habet,
620 1821 683 1855 ille
705 1820 784 1856 sine
800 1820 912 1856 dubio
928 1820 1214 1856 nummularius
1229 1832 1302 1856 non
1319 1827 1384 1855 est.
1416 1819 1529 1855 Cauti
1550 1819 1647 1854 enim
1667 1818 1788 1854 homi-

472 1878 529 1914 nis
546 1885 600 1914 est
624 1878 926 1914 nummularium
957 1890 1038 1914 esse
1068 1878 1132 1926 qui
1154 1877 1396 1926 differencias
1418 1884 1557 1926 pensat
1580 1877 1786 1913 verborum

471 1936 557 1973 Dei.
593 1936 707 1986 Ergo
733 1948 882 1972 necesse
912 1943 968 1972 est
991 1936 1090 1971 hunc
1112 1935 1273 1971 tercium
1300 1935 1519 1985 intelligere
1540 1934 1786 1983 popularem,

471 1994 569 2029 sicut
603 1994 773 2029 diximus
804 2006 938 2043 supra.
993 1994 1128 2029 Mensa
1162 2000 1217 2029 est
1249 1993 1372 2029 omnis
1413 1993 1540 2028 divina
1573 1992 1784 2041 scriptura,
1804 1993 1845 2024 30

471 2051 568 2087 sicut
600 2059 634 2087 et
666 2052 760 2087 alibi
789 2051 1052 2101 exposuimus,
1093 2051 1298 2087 secundum
1340 2051 1441 2099 quod
1474 2050 1566 2086 dicit
1592 2049 1786 2099 propheta

475 2109 520 2144 de
548 2110 744 2159 scriptura
775 2110 913 2145 ueteris
936 2109 1153 2145 testamenti
1171 2109 1303 2144 Judeis
1334 2109 1370 2143 in
1402 2109 1628 2144 scandalum
1651 2108 1789 2156 sacta:

473 2166 561 2203 Fiat
594 2179 723 2203 mensa
753 2179 885 2203 eorum
926 2179 1058 2202 coram
1104 2167 1195 2215 ipsis
1240 2166 1275 2201 in
1309 2167 1485 2214 laqueum
1532 2173 1565 2201 et
1603 2166 1639 2200 in
1673 2165 1787 2200 retri-

474 2225 669 2261 bucionem
704 2232 739 2260 et
770 2225 805 2260 in
837 2225 1079 2261 scandalum.
1122 2225 1207 2259 Non
1241 2224 1337 2259 enim
1373 2236 1503 2259 mensa
1537 2235 1668 2259 eorum
1702 2234 1787 2257 cor-

469 2283 622 2331 poralis
660 2283 775 2330 facta
821 2289 875 2318 est
919 2282 969 2317 eis
1015 2282 1050 2317 in
1083 2282 1310 2317 scandalum
1355 2282 1423 2317 sed
1462 2281 1657 2329 scripture
1689 2280 1787 2329 Iegis
1805 2279 1843 2311 35

474 2352 619 2375 eorum.
655 2341 845 2390 Legentes
868 2340 965 2375 enim
1000 2341 1035 2375 in
1069 2341 1175 2389 lege:
1210 2339 1444 2374 Maledictus
1467 2339 1589 2374 omnis
1611 2338 1676 2386 qui
1692 2349 1784 2385 pen-

475 2399 536 2433 det
568 2398 604 2432 in
638 2398 766 2449 ligno:
798 2405 833 2433 et
867 2398 1036 2433 ridentes
1058 2398 1186 2433 Jesunz
1212 2397 1457 2446 crucifixum,
1492 2403 1627 2432 contra
1661 2395 1786 2445 legem

546 2571 570 2599 3.
593 2573 635 2599 A:
663 2572 810 2599 noticiam
829 2571 938 2599 summi
961 2571 1042 2598 boni.
1115 2570 1198 2598 5—6.
1217 2571 1262 2598 A:
1284 2570 1403 2598 celestis
1422 2570 1515 2597 deest.
1605 2577 1633 2607 7.
1655 2569 1698 2595 A:
1717 2576 1786 2608 pre-

476 2607 649 2634 cedencium
670 2606 763 2633 deest.
862 2614 907 2632 20*
929 2607 972 2632 A:
989 2614 1053 2632 esse
1073 2606 1165 2633 deest.
1257 2613 1294 2632 21.
1323 2606 1365 2631 A:
1388 2612 1449 2631 non
1469 2604 1584 2639 argui;
1604 2604 1643 2630 lb.
1666 2605 1709 2630 A:
1729 2610 1785 2629 scz-

475 2642 560 2668 cncie
579 2641 673 2668 deest.
765 2648 807 2668 22.
829 2641 866 2668 B:
890 2641 1101 2667 racionabilis.
1202 2639 1319 2672 23—2.1.
1347 2640 1391 2665 A:
1414 2647 1503 2674 quam
1524 2639 1623 2665 minus
1638 2638 1788 2664 -ltaheat

475 2678 569 2703 deest.
603 2676 720 2702 (jodd.:
751 2676 1097 2702 lamen-occasionem
1119 2675 1218 2707 deest;
1248 2675 1288 2701 ib.
1320 2675 1357 2700 13:
1389 2675 1443 2708 qui
1458 2674 1487 2699 si
1503 2674 1547 2699 sic
1566 2681 1656 2708 quam
1676 2673 1785 2699 minus.

476 2710 602 2737 Correxi
619 2719 633 2737 e
648 2715 728 2737 textu
745 2710 962 2746 chrysostom
1031 2709 1072 2736 25.
1096 2711 1138 2736 A:
1155 2710 1220 2736 eius
1235 2710 1328 2736 deest*
1401 2717 1444 2743 27.
1459 2710 1501 2735 A:
1524 2707 1623 2735 Tanti.
1684 2706 1727 2733 28.
1741 2708 1783 2733 A:

475 2745 675 2772 nummularii
694 2748 746 2772 est.

547 2819 598 2850 33.
626 2817 752 2847 Psalm.
781 2817 929 2856 ixvnl,
957 2817 1010 2848 23.
1091 2815 1142 2847 36.
1169 2816 1267 2846 Dent.
1294 2815 1378 2854 ΧΧΙ,
1408 2815 1460 2847 23.
