1986 3289
128 200 175 235 56
737 205 854 238 opus
881 204 1215 237 EVANGELICUM
1246 205 1330 237 [ΑΒ.
1357 204 1410 236 111.
1531 191 1636 245 [CAP.
1658 199 1723 229 xv.

412 313 516 347 Pone
548 320 673 347 tamen
697 312 873 360 qnoniam
899 312 1005 347 Dens
1028 312 1107 346 odit
1133 312 1269 346 sordes
1302 323 1509 359 corporum
1534 318 1569 345 et
1592 323 1723 347 rei-unz

413 378 447 405 et
481 382 674 405 vasorum.
711 369 753 404 Si
785 381 881 419 ergo
915 381 1046 404 reruni
1079 370 1215 404 sordes
1247 369 1339 411 odit,
1372 376 1436 404 ant
1469 369 1524 404 vis
1557 376 1621 404 aut
1655 381 1726 404 non

415 428 482 472 vis,
525 439 677 463 necesse
710 434 764 462 est
808 434 846 461 nt
878 427 958 475 ipso
1003 439 1070 461 usn
1103 426 1365 462 sordidentur.
1418 427 1569 470 Quanto
1602 426 1730 476 magis

414 486 520 520 Deus
551 485 686 520 sordes
719 484 949 520 consciencie
987 485 1066 519 odit
1096 497 1209 533 qnam
1249 484 1283 520 si
1314 484 1548 520 voluerimus
1579 495 1731 533 semper

414 543 595 578 mundam
634 542 866 578 servamus?
904 542 990 577 Non
1024 554 1121 592 ergo
1166 554 1258 577 vasa
1297 542 1463 577 lavanda
1502 549 1588 577 snnt
1625 541 1763 590 aquis5

414 601 480 635 sed
523 600 754 636 consciencie
780 600 970 649 precibus.
1013 600 1197 635 pharisee
1248 611 1333 635 cece
1383 607 1453 635 etc.
1516 600 1602 635 Non
1634 611 1731 649 ergo

413 670 545 694 sensns
578 665 633 693 est
677 658 710 693 si
753 658 900 693 catinus
944 658 990 693 ab
1026 658 1125 693 intus
1178 658 1384 693 mundatus
1411 664 1451 692 'et
1492 657 1626 705 afforis
1665 657 1735 693 etsi

416 716 622 751 inundatus
654 728 727 751 non
764 715 906 763 suerit,
945 716 1111 751 mundus
1144 723 1211 761 est,
1244 716 1313 751 sed
1346 716 1458 751 homo
1490 715 1525 751 si
1555 716 1600 751 ab
1633 715 1733 751 intus

410 773 580 822 peccatis
621 786 693 808 non
725 773 855 820 fuerit
892 773 1132 819 sordidatus,
1179 780 1214 808 et
1259 773 1293 808 si
1336 785 1527 821 nunqnam
1562 772 1735 823 tetigerit

416 844 554 880 aquam
595 832 759 867 mundns
803 838 858 867 est
900 838 987 866 ante
1019 831 1156 866 Deznn.
1201 831 1243 866 Si
1279 838 1405 866 autem
1433 831 1656 880 peccaverit
1700 838 1792 866 etio

416 889 449 924 si
504 896 582 925 toto
615 890 761 939 pelago
808 896 843 924 et
896 889 1040 924 cunctis
1079 888 1308 938 fluminibus
1350 900 1390 924 se
1434 889 1588 935 laverit,
1650 900 1733 924 sor-

419 947 545 993 didus,
591 947 705 997 niger
744 947 805 983 vel
836 946 954 982 miser
993 953 1048 982 est
1091 954 1178 982 ante
1216 947 1355 983 Deum.
1408 948 1491 982 Hec
1538 946 1734 983 Crisosto-

421 1017 521 1042 mus,

171 1058 351 1120 clSeliiriliitrileasls
476 1062 644 1098 Videtur
684 1062 805 1098 istum
839 1070 1022 1098 sanctum
1063 1061 1210 1098 sentire
1250 1061 1447 1098 catholice
1488 1062 1595 1109 quod
1629 1063 1735 1097 Deus

129 1136 214 1156 more
235 1128 500 1166 importantnon
554 1121 742 1167 reprobat
803 1121 871 1156 sed
924 1121 1122 1168 approbat
1182 1119 1427 1156 mundiciam
1490 1119 1792 1155 racionalemi5

158 1164 232 1190 than
254 1163 369 1198 bodny.
421 1178 671 1225 corporalem
706 1179 775 1214 sed
808 1180 912 1213 Deus
946 1178 1030 1214 odit
1062 1186 1098 1213 et
1132 1178 1324 1225 dampnat
1346 1177 1734 1225 preponderanciam

420 1236 642 1284 corporalis
677 1235 878 1273 mundicie
910 1245 1002 1272 ante
1036 1235 1282 1272 mundiciam
1314 1235 1577 1283 spiritualem.
1611 1237 1660 1271 Et
1681 1235 1737 1271 sic

420 1295 541 1330 bomo
586 1294 674 1341 plus
720 1293 850 1330 odiret
894 1293 1186 1330 inmundiciam
1234 1293 1366 1329 anime
1411 1306 1481 1341 per
1525 1302 1736 1341 peccatum

420 1364 539 1400 quam
603 1351 779 1399 aliquam
831 1351 1133 1388 immundiciam
1188 1351 1416 1399 possibilem
1471 1352 1738 1400 corporalem.

422 1412 535 1446 Patet
579 1422 622 1445 ex
667 1411 743 1445 hoc
788 1410 897 1457 quod
941 1422 1059 1446 nemo
1104 1418 1270 1457 propter
1315 1411 1442 1446 Deum
1488 1410 1547 1446 vel
1586 1409 1737 1457 aliquid
1754 1420 1797 1442 20

422 1467 671 1515 intelligibile
714 1476 899 1515 peccaret
948 1468 1009 1504 vel
1058 1467 1205 1512 leviter,
1260 1468 1328 1503 sed
1379 1476 1543 1515 propter
1595 1467 1740 1503 multas

423 1538 561 1561 causas
594 1534 636 1560 ut
666 1534 832 1573 propter
854 1526 1076 1573 temporale
1099 1524 1348 1572 suffragium.
1383 1527 1429 1562 Et
1462 1526 1588 1561 multo
1614 1524 1740 1573 magis

424 1592 587 1631 propter
620 1585 771 1618 bonum
804 1582 961 1619 virtutis
995 1595 1035 1619 se
1058 1583 1188 1631 ipsum
1214 1584 1478 1631 corporaliter
1500 1582 1738 1619 sordidaret.

425 1642 516 1677 Ideo
540 1649 597 1677 est
621 1650 761 1678 contra
785 1640 989 1678 racionem
1013 1649 1050 1677 et
1073 1653 1144 1689 per
1168 1653 1417 1689 consequens
1447 1650 1588 1677 contra
1611 1643 1737 1677 Deum

424 1700 532 1747 quod
577 1699 665 1747 quis
713 1698 802 1746 plus
845 1699 955 1736 odiat
1000 1699 1265 1747 corporaliter
1310 1712 1429 1747 quam
1479 1698 1797 1747 spiritualiter-25

424 1756 638 1793 sordidari.
684 1757 795 1793 Sicut
840 1757 945 1793 enim
991 1770 1045 1793 ex-
1079 1757 1155 1793 fide
1208 1758 1357 1794 bonum
1410 1757 1640 1793 insensibile
1685 1765 1742 1793 est

426 1814 554 1851 maius
588 1827 707 1863 quam
743 1816 892 1851 bonum
928 1814 1127 1860 sensibile,
1162 1814 1217 1851 sic
1249 1815 1478 1851 sordidacio
1501 1814 1742 1851 insensibilis

426 1881 482 1909 est
516 1872 641 1920 magis
674 1885 795 1921 quam
829 1872 1058 1909 sordidacio
1093 1872 1290 1909 sensibilis
1324 1872 1510 1909 odienda.
1553 1874 1601 1909 Et
1634 1881 1743 1921 patet

426 1932 632 1978 quomodo
666 1943 761 1967 cura
783 1940 864 1967 tam
889 1931 1136 1978 prelatorum
1161 1944 1280 1979 quam
1306 1931 1476 1967 aliorum
1501 1930 1741 1967 secularium

427 1997 483 2024 est
515 1989 629 2024 valde
663 1988 946 2036 dampnabilis,
980 1988 1048 2037 qui
1082 1989 1170 2037 plus
1204 1998 1398 2037 appetunt
1431 1990 1579 2025 habere
1601 2001 1743 2037 perap-
1761 1990 1802 2021 30

427 2046 530 2082 sides
577 2047 747 2082 mundas
781 2055 817 2082 et
850 2047 1081 2094 splendidas
1115 2060 1233 2095 quam
1277 2048 1472 2082 mundum
1507 2046 1687 2083 animum
1721 2058 1742 2082 a

427 2112 607 2152 peccato.
653 2105 701 2140 Et
749 2113 844 2141 nota
892 2104 1204 2141 sollicitudinem
1252 2104 1537 2150 mundialium;
1583 2104 1613 2141 si
1648 2106 1743 2140 dant

427 2171 578 2198 tantam
627 2175 789 2210 operam
834 2163 883 2198 ad
931 2162 1075 2199 mentis
1122 2162 1366 2199 mundiciam
1413 2171 1603 2210 quantam
1647 2163 1743 2198 dant

427 2221 477 2255 ad
523 2220 767 2256 mundiciam
797 2217 801 2267 Ι
830 2220 1010 2256 utensilis
1058 2221 1297 2268 corporalis3
1351 2228 1387 2256 et
1438 2221 1536 2261 tales
1582 2219 1744 2256 indubie
1781 2221 1865 2264 410b

429 2277 643 2325 imponunt
692 2280 775 2314 Deo
816 2277 1008 2325 implicite
1052 2278 1375 2315 irracionabilem
1421 2277 1652 2323 stulticiam,
1699 2290 1744 2313 ac
1762 2282 1801 2314 35

428 2336 457 2371 si
494 2337 598 2371 Deus
638 2335 737 2371 foret
770 2335 931 2383 ignarus
965 2336 1214 2383 prevalencie
1246 2349 1315 2372 sue
1339 2344 1533 2375 creature.
1567 2337 1643 2372 Sed
1668 2347 1744 2383 que

430 2393 558 2429 maior
618 2394 890 2441 blasphemia?
953 2395 1044 2430 Ideo
1097 2394 1358 2441 probabiliter
1413 2393 1587 2430 creditur
1638 2394 1744 2441 quod

430 2451 614 2486 Christus
671 2451 889 2487 domestice
934 2453 1002 2487 sed
1048 2453 1211 2488 honeste
1264 2464 1357 2488 usus
1391 2451 1463 2487 fuit
1497 2451 1744 2487 ornamentis

431 2508 707 2556 corporalibus
753 2518 832 2545 tam
883 2508 922 2545 in
968 2509 1169 2546 alimentis
1221 2523 1342 2558 quam
1389 2509 1642 2557 tegumentis.
1698 2510 1745 2544 Et

431 2566 583 2602 utinam
618 2566 743 2602 nostri
777 2567 919 2614 prelati
953 2569 1207 2604 attenderent
1238 2569 1288 2604 ad
1322 2568 1396 2604 hoc
1428 2569 1607 2604 verbum.

504 2718 575 2737 1-2.
597 2712 641 2738 A:
663 2712 772 2739 sordes
782 2727 814 2731 -—
824 2712 890 2739 odit
909 2712 1004 2739 deest.
1078 2711 1155 2739 3-3.
1179 2713 1216 2739 13:
1237 2716 1292 2739 aul
1312 2713 1378 2739 vim
1400 2715 1431 2739 et
1448 2720 1507 2739 non
1528 2712 1582 2739 vis.
1655 2720 1683 2745 4.
1707 2712 1744 2738 ll:

431 2745 536 2772 horret
556 2754 656 2780 tynam.
758 2755 783 2780 7.
807 2748 851 2773 A:
872 2748 1009 2773 sensibus
1029 2751 1072 2774 erl
1092 2748 1230 2777 catinus,-
1252 2748 1288 2774 1³:
1311 2748 1473 2774 κυνικίίήίιζς.
1576 2748 1602 2773 S.
1625 2747 1742 2773 eodm:

432 2780 559 2806 mundns
576 2789 677 2839 'elnon
691 2780 794 2816 sueri!
815 2782 907 2807 deest,
972 2790 1071 2808 ιι--ιὶ,
1103 2784 1143 2808 A:
1171 2782 1316 2808 ,vr›1·rt'1'd11.x·
1336 2785 1364 2808 cl
1385 2783 1476 2816 niger
1495 2784 1546 2807 cxl.
1607 2780 1642 2808 13.
1667 2784 1692 2808 Λ
1715 2781 1743 2807 iu

434 2823 545 2847 marga
569 2823 604 2839 ,τι
619 2823 735 2841 munes:
