1986 3289
150 187 223 221 116
741 189 858 222 opus
884 189 1219 221 EVANGELICUM
1248 189 1331 221 ΜΒ.
1358 189 1410 220 111.
1509 174 1615 231 [CAP.
1636 184 1745 214 xxm.

210 309 340 342 Temple
439 298 568 333 Videte
612 309 656 332 ne
699 296 915 341 turbemini,
960 297 1043 331 sed·
1066 308 1160 344 opus
1194 295 1478 344 predicacionis
1518 302 1644 332 vestre
1677 296 1745 331 im-

149 343 409 405 ρξζὸξῆἶὲξέψξξῃ
426 356 542 404 plete.
577 355 628 389 Et
661 355 814 389 videtur
837 355 938 402 quod
968 354 1034 389 illa
1056 354 1272 389 Jerusalem
1286 353 1459 403 fragilis
1479 353 1585 403 gerit
1608 361 1744 404 typum

243 413 310 439 law.
429 413 646 448 Jerusalem
691 412 903 460 spiritualis
947 411 1112 447 ecclesie.
1159 411 1260 446 Nam
1308 411 1380 447 nisi
1422 411 1604 459 templum
1645 411 1746 447 istud

432 471 668 506 destructum
701 470 861 518 fuisset,
908 469 1157 505 observancia
1207 468 1304 519 legis
1348 480 1419 504 non
1448 469 1575 517 facile
1606 468 1748 517 fuerat

431 528 718 576 compescenda.
772 528 861 563 Ideo
914 535 1039 563 autem
1087 527 1325 562 destructum
1379 533 1446 572 est,
1500 534 1539 561 ut
1592 527 1748 563 eciamsi

431 586 621 622 voluerint
641 585 755 620 Judei
778 586 1025 633 postmodum
1061 585 1184 634 legem
1220 585 1429 620 observare
1475 596 1546 619 non
1582 585 1744 632 possint,

429 651 494 679 aut
540 645 585 679 de
622 643 768 692 pascha
809 650 875 678 aut
919 643 965 678 de
1006 642 1207 691 sacrificiis
1247 649 1312 677 aut
1352 642 1398 677 de
1429 641 1566 677 ceteris
1586 643 1745 690 festivi-

430 702 581 737 tatibus.
622 701 851 736 Ceciderunt
889 712 986 750 ergo
1019 700 1241 749 corporalia
1281 707 1315 735 et
1335 699 1548 749 figuralia,
1591 707 1629 735 ut
1660 713 1746 736 sur-

428 767 568 809 gerent
610 759 829 808 spiritualia
869 765 904 794 et
943 771 1034 794 vera
1076 757 1259 793 misteria.
1306 758 1444 793 Postea
1476 765 1601 793 autem
1634 758 1747 807 spiri-

431 818 588 853 tualiter
635 818 811 852 heresum
854 817 1108 852 annunciabat
1143 816 1242 864 sore
1294 815 1520 861 certanu'na,
1565 827 1635 864 que
1679 816 1746 851 im-

426 875 580 924 piorum
626 875 806 923 princeps
850 874 1110 910 Antichristus
1160 880 1294 909 contra
1338 873 1569 909 christianos
1604 874 1748 921 fuerat

197 943 263 970 The
284 942 362 970 devil
431 940 678 982 operaturus.
714 933 814 967 Nam
846 932 1022 968 excitans
1051 932 1226 967 diabolus
1255 943 1435 966 errorum
1465 932 1652 967 scandala
1676 944 1747 968 non

142 978 410 1047 {ffi‘qfflffisssffag}
431 991 560 1027 statim
615 991 805 1039 oppressit
858 990 1056 1026 ecclesiam
1108 990 1176 1025 sed
1222 989 1336 1037 prius
1382 1001 1458 1037 per
1502 989 1611 1024 varia
1665 990 1747 1025 loca

188 1047 374 1109 stirlrssngup
431 1049 639 1084 schismata
680 1048 885 1091 excitarim
924 1055 964 1083 ut
990 1055 1085 1096 puta
1126 1047 1358 1082 audiebatur
1390 1048 1579 1095 quomodo
1613 1047 1648 1082 in
1682 1047 1748 1083 illa

208 1091 350 1109 scusms.
431 1107 584 1142 civitate
616 1106 777 1141 Fotinus
811 1106 883 1141 hoc
912 1106 1111 1154 predicet;
1162 1105 1248 1140 item
1292 1104 1326 1139 in
1380 1105 1445 1140 illa
1486 1105 1561 1140 alia
1597 1105 1750 1141 civitate

432 1165 644 1200 catholicus
671 1164 887 1214 presbyter
918 1164 989 1199 hoc
1019 1175 1157 1212 sapere
1189 1162 1297 1211 cepit.
1340 1162 1402 1198 Sic
1439 1162 1697 1199 audiebantur
1727 1176 1749 1199 a

432 1222 653 1258 christianis
674 1222 840 1257 schisma
865 1229 899 1257 et
921 1221 1116 1270 opiniones
1138 1220 1400 1266 schismatum,
1433 1221 1551 1256 donec
1580 1221 1747 1257 omnium

433 1281 608 1315 heresum
644 1280 727 1315 dux·
759 1292 831 1314 una
865 1279 1080 1329 eligeretur
1109 1278 1341 1328 perversior
1374 1278 1558 1314 omnibus.
1605 1279 1682 1314 Sed
1713 1279 1749 1315 in

432 1338 509 1373 illis
554 1350 648 1386 opus
692 1349 764 1374 uon
810 1345 893 1373 erat
938 1337 1171 1373 christianos
1211 1336 1377 1382 turbari,
1424 1336 1509 1384 quia
1550 1337 1750 1385 oportebat

434 1396 523 1443 fieri
554 1396 632 1433 illa.
671 1396 784 1439 Quod
820 1402 944 1431 autem
979 1395 1192 1443 oportebat,
1226 1394 1333 1429 docet
1363 1394 1572 1443 Apostolus
1604 1395 1750 1431 dicens:

444 1453 656 1502 Oportebat
676 1454 775 1488 inter
795 1465 861 1488 vos
885 1454 1038 1489 hereses
1062 1465 1142 1488 esse
1170 1459 1209 1487 ut
1225 1452 1385 1500 probati
1417 1452 1614 1501 manifesti
1631 1453 1748 1502 fiant.

432 1512 484 1546 Et
505 1512 603 1547 sicut
635 1512 670 1546 in
704 1511 781 1546 illis
813 1518 900 1546 tunc
932 1511 1194 1546 audicionibus
1220 1510 1440 1558 preliorum
1474 1510 1750 1558 nonfuitfinis

431 1570 559 1620 gentis
580 1569 699 1604 Jua'ee
730 1569 799 1605 sed
825 1576 974 1617 postea,
1010 1575 1043 1604 et
1064 1568 1280 1604 Jerusalem
1316 1568 1504 1603 debellata
1537 1576 1592 1604 est
1620 1575 1655 1604 et
1685 1568 1750 1604 Ju-

434 1628 594 1663 deorum
635 1627 788 1674 quidam
827 1627 863 1661 in
902 1627 1037 1676 gladio
1077 1626 1292 1675 perierunt,
1339 1626 1493 1674 quidam
1541 1638 1562 1661 a
1608 1626 1749 1673 bestiis,

433 1686 586 1733 quidam
628 1685 663 1720 in
702 1685 886 1720 servitute
919 1684 1071 1730 venditi,
1112 1696 1187 1732 per
1217 1683 1394 1733 singulas
1427 1684 1580 1732 quidam
1612 1692 1748 1734 gentes

434 1743 601 1792 dispersi
629 1750 727 1789 sunt,
761 1743 814 1778 sic
844 1742 879 1777 in
909 1742 985 1778 illis
1013 1742 1277 1777 audicionibus
1304 1742 1553 1778 schismatum
1578 1749 1751 1791 tempore

429 1808 590 1850 patrum
638 1808 861 1836 nostrorum
902 1812 974 1836 non
1013 1807 1067 1835 est
1090 1801 1229 1848 sactus
1250 1799 1359 1849 finis,
1403 1800 1473 1835 sed
1498 1801 1747 1849 postmodum

434 1859 593 1895 ecclesia
640 1859 829 1894 debellata
874 1866 950 1903 est;
1002 1858 1133 1894 multis
1183 1859 1235 1893 ad
1273 1858 1632 1906 prevaricacionem
1685 1865 1751 1894 aut

434 1917 601 1953 seductis
633 1924 698 1951 aut
730 1916 870 1952 coactis
909 1918 1021 1952 modo
1060 1916 1135 1951 iam
1176 1923 1297 1951 restat
1336 1923 1375 1950 ut
1396 1915 1474 1964 fiat
1494 1916 1602 1965 finis.
1647 1916 1751 1952 Bene

204 1983 286 2011 Even
307 1983 357 2021 tlie
436 1987 532 2025 ergo
565 1975 637 2009 ait:
677 1974 750 2010 Vos
782 1974 898 2010 nolite
929 1974 1095 2012 turbari.
1130 1974 1218 2009 Sive
1250 1974 1348 2010 enim
1382 1981 1469 2009 tunc
1492 1974 1527 2009 in
1552 1974 1751 2010 audicione

147 2019 346 2081 fflffikgllsss’uffi
364 2018 421 2079 22¹5}
436 2032 702 2081 corporalium
722 2032 942 2081 preliorum
966 2032 1046 2067 sive
1069 2033 1182 2067 modo
1206 2032 1241 2066 in
1265 2031 1465 2067 audicione
1491 2031 1749 2079 spiritualium

189 2088 377 2149 djtjltiiffitffiue
431 2091 649 2139 preliorum
695 2090 819 2126 nostri
855 2090 1103 2126 inturbabiles
1154 2097 1320 2134 manent,
1366 2089 1542 2137 quoniam
1587 2102 1629 2124 ea
1682 2101 1752 2138 que

230 2141 237 2149 ‘
342 2143 345 2147 ⁴
436 2149 540 2197 fiunt
584 2149 620 2183 in
667 2149 807 2184 mundo
842 2160 913 2183 non
948 2155 1110 2196 possunt
1151 2160 1288 2184 nocere
1326 2147 1378 2182 eis
1415 2147 1479 2195 qui
1515 2154 1603 2183 sunt
1634 2154 1750 2182 extra

437 2207 634 2251 mundum,
679 2213 714 2241 et
752 2218 820 2254 que
840 2206 946 2253 fiunt
986 2206 1197 2241 carnaliter
1230 2218 1302 2241 non
1337 2212 1500 2254 possunt
1533 2217 1669 2240 nocere
1700 2205 1752 2241 eis

435 2264 499 2312 qui
536 2272 623 2304 sunt
667 2272 780 2299 extra
820 2276 989 2309 carnem,
1028 2276 1093 2299 nec
1132 2264 1329 2299 mendacia
1363 2263 1494 2298 ledunt
1526 2274 1608 2298 eum
1640 2275 1749 2312 quem

436 2322 622 2357 inhabitat
680 2322 847 2370 Spiritus
899 2322 1081 2357 Sanctus:
1124 2322 1192 2357 sed
1236 2321 1494 2356 mundialibus
1539 2328 1672 2356 nocent
1718 2327 1752 2355 et

438 2381 639 2415 mendaces
681 2381 877 2418 seducunt,
938 2380 1272 2423 Quemadmodum
1325 2379 1359 2414 si
1403 2379 1484 2427 quis
1528 2379 1563 2414 in
1615 2390 1750 2427 campo

438 2438 603 2485 quodam
638 2438 887 2473 tabernaculo
921 2438 1187 2473 circumdatus
1218 2437 1279 2483 sit,
1313 2437 1347 2473 si
1372 2437 1499 2484 aliqua
1528 2436 1753 2472 surrexerit

437 2502 642 2543 tempestas
695 2503 909 2542 ventorum,
962 2508 1095 2531 sonum
1147 2495 1297 2544 quidem
1343 2494 1580 2544 tempestatis
1630 2493 1749 2540 audit,

509 2646 542 2673 15.
570 2646 714 2674 ronnas:
734 2648 757 2673 Λ
773 2647 932 2682 :susinum
1025 2648 1065 2673 ιζ).
1087 2647 1268 2677 catholicus,
1291 2650 1369 2673 recle
1390 2646 1559 2672 acoluthus.
1642 2653 1682 2679 ¹9-
1704 2646 1748 2672 A:

442 2681 633 2708 Christianis.
726 2683 768 2708 23.
797 2685 839 2708 A:
858 2685 969 2716 postea
990 2685 1028 2708 et.
1102 2682 1142 2708 25.
1166 2681 1281 2708 Coeia:
1304 2681 1413 2708 ventili
1425 2689 1493 2716 per.
1567 2688 1613 2714 29.
1631 2679 1748 2707 Codd.:

442 2716 524 2742 I'ntlc
545 2726 633 2752 eigo.
715 2717 761 2743 3:3⁴
784 2717 821 2743 15:
844 2717 975 2751 spirtius
995 2717 1152 2747 vinitatis-,-
1172 2716 1210 2743 ib.
1234 2717 1277 2743 A:
1300 2717 1426 2743 mundus
1446 2714 1661 2742 mundialibus.

515 2800 562 2830 13.
593 2800 771 2839 l'llotinus7
800 2808 900 2841 capnt
930 2799 1226 2829 l‘lnninianosum.
1302 2810 1354 2829 τι.
1384 2799 1403 2829 Ι.
1433 2799 1510 2829 Cor.
1539 2798 1591 2836 ΧΙ,
1626 2808 1671 2840 19.

1763 533 1778 565 5

1767 835 1805 855 10

1769 1112 1805 1144 15

1766 1409 1808 1432 20

1766 1691 1805 1723 25

1769 2266 1808 2299 35
