1986 3289
215 200 303 229 CAP.
325 193 424 246 xm]
597 204 656 235 DE
684 204 998 236 ANTchfusTo
1027 205 1111 236 ΜΒ.
1138 206 1159 236 1.
1755 211 1799 246 71

271 311 371 347 Cum
405 322 498 357 ergo
521 309 658 346 omnia
690 308 896 346 individua
928 309 1074 358 speciei
1098 312 1272 347 humane
1305 312 1385 348 sint
1416 326 1518 349 unus
1568 319 1673 346 Those
1693 319 1774 347 from

212 369 334 404 homo
380 376 416 404 et
455 367 591 404 omnia
635 367 721 414 ipsa
753 367 794 403 in
826 369 933 404 bono
964 369 1026 404 vel
1059 369 1166 405 malo
1200 370 1515 416 communicant,
1539 354 1804 417 ‹ffiroffloffieistzlig

212 425 458 462 racionabile
503 434 540 461 et
583 424 854 472 theologicum
894 425 1050 462 videtur
1088 428 1196 475 quod
1240 427 1518 475 imprimentes
1602 428 1745 486 {3}ssssssssoe

211 483 252 519 in
304 483 447 532 spiritu
500 482 805 519 similitudinem
840 483 935 519 boni
967 485 1027 520 vel
1081 484 1175 520 mali
1221 485 1385 521 moralis
1438 486 1517 522 sint
1722 480 1728 486 ’

179 544 345 589 Spatres
377 541 516 577 talium
549 540 736 576 filiorum.
771 542 819 576 Et
848 540 916 577 illo
941 543 1061 578 modo
1094 542 1189 578 dicit
1220 543 1517 579 Chrisostomus

211 601 318 647 quod
373 611 491 636 omne
548 606 756 646 peccatum
809 599 975 635 humani
1027 599 1180 647 generis
1239 601 1433 648 processit
1496 614 1518 637 a

211 657 342 704 primo
366 665 529 705 peccato
552 656 671 704 primi
703 656 827 703 patris
852 657 1049 693 mendacii
1083 666 1120 693 et
1151 667 1317 705 peccata
1342 659 1519 695 humana

210 727 315 751 nunc
346 716 418 751 sub
450 726 530 750 una
561 713 823 762 generacione
869 727 974 751 nune
1018 716 1069 751 ad
1101 714 1219 751 aliam
1266 725 1359 752 sunt
1390 725 1518 752 trans—

209 772 304 822 lata,
356 781 399 808 ut
442 784 549 808 nunc
601 772 760 807 fuerunt
804 771 843 807 in
884 772 1099 820 gentilibus
1142 785 1249 809 nunc
1296 773 1336 810 in
1367 774 1516 820 Judeis,

158 842 196 863 10
211 839 247 866 et
279 843 385 866 nunc
416 830 456 865 in
488 842 568 866 uno
601 829 750 877 populo
783 838 820 865 et
852 842 958 866 nunc
990 830 1030 866 in
1063 831 1204 877 altem,
1238 839 1275 867 et
1306 841 1515 880 peccatum

209 887 437 924 omissionis
468 889 529 923 vel
562 886 858 924 commissionis
891 887 1008 924 unius
1041 888 1179 936 populi
1204 889 1516 938 multiplicatum

210 947 342 993 quoad
394 955 551 993 tempus
600 954 636 981 et
688 957 879 993 personas
923 954 1054 993 potest
1099 958 1182 983 esse
1228 959 1347 983 causa
1392 960 1517 996 quare

210 1012 351 1051 regnat
383 1012 592 1051 peccatum
627 1011 664 1039 et
698 1002 844 1039 filiacio
879 1003 1028 1040 diaboli
1061 1004 1100 1039 in
1134 1006 1289 1044 eodem,

267 1063 315 1097 Et
347 1061 402 1097 sic
423 1061 515 1097 licet
546 1060 596 1097 sit
618 1061 733 1097 nobis
760 1061 1005 1108 insensibile,
1030 1061 1156 1098 iustus
1190 1062 1404 1099 carnaliter
1435 1076 1515 1099 non
1539 1069 1626 1109 Mens
1646 1069 1797 1097 influence

157 1119 426 1167 15procreans
480 1120 643 1166 prodest
694 1127 798 1155 terre
843 1132 964 1167 quarn
1010 1119 1147 1156 incolit
1197 1120 1298 1156 sicut
1342 1120 1513 1157 iniustus
1530 1104 1802 1174 livfzsragfgzrdttgssm

208 1176 390 1224 ypocrita
435 1178 482 1212 de
515 1176 649 1225 aliqua
682 1176 847 1213 istarum
882 1186 1079 1213 sectarum
1121 1186 1294 1226 quatuor
1325 1187 1515 1226 preparat
1633 1175 1701 1202 evil.

208 1243 253 1271 ut
292 1243 502 1282 peccatum
556 1236 665 1283 quod
711 1234 821 1283 prius
871 1235 1052 1283 regnavit
1095 1235 1136 1271 in
1179 1248 1260 1272 una
1304 1244 1411 1272 terra
1454 1237 1515 1273 vel

209 1293 360 1340 populo
392 1292 433 1328 in
465 1292 533 1328 illo
565 1292 717 1340 populo
741 1292 981 1329 dominetur.
1017 1293 1129 1330 Sicut
1162 1293 1266 1329 enirn
1301 1306 1323 1329 a
1351 1294 1444 1331 Tito
1478 1302 1516 1330 et

209 1349 457 1398 Vaspasiano
481 1350 660 1398 regnavit
682 1350 902 1399 corporalis
925 1350 1074 1388 occisio
1098 1360 1280 1399 tempore
1304 1351 1515 1388 martirum

154 1408 251 1444 2oin
285 1408 478 1444 Romanis
512 1408 727 1455 cesaribus‚
762 1408 818 1445 sic
850 1421 894 1445 ex
927 1418 1093 1457 peccato
1125 1409 1355 1446 omissionis
1387 1422 1516 1446 sacer-

210 1467 347 1502 dotum
383 1466 451 1514 qui
483 1467 704 1503 debuerant
736 1466 848 1514 sequi
883 1467 1087 1503 Christum
1112 1467 1291 1515 regnavit
1322 1467 1516 1515 ypocrisis

210 1524 321 1571 peius
354 1536 474 1572 quam
509 1533 719 1572 peccatum
744 1537 926 1561 cesarum
960 1525 1000 1561 in
1033 1525 1309 1562 sacerdotibus
1333 1534 1515 1573 ternpore

209 1582 326 1629 longe
350 1581 610 1630 sequentibus
635 1590 671 1619 et
695 1582 923 1630 specialiter
955 1582 995 1618 in
1017 1583 1210 1620 Romanis
1239 1583 1513 1631 pontificibus

266 1641 381 1676 Unde
434 1641 654 1676 secundum
702 1641 866 1676 modum
912 1640 1103 1689 loquendi
1148 1641 1265 1677 huius
1297 1641 1424 1678 sancti
1457 1640 1513 1677 illi
1574 1636 1641 1664 The
1661 1641 1758 1664 worst

152 1701 299 1733 25sunt
347 1697 590 1746 principales
641 1698 806 1734 heretici
858 1698 926 1746 qui
969 1711 1051 1735 non
1108 1698 1345 1747 imprimunt
1392 1699 1511 1735 fidem
1546 1671 1785 1734 ῑέξέἓῃνῖῗκῗγὲο

208 1755 353 1791 Christi
398 1764 435 1791 et
478 1755 644 1792 virtutes
690 1756 861 1792 morales
906 1768 976 1804 per
1014 1756 1239 1793 doctrinam
1284 1756 1388 1792 mitis
1426 1769 1515 1804 pre·
1538 1741 1794 1808 {gitssprffilcthutsse

207 1812 424 1849 dicacionis
456 1822 494 1850 et
527 1814 706 1861 exempla
738 1813 816 1850 vite
849 1814 1088 1862 evangelice,
1121 1816 1189 1851 sed
1222 1827 1285 1851 ars
1318 1827 1388 1851 sua
1421 1827 1514 1851 con·
1546 1810 1778 1872 tradliiliffrisnfor

208 1870 309 1906 sistit
341 1870 381 1906 in
414 1871 490 1907 isto
513 1873 620 1920 quod
649 1884 720 1919 per
752 1871 997 1908 tradiciones
1020 1873 1218 1909 humanas
1243 1872 1514 1920 multiplicant
1558 1880 1659 1907 selfish
1680 1880 1766 1908 ends.

208 1941 394 1965 censuras
417 1929 612 1966 terrificas
628 1938 665 1965 et
688 1942 758 1977 per
771 1930 869 1966 tales
889 1930 1124 1966 coacciones
1148 1930 1370 1978 exspoliant
1386 1943 1512 1978 popu-

151 1991 192 2022 ‘30
206 1986 303 2022 lum.
337 1988 385 2022 Et
416 1986 492 2023 ista
524 1987 719 2035 ypocrisis
752 1996 809 2023 est
842 1988 959 2035 longe
982 1987 1248 2035 periculosior
1280 1988 1512 2036 persecucio

207 2043 385 2080 fidelium
427 2057 546 2092 quam
592 2045 665 2081 fuit
696 2045 807 2093 prior
839 2045 1070 2093 persecucio
1110 2046 1332 2094 corporalis
1364 2046 1512 2094 princi-

207 2114 302 2149 pum
355 2102 579 2152 gentilium,
633 2103 726 2151 quia
770 2103 967 2139 direccius
1011 2103 1119 2139 vadit
1166 2106 1216 2140 ad
1263 2104 1441 2140 animam
1475 2112 1513 2140 et

206 2159 430 2206 generalius
462 2162 682 2197 secundum
715 2160 932 2208 ypocrisim
966 2173 1043 2209 que
1076 2170 1133 2197 est
1166 2174 1324 2198 summa
1356 2162 1513 2198 cautela

207 2217 356 2253 diaboli
389 2219 561 2266 surrepit
593 2218 773 2254 inficiens
806 2219 939 2266 plures
972 2218 1153 2255 homines
1186 2219 1226 2255 in
1257 2232 1329 2256 suo
1368 2219 1511 2268 spiritu

150 2278 189 2311 35
206 2283 248 2310 ut
281 2276 567 2323 dampnentur;
602 2285 639 2312 et
660 2285 825 2324 propter
847 2277 949 2313 hanc
977 2276 1180 2313 racionem
1206 2279 1350 2314 debent
1374 2278 1511 2314 fideles

205 2332 434 2381 ubicunque
485 2333 651 2370 vixerint
704 2347 794 2370 cum
839 2334 1020 2382 vigilanti
1070 2335 1326 2372 attendencia
1377 2335 1511 2372 vivere

204 2389 324 2426 vitam
389 2391 535 2428 iustam
581 2400 618 2427 et
662 2391 813 2428 hortari
865 2404 911 2428 ac
970 2404 1134 2429 monere
1199 2394 1409 2441 populum,
1468 2402 1511 2429 ut

204 2456 422 2496 sequantur
466 2448 632 2497 vestigia
673 2451 764 2486 Jesu
808 2449 956 2486 Christi
1001 2450 1105 2498 quia,
1140 2450 1365 2487 declinante
1403 2451 1510 2487 clero

82 2507 166 2550 411d
205 2507 254 2542 ad
277 2507 455 2542 seculum
479 2508 696 2543 secundum
723 2515 929 2544 extraneas
963 2516 1000 2543 et
1032 2520 1155 2544 novas
1178 2509 1336 2556 regulas
1365 2504 1370 2561 Ι
1398 2509 1510 2544 Anti-

146 2562 356 2610 4och1·isti,
402 2565 568 2600 ecclesia
614 2564 880 2601 militancium
923 2574 980 2601 est
1012 2565 1052 2601 in
1096 2566 1176 2611 illa,
1230 2575 1267 2602 et
1298 2575 1427 2602 toturn
1462 2567 1509 2602 de

270 2742 294 2770 5.
314 2744 344 2770 Α
369 2743 399 2770 in
427 2751 541 2779 marga
617 2743 680 2771 uod
709 2744 811 2771 omnia
842 2742 1001 2771 individua
1029 2744 1144 2778 speciei
1172 2744 1304 2772 humane
1334 2747 1406 2772 sunl
1431 2752 1509 2772 unus

202 2778 303 2804 homo.
397 2786 437 2805 21.
459 2779 496 2805 B:
518 2778 573 2813 qui
612 2778 748 2805 ebebant.
854 2778 892 2812 31,
913 2777 956 2805 32.
978 2780 1022 2805 A:
1039 2778 1239 2813 principium.
1338 2778 1381 2807 33.
1402 2779 1441 2806 B:
1462 2788 1508 2808 se-

202 2812 330 2839 cundum
350 2811 443 2839 deest.
533 2820 582 2844 40-
603 2814 647 2839 A:
675 2813 706 2840 in
727 2813 827 2846 deest;
848 2812 886 2839 B:
907 2812 1024 2840 insilia.
