1986 3289
152 855 190 875 10

153 1134 187 1167 15

150 1713 189 1745 25

150 2001 191 2033 30

151 2290 190 2324 35

205 214 293 241 CAP.
316 205 441 258 LXIV]
578 216 636 246 DE
664 214 976 246 ANTICHRISTO
1005 214 1087 245 Llss.
1115 214 1138 244 1.
1717 215 1795 253 239

204 322 281 360 dici
314 322 498 371 potencie
532 321 798 370 cognoscendi
844 323 890 357 de
926 323 1008 357 Deo
1054 323 1159 369 quod
1202 329 1270 355 est.
1320 322 1367 355 Et
1399 319 1507 356 illam
1525 325 1631 353 Those
1654 327 1722 353 who
1743 335 1793 354 are

204 381 322 417 fidem
370 380 559 416 dicuntur
592 379 774 416 homines
826 379 971 427 singuli
1017 379 1164 414 habere
1196 378 1256 415 vel
1295 378 1510 414 formatam
1532 361 1793 431 Πζῑῖῃὲὲρςὲῇζῖὲγ

205 438 381 475 caritatis
415 438 553 474 habitu
586 439 645 474 vel
690 437 916 482 informem,
964 445 1000 472 et
1053 437 1107 473 sic
1156 448 1295 472 omnes
1329 436 1511 472 homines
1528 430 1800 500 retssroqoiiiieffghtelm

110 503 123 516 ‘³
152 496 164 508 ³
204 496 271 545 qui
304 496 462 533 venient
494 498 543 532 ad
577 495 770 532 iudicium
800 493 804 545 Ι
834 494 1021 531 dicuntur
1053 494 1226 542 virgines
1248 494 1309 530 vel
1343 495 1512 541 despon-
1620 500 1709 527 dex-il.

204 554 279 590 sati
324 567 413 591 curn
460 556 556 600 Deo,
610 552 742 601 posito
784 554 892 601 quod
930 552 1007 588 sint
1053 552 1218 588 caritate
1252 551 1362 588 finali
1395 564 1513 599 super

203 612 272 649 tali
295 612 432 648 habitu
458 611 679 657 informati,
713 611 774 647 vel
800 609 1032 658 desponsati
1057 622 1145 646 cum
1172 610 1345 656 diabolo,
1380 609 1512 657 posito

204 671 311 718 quod
356 670 433 705 sint
479 669 640 717 presciti
674 677 711 705 et
743 677 909 716 peccato
956 667 1086 704 finalis
1134 666 1417 716 impenitencie
1455 667 1513 703 in-

205 727 350 764 durati.
404 730 451 763 Et
491 729 561 764 hec
601 726 809 763 distinccio
854 726 1018 762 istarum
1062 727 1199 762 decem
1240 724 1439 773 virginum
1474 724 1513 761 in

207 785 315 822 finali
348 785 500 821 iudicio
534 784 774 833 generaliter
807 784 880 820 erit
912 792 1021 822 nota.

264 844 449 880 Secundo
502 856 574 891 pro
625 842 704 879 alio
749 842 856 878 dicto
903 841 1141 878 Crisostomi
1188 850 1244 877 est
1287 842 1511 877 notandum
1633 847 1699 875 The

206 903 312 949 quod
345 901 560 949 decalogus
585 902 869 937 mandatorum
905 908 960 935 est
984 900 1227 947 quandoque
1250 899 1514 935 subtiliandus
1530 883 1802 953 ffissf¹¹ss2⁰g¹gffi¹t¹etg

206 968 241 995 et
274 960 519 1007 quandoque
552 961 609 1004 (ut
643 958 816 1006 expedit)
847 957 1153 1005 ingrossandus3
1190 966 1226 993 et
1259 957 1314 994 sic
1347 966 1516 1005 possunt
1571 952 1601 979 in
1618 952 1762 1022 &gessem

206 1016 283 1053 dici
337 1018 474 1053 decem
523 1018 712 1053 mandata
755 1017 816 1053 vel
860 1016 1080 1052 secundum
1126 1015 1249 1051 aliurn
1295 1015 1515 1064 quemlibet
1708 1008 1713 1013 ⁷

205 1074 400 1111 maiorem
436 1087 649 1110 numerum
682 1087 790 1111 nunc
823 1075 902 1110 duo
937 1074 1126 1110 mandata
1161 1081 1198 1109 et
1230 1086 1337 1110 nunc
1369 1086 1514 1120 unum3

204 1142 241 1169 et
285 1133 339 1169 sic
372 1132 614 1181 supponitur
654 1134 761 1180 quod
799 1131 986 1179 intelligit
1020 1131 1304 1177 Crisostomus,
1351 1132 1515 1179 quando

205 1190 301 1226 dicit
344 1192 452 1239 quod
499 1190 539 1226 in
583 1203 662 1227 una
695 1191 831 1226 tabula
879 1198 991 1226 erant
1036 1189 1211 1237 quinque
1252 1190 1446 1225 mandata
1480 1197 1516 1225 et

205 1248 244 1284 in
277 1250 453 1284 secunda
477 1248 652 1297 quinque
683 1248 781 1292 alia3
816 1257 852 1284 et
886 1248 988 1284 sicut
1018 1246 1293 1295 applicacione
1318 1248 1366 1283 ad
1390 1247 1514 1283 visam

206 1319 286 1342 non
330 1315 497 1354 possunt
546 1308 621 1342 due
666 1307 799 1342 tabule
844 1307 893 1342 ad
940 1306 1106 1342 eandem
1152 1313 1308 1353 partem
1342 1304 1516 1341 hominis

207 1363 414 1412 applicari,
461 1364 515 1400 sic
560 1377 720 1400 necesse
755 1373 811 1400 est
857 1366 965 1412 quod
999 1364 1047 1399 de
1080 1362 1310 1399 hominibus
1344 1363 1517 1399 finaliter

208 1421 432 1458 iudicandis
465 1422 590 1470 aliqui
614 1423 817 1458 salventur
847 1431 883 1458 et
916 1421 1039 1469 aliqui
1064 1422 1347 1468 dampnentur.
1381 1423 1428 1456 Et
1460 1420 1517 1456 illi

208 1480 478 1516 communiter
510 1480 789 1528 intelliguntur
821 1492 891 1528 per
925 1481 1024 1516 duos
1058 1478 1278 1527 quinarios,
1320 1479 1374 1515 ita
1408 1479 1516 1526 quod

208 1537 384 1586 quinque
417 1538 464 1574 de
498 1546 649 1587 quanto
683 1547 773 1573 sunt
812 1549 1002 1574 numerus
1037 1536 1243 1573 circularis
1278 1549 1517 1584 correspon-

207 1597 299 1632 deat
342 1608 512 1632 numero
557 1597 840 1632 salvandorum
888 1604 923 1631 et
958 1595 1035 1632 alia
1073 1594 1251 1643 quinque
1285 1596 1331 1630 de
1366 1603 1517 1643 quanto

207 1662 298 1689 sunt
343 1666 535 1690 numerus
569 1655 764 1702 superbus
799 1655 1141 1701 correspondeant
1174 1665 1343 1689 numero
1377 1654 1517 1700 damp-

208 1712 453 1759 nandorum3
498 1723 571 1748 nec
616 1712 846 1759 implicatur
880 1724 948 1759 per
982 1712 1055 1747 ista
1097 1712 1205 1759 quod
1239 1710 1302 1746 isti
1335 1712 1414 1746 duo
1447 1723 1518 1746 nu-

208 1768 306 1805 meri
338 1778 430 1806 sunt
462 1770 635 1817 equales,

263 1827 407 1863 Tercio
460 1829 683 1863 notandum
738 1840 810 1875 pro
857 1826 972 1863 dictis
1005 1826 1244 1863 Crisostomi
1284 1827 1392 1874 quod
1427 1839 1516 1862 cum

208 1884 375 1921 ecclesia
407 1885 457 1921 sit
490 1893 596 1921 totus
629 1897 820 1921 numerus
853 1884 1218 1932 predestinatorum
1252 1892 1288 1920 et
1321 1896 1392 1932 per
1425 1896 1518 1920 con-

207 1954 375 1991 sequens
420 1943 550 1991 angeli
583 1942 687 1979 beati
728 1951 818 1979 sunt
850 1955 942 1990 pars
976 1942 1154 1988 ecclesie,
1208 1954 1288 1978 non
1321 1950 1519 1990 repugnat

207 2001 316 2048 quod
350 2013 488 2037 omnes
522 2001 704 2037 homines
739 2000 944 2037 iudicandi
976 2000 1139 2037 veniant
1172 1999 1332 2036 obviam
1367 2012 1515 2048 sponso

208 2067 244 2094 et
278 2070 440 2106 sponse;
495 2072 576 2095 non
610 2060 810 2095 contendo
855 2067 990 2095 tamen
1023 2058 1110 2106 quis
1144 2058 1193 2094 sit
1226 2070 1363 2094 sensus
1398 2070 1517 2106 quem

209 2118 313 2152 Deus
346 2115 430 2152 istis
463 2116 591 2153 verbis
624 2116 860 2164 evangelicis
893 2116 1026 2164 primo
1055 2116 1304 2163 intenderat3
1337 2116 1405 2152 sed
1429 2115 1519 2152 dico

208 2174 282 2210 ista
315 2183 523 2222 tamquam
570 2174 691 2211 michi
738 2174 962 2222 probabilia
1015 2175 1123 2211 salvo
1168 2186 1326 2221 semper
1370 2173 1519 2210 iudicio

209 2231 378 2268 meliori.

266 2289 454 2338 Sequitur
487 2297 619 2325 autem
655 2289 695 2325 in
728 2297 836 2326 textu
869 2289 1056 2326 Matthei:
1104 2290 1182 2325 Sed
1218 2289 1381 2339 quinque
1402 2289 1521 2338 fatue

207 2348 372 2397 acceptis
419 2348 664 2396 lampadibus
695 2360 768 2383 non
800 2356 1048 2397 sumpserunt
1080 2348 1204 2384 oleum
1244 2359 1386 2394 secum,
1424 2359 1520 2396 pru-

209 2406 339 2441 dentes
386 2418 477 2442 vero
511 2412 743 2453 acceperunt
776 2406 901 2442 oleum
935 2406 970 2441 in
1005 2406 1107 2442 vasis
1143 2406 1223 2441 suis
1255 2417 1338 2441 cum
1373 2405 1521 2454 lampa-

208 2463 329 2499 dibus.
377 2464 505 2511 Super
552 2476 631 2512 quo
674 2465 935 2511 Jeronymus:
988 2464 1124 2499 Oleum
1170 2463 1309 2499 habent
1348 2463 1521 2513 virgines

278 2633 291 2651 2
306 2625 353 2653 -3.
375 2625 575 2661 Ai111narg.:
598 2626 687 2653 Fides
700 2626 812 2661 duplex
834 2607 1017 2679 ἶ-ζξῧρέξῇξῇ
1155 2635 1194 2653 ιοΔ
1225 2627 1253 2653 A
1285 2627 1315 2653 i11
1347 2634 1459 2661 marg:
1494 2634 1518 2653 2.

210 2686 246 2705 12.
268 2679 310 2705 A:
333 2678 562 2711 ingrossantus.
688 2677 724 2705 13.
748 2678 786 2705 B:
808 2678 891 2713 quod
908 2678 1064 2705 mandata.
1178 2686 1222 2713 27.
1251 2678 1279 2704 A
1299 2677 1328 2704 in
1351 2685 1464 2712 marg:
1486 2685 1518 2712 3.

208 2712 252 2740 38.
274 2714 300 2739 A
321 2713 351 2739 iu
374 2720 487 2746 marg:
508 2713 702 2745 Jeronrmus.

280 2784 332 2816 35.
371 2783 489 2814 Matth.
514 2784 618 2824 XXV,
660 2785 757 2820 3-4-
858 2783 909 2816 38.
949 2784 1086 2815 Comm.
1126 2785 1158 2815 in
1197 2783 1388 2815 Mattheum
1432 2784 1453 2814 l.
1491 2794 1519 2814 c.

209 2840 284 2872 pag.
313 2832 502 2862 202———203.
