<?xml version="1.0" encoding="UTF-8"?>
<!DOCTYPE html PUBLIC "-//W3C//DTD XHTML 1.0 Transitional//EN"
    "http://www.w3.org/TR/xhtml1/DTD/xhtml1-transitional.dtd">
<html xmlns="http://www.w3.org/1999/xhtml" xml:lang="en" lang="en">
 <head>
  <title>
</title>
<meta http-equiv="Content-Type" content="text/html;charset=utf-8" />
  <meta name='ocr-system' content='tesseract 3.04.00' />
  <meta name='ocr-capabilities' content='ocr_page ocr_carea ocr_par ocr_line ocrx_word'/>
</head>
<body>
  <div class='ocr_page' id='page_1' title='image "./opusevangelicum34wycl/opusevangelicum34wycl_0062.png"; bbox 0 0 1986 3289; ppageno 0'>
   <div class='ocr_carea' id='block_1_1' title="bbox 167 209 218 246">
    <p class='ocr_par' dir='ltr' id='par_1_1' title="bbox 167 209 218 246">
     <span class='ocr_line' id='line_1_1' title="bbox 167 209 218 246; baseline 0 0"><span class='ocrx_word' id='word_1_1' title='bbox 167 209 218 246; x_wconf 82' lang='lat'><strong>24</strong></span> 
     </span>
    </p>
   </div>
   <div class='ocr_carea' id='block_1_2' title="bbox 189 323 417 393">
    <p class='ocr_par' dir='ltr' id='par_1_2' title="bbox 189 323 417 393">
     <span class='ocr_line' id='line_1_2' title="bbox 189 323 417 357; baseline -0.013 -6"><span class='ocrx_word' id='word_1_2' title='bbox 189 324 292 351; x_wconf 81' lang='lat' dir='ltr'><strong>Christ</strong></span> <span class='ocrx_word' id='word_1_3' title='bbox 311 323 417 357; x_wconf 73' lang='lat' dir='ltr'><strong>taught</strong></span> 
     </span>
     <span class='ocr_line' id='line_1_3' title="bbox 224 358 373 393; baseline -0.02 -8"><span class='ocrx_word' id='word_1_4' title='bbox 224 359 240 385; x_wconf 84' lang='lat' dir='ltr'><strong>h</strong></span> <span class='ocrx_word' id='word_1_5' title='bbox 247 358 340 385; x_wconf 70' lang='lat' dir='ltr'><strong>umiln</strong></span> <span class='ocrx_word' id='word_1_6' title='bbox 347 365 373 393; x_wconf 90' lang='lat' dir='ltr'><strong>y.</strong></span> 
     </span>
    </p>
   </div>
   <div class='ocr_carea' id='block_1_3' title="bbox 166 830 441 969">
    <p class='ocr_par' dir='ltr' id='par_1_3' title="bbox 166 830 441 969">
     <span class='ocr_line' id='line_1_4' title="bbox 219 830 381 858; baseline -0.006 0"><span class='ocrx_word' id='word_1_7' title='bbox 219 832 260 858; x_wconf 77' lang='lat' dir='ltr'><strong>Po</strong></span> <span class='ocrx_word' id='word_1_8' title='bbox 287 839 301 857; x_wconf 90' lang='lat' dir='ltr'><strong>e</strong></span> <span class='ocrx_word' id='word_1_9' title='bbox 322 830 381 857; x_wconf 83' lang='lat' dir='ltr'><strong>and</strong></span> 
     </span>
     <span class='ocr_line' id='line_1_5' title="bbox 211 870 400 901; baseline -0.016 -7"><span class='ocrx_word' id='word_1_10' title='bbox 211 874 263 901; x_wconf 83' lang='lat' dir='ltr'><strong>pre</strong></span> <span class='ocrx_word' id='word_1_11' title='bbox 277 870 341 892; x_wconf 85' lang='lat' dir='ltr'><strong>ates</strong></span> <span class='ocrx_word' id='word_1_12' title='bbox 362 873 400 899; x_wconf 83' lang='lat' dir='ltr'><strong>go</strong></span> 
     </span>
     <span class='ocr_line' id='line_1_6' title="bbox 166 899 441 936; baseline -0.004 -9"><span class='ocrx_word' id='word_1_13' title='bbox 166 901 284 936; x_wconf 78' lang='lat' dir='ltr'>against</span> <span class='ocrx_word' id='word_1_14' title='bbox 309 899 441 927; x_wconf 74' lang='lat' dir='ltr'><strong>Christ&#39;s</strong></span> 
     </span>
     <span class='ocr_line' id='line_1_7' title="bbox 228 935 379 969; baseline -0.007 -7"><span class='ocrx_word' id='word_1_15' title='bbox 228 935 379 969; x_wconf 78' lang='lat' dir='ltr'><strong>teaching.</strong></span> 
     </span>
    </p>
   </div>
   <div class='ocr_carea' id='block_1_4' title="bbox 181 2204 448 2309">
    <p class='ocr_par' dir='ltr' id='par_1_4' title="bbox 181 2204 448 2309">
     <span class='ocr_line' id='line_1_8' title="bbox 209 2204 428 2240; baseline -0.005 -10"><span class='ocrx_word' id='word_1_16' title='bbox 209 2204 412 2240; x_wconf 75' lang='lat' dir='ltr'><strong>Chrysostom</strong></span> <span class='ocrx_word' id='word_1_17' title='bbox 424 2213 428 2229; x_wconf 98' lang='lat'><strong>:</strong></span> 
     </span>
     <span class='ocr_line' id='line_1_9' title="bbox 181 2240 448 2274; baseline 0.004 -9"><span class='ocrx_word' id='word_1_18' title='bbox 181 2240 302 2274; x_wconf 69' lang='lat' dir='ltr'><strong>[muger</strong></span> <span class='ocrx_word' id='word_1_19' title='bbox 323 2240 357 2266; x_wconf 82' lang='lat' dir='ltr'><strong>of</strong></span> <span class='ocrx_word' id='word_1_20' title='bbox 373 2240 448 2266; x_wconf 67' lang='lat' dir='ltr'><strong>salse</strong></span> 
     </span>
     <span class='ocr_line' id='line_1_10' title="bbox 233 2274 386 2309; baseline 0 -9"><span class='ocrx_word' id='word_1_21' title='bbox 233 2274 386 2309; x_wconf 81' lang='lat' dir='ltr'><strong>humility.</strong></span> 
     </span>
    </p>
   </div>
   <div class='ocr_carea' id='block_1_5' title="bbox 762 196 1760 252">
    <p class='ocr_par' dir='ltr' id='par_1_5' title="bbox 762 196 1760 252">
     <span class='ocr_line' id='line_1_11' title="bbox 762 196 1760 252; baseline -0.005 -12"><span class='ocrx_word' id='word_1_22' title='bbox 762 208 879 241; x_wconf 70' lang='lat' dir='ltr'><strong>opus</strong></span> <span class='ocrx_word' id='word_1_23' title='bbox 906 209 1241 242; x_wconf 78' lang='lat' dir='ltr'>EVANGELICUM</span> <span class='ocrx_word' id='word_1_24' title='bbox 1271 209 1353 242; x_wconf 64' lang='grc' dir='ltr'><strong>ΗΒ.</strong></span> <span class='ocrx_word' id='word_1_25' title='bbox 1380 210 1433 241; x_wconf 84' lang='lat'><em>111.</em></span> <span class='ocrx_word' id='word_1_26' title='bbox 1565 196 1673 252; x_wconf 76' lang='lat' dir='ltr'>[CAP.</span> <span class='ocrx_word' id='word_1_27' title='bbox 1692 207 1760 236; x_wconf 84' lang='lat' dir='ltr'><strong>vn.</strong></span> 
     </span>
    </p>
   </div>
   <div class='ocr_carea' id='block_1_6' title="bbox 454 316 1829 1988">
    <p class='ocr_par' dir='ltr' id='par_1_6' title="bbox 454 316 1798 826">
     <span class='ocr_line' id='line_1_12' title="bbox 513 316 1763 366; baseline 0.002 -15"><span class='ocrx_word' id='word_1_28' title='bbox 513 318 696 352; x_wconf 85' lang='lat' dir='ltr'><strong>Secundo</strong></span> <span class='ocrx_word' id='word_1_29' title='bbox 742 316 887 352; x_wconf 85' lang='lat' dir='ltr'><strong>diffinit</strong></span> <span class='ocrx_word' id='word_1_30' title='bbox 932 316 1113 353; x_wconf 87' lang='lat' dir='ltr'><strong>Christus</strong></span> <span class='ocrx_word' id='word_1_31' title='bbox 1158 319 1266 365; x_wconf 90' lang='lat' dir='ltr'><strong>quod</strong></span> <span class='ocrx_word' id='word_1_32' title='bbox 1310 319 1358 354; x_wconf 90' lang='lat' dir='ltr'><strong>de</strong></span> <span class='ocrx_word' id='word_1_33' title='bbox 1403 326 1553 366; x_wconf 88' lang='lat' dir='ltr'><strong>quanto</strong></span> <span class='ocrx_word' id='word_1_34' title='bbox 1599 317 1763 365; x_wconf 83' lang='lat' dir='ltr'>aliquod</span> 
     </span>
     <span class='ocr_line' id='line_1_13' title="bbox 456 374 1762 423; baseline 0.001 -14"><span class='ocrx_word' id='word_1_35' title='bbox 456 375 680 410; x_wconf 84' lang='lat' dir='ltr'>membrum</span> <span class='ocrx_word' id='word_1_36' title='bbox 716 374 880 410; x_wconf 80' lang='lat' dir='ltr'><strong>ecclesie</strong></span> <span class='ocrx_word' id='word_1_37' title='bbox 913 383 970 410; x_wconf 91' lang='lat' dir='ltr'><strong>est</strong></span> <span class='ocrx_word' id='word_1_38' title='bbox 1003 374 1205 420; x_wconf 88' lang='lat' dir='ltr'><strong>humilius,</strong></span> <span class='ocrx_word' id='word_1_39' title='bbox 1239 376 1287 411; x_wconf 92' lang='lat' dir='ltr'><strong>de</strong></span> <span class='ocrx_word' id='word_1_40' title='bbox 1319 384 1430 412; x_wconf 86' lang='lat' dir='ltr'><strong>tanto</strong></span> <span class='ocrx_word' id='word_1_41' title='bbox 1456 376 1562 423; x_wconf 89' lang='lat' dir='ltr'><strong>apud</strong></span> <span class='ocrx_word' id='word_1_42' title='bbox 1585 374 1762 411; x_wconf 88' lang='lat' dir='ltr'><strong>divinum</strong></span> 
     </span>
     <span class='ocr_line' id='line_1_14' title="bbox 454 431 1764 469; baseline 0.002 -3"><span class='ocrx_word' id='word_1_43' title='bbox 454 431 647 467; x_wconf 89' lang='lat' dir='ltr'><strong>iudicium</strong></span> <span class='ocrx_word' id='word_1_44' title='bbox 682 431 756 468; x_wconf 89' lang='lat' dir='ltr'><strong>erit</strong></span> <span class='ocrx_word' id='word_1_45' title='bbox 789 432 931 469; x_wconf 84' lang='lat' dir='ltr'><strong>maius.</strong></span> <span class='ocrx_word' id='word_1_46' title='bbox 966 434 1014 467; x_wconf 88' lang='lat' dir='ltr'><strong>Et</strong></span> <span class='ocrx_word' id='word_1_47' title='bbox 1046 432 1101 468; x_wconf 90' lang='lat' dir='ltr'><strong>sic</strong></span> <span class='ocrx_word' id='word_1_48' title='bbox 1125 445 1214 469; x_wconf 88' lang='lat' dir='ltr'><strong>cum</strong></span> <span class='ocrx_word' id='word_1_49' title='bbox 1240 433 1421 469; x_wconf 86' lang='lat' dir='ltr'><strong>Christus</strong></span> <span class='ocrx_word' id='word_1_50' title='bbox 1444 433 1494 469; x_wconf 91' lang='lat' dir='ltr'><strong>sit</strong></span> <span class='ocrx_word' id='word_1_51' title='bbox 1516 432 1764 469; x_wconf 90' lang='lat' dir='ltr'><strong>humillimus</strong></span> 
     </span>
     <span class='ocr_line' id='line_1_15' title="bbox 454 489 1765 539; baseline 0.002 -14"><span class='ocrx_word' id='word_1_52' title='bbox 454 489 606 537; x_wconf 69' lang='lat' dir='ltr'><strong>positus</strong></span> <span class='ocrx_word' id='word_1_53' title='bbox 651 489 691 526; x_wconf 91' lang='lat' dir='ltr'><strong>in</strong></span> <span class='ocrx_word' id='word_1_54' title='bbox 737 490 870 526; x_wconf 91' lang='lat' dir='ltr'><strong>medio</strong></span> <span class='ocrx_word' id='word_1_55' title='bbox 917 490 1077 526; x_wconf 88' lang='lat' dir='ltr'><strong>illorum</strong></span> <span class='ocrx_word' id='word_1_56' title='bbox 1112 503 1202 526; x_wconf 91' lang='lat' dir='ltr'><strong>cum</strong></span> <span class='ocrx_word' id='word_1_57' title='bbox 1235 491 1303 527; x_wconf 90' lang='lat' dir='ltr'><strong>illo</strong></span> <span class='ocrx_word' id='word_1_58' title='bbox 1337 491 1516 539; x_wconf 83' lang='lat' dir='ltr'><strong>parvulo,</strong></span> <span class='ocrx_word' id='word_1_59' title='bbox 1557 491 1674 539; x_wconf 85' lang='lat' dir='ltr'><strong>plane</strong></span> <span class='ocrx_word' id='word_1_60' title='bbox 1706 503 1765 527; x_wconf 89' lang='lat' dir='ltr'><strong>se-</strong></span> 
     </span>
     <span class='ocr_line' id='line_1_16' title="bbox 455 547 1798 597; baseline 0 -15"><span class='ocrx_word' id='word_1_61' title='bbox 455 547 590 595; x_wconf 89' lang='lat' dir='ltr'><strong>quitur</strong></span> <span class='ocrx_word' id='word_1_62' title='bbox 623 547 825 584; x_wconf 82' lang='lat' dir='ltr'>Christum</span> <span class='ocrx_word' id='word_1_63' title='bbox 860 560 943 584; x_wconf 83' lang='lat' dir='ltr'><strong>esse</strong></span> <span class='ocrx_word' id='word_1_64' title='bbox 976 547 1209 597; x_wconf 83' lang='lat' dir='ltr'><strong>maximum,</strong></span> <span class='ocrx_word' id='word_1_65' title='bbox 1249 548 1342 597; x_wconf 91' lang='lat' dir='ltr'><strong>quia</strong></span> <span class='ocrx_word' id='word_1_66' title='bbox 1381 558 1500 597; x_wconf 86' lang='lat' dir='ltr'><strong>caput</strong></span> <span class='ocrx_word' id='word_1_67' title='bbox 1531 548 1798 585; x_wconf 73' lang='lat' dir='ltr'><strong>univers‘alisB</strong></span> 
     </span>
     <span class='ocr_line' id='line_1_17' title="bbox 456 605 1766 655; baseline 0 -14"><span class='ocrx_word' id='word_1_68' title='bbox 456 605 635 641; x_wconf 82' lang='lat' dir='ltr'><strong>ecclesie.</strong></span> <span class='ocrx_word' id='word_1_69' title='bbox 680 608 728 641; x_wconf 89' lang='lat' dir='ltr'><strong>Et</strong></span> <span class='ocrx_word' id='word_1_70' title='bbox 763 605 988 654; x_wconf 83' lang='lat' dir='ltr'><strong>intelligunt</strong></span> <span class='ocrx_word' id='word_1_71' title='bbox 1020 606 1145 654; x_wconf 83' lang='lat' dir='ltr'>aliqui</span> <span class='ocrx_word' id='word_1_72' title='bbox 1184 608 1379 654; x_wconf 88' lang='lat' dir='ltr'><strong>quosdam</strong></span> <span class='ocrx_word' id='word_1_73' title='bbox 1413 615 1574 643; x_wconf 87' lang='lat' dir='ltr'><strong>sanctos</strong></span> <span class='ocrx_word' id='word_1_74' title='bbox 1607 606 1675 655; x_wconf 88' lang='lat' dir='ltr'><strong>qui</strong></span> <span class='ocrx_word' id='word_1_75' title='bbox 1709 606 1766 642; x_wconf 87' lang='lat' dir='ltr'><strong>di-</strong></span> 
     </span>
     <span class='ocr_line' id='line_1_18' title="bbox 456 663 1766 712; baseline 0.001 -14"><span class='ocrx_word' id='word_1_76' title='bbox 456 672 550 699; x_wconf 88' lang='lat' dir='ltr'><strong>cunt</strong></span> <span class='ocrx_word' id='word_1_77' title='bbox 582 664 689 711; x_wconf 89' lang='lat' dir='ltr'><strong>quod</strong></span> <span class='ocrx_word' id='word_1_78' title='bbox 713 663 778 700; x_wconf 91' lang='lat' dir='ltr'><strong>ille</strong></span> <span class='ocrx_word' id='word_1_79' title='bbox 801 664 989 712; x_wconf 82' lang='lat' dir='ltr'><strong>parvulus</strong></span> <span class='ocrx_word' id='word_1_80' title='bbox 1011 664 1085 700; x_wconf 89' lang='lat' dir='ltr'><strong>fuit</strong></span> <span class='ocrx_word' id='word_1_81' title='bbox 1109 664 1302 704; x_wconf 82' lang='lat' dir='ltr'><strong>Christus.</strong></span> <span class='ocrx_word' id='word_1_82' title='bbox 1335 664 1424 700; x_wconf 82' lang='lat' dir='ltr'>Fuit</span> <span class='ocrx_word' id='word_1_83' title='bbox 1448 664 1552 701; x_wconf 93' lang='lat' dir='ltr'><strong>enim</strong></span> <span class='ocrx_word' id='word_1_84' title='bbox 1588 663 1766 701; x_wconf 91' lang='lat' dir='ltr'><strong>Christus</strong></span> 
     </span>
     <span class='ocr_line' id='line_1_19' title="bbox 456 721 1767 771; baseline 0.001 -15"><span class='ocrx_word' id='word_1_85' title='bbox 456 721 677 768; x_wconf 81' lang='lat' dir='ltr'><strong>figuraliter</strong></span> <span class='ocrx_word' id='word_1_86' title='bbox 720 721 813 758; x_wconf 90' lang='lat' dir='ltr'><strong>licet</strong></span> <span class='ocrx_word' id='word_1_87' title='bbox 844 735 925 758; x_wconf 89' lang='lat' dir='ltr'><strong>non</strong></span> <span class='ocrx_word' id='word_1_88' title='bbox 958 721 1031 758; x_wconf 91' lang='lat' dir='ltr'><strong>fuit</strong></span> <span class='ocrx_word' id='word_1_89' title='bbox 1064 721 1147 770; x_wconf 87' lang='lat' dir='ltr'><strong>ipse</strong></span> <span class='ocrx_word' id='word_1_90' title='bbox 1180 722 1457 771; x_wconf 80' lang='lat' dir='ltr'><strong>personaliter,</strong></span> <span class='ocrx_word' id='word_1_91' title='bbox 1502 731 1546 758; x_wconf 88' lang='lat' dir='ltr'><strong>ut</strong></span> <span class='ocrx_word' id='word_1_92' title='bbox 1583 731 1693 771; x_wconf 86' lang='lat' dir='ltr'><strong>patet</strong></span> <span class='ocrx_word' id='word_1_93' title='bbox 1724 733 1767 758; x_wconf 85' lang='lat' dir='ltr'><strong>ex</strong></span> 
     </span>
     <span class='ocr_line' id='line_1_20' title="bbox 458 778 1519 826; baseline 0.002 -12"><span class='ocrx_word' id='word_1_94' title='bbox 458 778 668 826; x_wconf 88' lang='lat' dir='ltr'><strong>multiplici</strong></span> <span class='ocrx_word' id='word_1_95' title='bbox 702 779 998 817; x_wconf 88' lang='lat' dir='ltr'><strong>concordancia</strong></span> <span class='ocrx_word' id='word_1_96' title='bbox 1030 779 1195 816; x_wconf 88' lang='lat' dir='ltr'><strong>historie</strong></span> <span class='ocrx_word' id='word_1_97' title='bbox 1227 780 1344 816; x_wconf 87' lang='lat' dir='ltr'><strong>huius</strong></span> <span class='ocrx_word' id='word_1_98' title='bbox 1376 789 1519 817; x_wconf 85' lang='lat' dir='ltr'><strong>textus.</strong></span> 
     </span>
    </p>

    <p class='ocr_par' dir='ltr' id='par_1_7' title="bbox 456 837 1829 1988">
     <span class='ocr_line' id='line_1_21' title="bbox 514 837 1825 886; baseline -0.002 -14"><span class='ocrx_word' id='word_1_99' title='bbox 514 838 592 873; x_wconf 84' lang='lat' dir='ltr'><strong>Ista</strong></span> <span class='ocrx_word' id='word_1_100' title='bbox 625 846 758 874; x_wconf 89' lang='lat' dir='ltr'><strong>autem</strong></span> <span class='ocrx_word' id='word_1_101' title='bbox 793 837 940 874; x_wconf 86' lang='lat' dir='ltr'>Christi</span> <span class='ocrx_word' id='word_1_102' title='bbox 974 837 1167 874; x_wconf 87' lang='lat' dir='ltr'><strong>diffinicio</strong></span> <span class='ocrx_word' id='word_1_103' title='bbox 1199 851 1270 886; x_wconf 86' lang='lat' dir='ltr'><strong>per</strong></span> <span class='ocrx_word' id='word_1_104' title='bbox 1291 837 1582 874; x_wconf 88' lang='lat' dir='ltr'><strong>Antichristum</strong></span> <span class='ocrx_word' id='word_1_105' title='bbox 1607 846 1644 874; x_wconf 86' lang='lat' dir='ltr'><strong>et</strong></span> <span class='ocrx_word' id='word_1_106' title='bbox 1675 850 1825 874; x_wconf 89' lang='lat' dir='ltr'><strong>suos1o</strong></span> 
     </span>
     <span class='ocr_line' id='line_1_22' title="bbox 458 894 1767 944; baseline 0.001 -14"><span class='ocrx_word' id='word_1_107' title='bbox 458 894 675 942; x_wconf 88' lang='lat' dir='ltr'><strong>complices</strong></span> <span class='ocrx_word' id='word_1_108' title='bbox 721 895 998 944; x_wconf 88' lang='lat' dir='ltr'><strong>multipliciter</strong></span> <span class='ocrx_word' id='word_1_109' title='bbox 1031 905 1087 932; x_wconf 92' lang='lat' dir='ltr'><strong>est</strong></span> <span class='ocrx_word' id='word_1_110' title='bbox 1119 896 1262 944; x_wconf 87' lang='lat' dir='ltr'><strong>sopita,</strong></span> <span class='ocrx_word' id='word_1_111' title='bbox 1303 906 1440 933; x_wconf 88' lang='lat' dir='ltr'><strong>tamen</strong></span> <span class='ocrx_word' id='word_1_112' title='bbox 1471 905 1515 932; x_wconf 89' lang='lat' dir='ltr'><strong>ut</strong></span> <span class='ocrx_word' id='word_1_113' title='bbox 1547 896 1644 932; x_wconf 89' lang='lat' dir='ltr'><strong>fides</strong></span> <span class='ocrx_word' id='word_1_114' title='bbox 1676 908 1767 943; x_wconf 90' lang='lat' dir='ltr'><strong>sup-</strong></span> 
     </span>
     <span class='ocr_line' id='line_1_23' title="bbox 456 952 1767 1002; baseline 0.001 -14"><span class='ocrx_word' id='word_1_115' title='bbox 456 952 622 1000; x_wconf 86' lang='lat' dir='ltr'>ponitur</span> <span class='ocrx_word' id='word_1_116' title='bbox 660 955 769 1002; x_wconf 86' lang='lat' dir='ltr'><strong>quod</strong></span> <span class='ocrx_word' id='word_1_117' title='bbox 803 966 909 1002; x_wconf 83' lang='lat' dir='ltr'><strong>papa</strong></span> <span class='ocrx_word' id='word_1_118' title='bbox 948 954 998 991; x_wconf 86' lang='lat' dir='ltr'><strong>sit</strong></span> <span class='ocrx_word' id='word_1_119' title='bbox 1031 954 1161 991; x_wconf 83' lang='lat' dir='ltr'><strong>maior</strong></span> <span class='ocrx_word' id='word_1_120' title='bbox 1194 954 1359 991; x_wconf 86' lang='lat' dir='ltr'><strong>ecclesie</strong></span> <span class='ocrx_word' id='word_1_121' title='bbox 1393 954 1602 990; x_wconf 87' lang='lat' dir='ltr'><strong>militantis</strong></span> <span class='ocrx_word' id='word_1_122' title='bbox 1636 962 1673 990; x_wconf 91' lang='lat' dir='ltr'><strong>et</strong></span> <span class='ocrx_word' id='word_1_123' title='bbox 1695 954 1767 989; x_wconf 89' lang='lat' dir='ltr'><strong>sub</strong></span> 
     </span>
     <span class='ocr_line' id='line_1_24' title="bbox 457 1010 1768 1060; baseline 0.002 -15"><span class='ocrx_word' id='word_1_124' title='bbox 457 1010 545 1058; x_wconf 87' lang='lat' dir='ltr'><strong>ipso</strong></span> <span class='ocrx_word' id='word_1_125' title='bbox 597 1011 740 1059; x_wconf 87' lang='lat' dir='ltr'><strong>prelati</strong></span> <span class='ocrx_word' id='word_1_126' title='bbox 774 1011 855 1058; x_wconf 86' lang='lat' dir='ltr'><strong>alii,</strong></span> <span class='ocrx_word' id='word_1_127' title='bbox 901 1012 1266 1060; x_wconf 88' lang='lat' dir='ltr'><strong>proporcionaliter</strong></span> <span class='ocrx_word' id='word_1_128' title='bbox 1316 1021 1359 1048; x_wconf 89' lang='lat' dir='ltr'><strong>ut</strong></span> <span class='ocrx_word' id='word_1_129' title='bbox 1404 1013 1511 1060; x_wconf 86' lang='lat' dir='ltr'><strong>apud</strong></span> <span class='ocrx_word' id='word_1_130' title='bbox 1555 1011 1685 1060; x_wconf 88' lang='lat' dir='ltr'><strong>ipsum</strong></span> <span class='ocrx_word' id='word_1_131' title='bbox 1731 1020 1768 1047; x_wconf 93' lang='lat' dir='ltr'><strong>et</strong></span> 
     </span>
     <span class='ocr_line' id='line_1_25' title="bbox 458 1069 1766 1115; baseline 0.001 -11"><span class='ocrx_word' id='word_1_132' title='bbox 458 1070 651 1105; x_wconf 90' lang='lat' dir='ltr'><strong>mundum</strong></span> <span class='ocrx_word' id='word_1_133' title='bbox 697 1078 789 1106; x_wconf 88' lang='lat' dir='ltr'><strong>sunt</strong></span> <span class='ocrx_word' id='word_1_134' title='bbox 832 1069 872 1106; x_wconf 91' lang='lat' dir='ltr'><strong>in</strong></span> <span class='ocrx_word' id='word_1_135' title='bbox 905 1070 1117 1106; x_wconf 87' lang='lat' dir='ltr'><strong>mundanis</strong></span> <span class='ocrx_word' id='word_1_136' title='bbox 1163 1069 1335 1106; x_wconf 91' lang='lat' dir='ltr'><strong>dominis</strong></span> <span class='ocrx_word' id='word_1_137' title='bbox 1376 1069 1546 1115; x_wconf 83' lang='lat' dir='ltr'><strong>exaltati,</strong></span> <span class='ocrx_word' id='word_1_138' title='bbox 1593 1078 1629 1106; x_wconf 91' lang='lat' dir='ltr'><strong>et</strong></span> <span class='ocrx_word' id='word_1_139' title='bbox 1677 1082 1766 1105; x_wconf 88' lang='lat' dir='ltr'><strong>cum</strong></span> 
     </span>
     <span class='ocr_line' id='line_1_26' title="bbox 457 1126 1824 1176; baseline 0.001 -14"><span class='ocrx_word' id='word_1_140' title='bbox 457 1127 557 1163; x_wconf 88' lang='lat' dir='ltr'><strong>tales</strong></span> <span class='ocrx_word' id='word_1_141' title='bbox 589 1127 668 1163; x_wconf 89' lang='lat' dir='ltr'><strong>sint</strong></span> <span class='ocrx_word' id='word_1_142' title='bbox 701 1127 937 1176; x_wconf 84' lang='lat' dir='ltr'><strong>regulariter</strong></span> <span class='ocrx_word' id='word_1_143' title='bbox 970 1128 1153 1164; x_wconf 85' lang='lat' dir='ltr'><strong>fidelibus</strong></span> <span class='ocrx_word' id='word_1_144' title='bbox 1188 1128 1318 1164; x_wconf 89' lang='lat' dir='ltr'><strong>minus</strong></span> <span class='ocrx_word' id='word_1_145' title='bbox 1341 1128 1525 1174; x_wconf 78' lang='lat' dir='ltr'><strong>humiles,</strong></span> <span class='ocrx_word' id='word_1_146' title='bbox 1561 1126 1768 1163; x_wconf 89' lang='lat' dir='ltr'><strong>manifeste</strong></span> <span class='ocrx_word' id='word_1_147' title='bbox 1788 1128 1824 1160; x_wconf 74' lang='lat'><strong>15</strong></span> 
     </span>
     <span class='ocr_line' id='line_1_27' title="bbox 457 1185 1768 1233; baseline 0.001 -13"><span class='ocrx_word' id='word_1_148' title='bbox 457 1193 567 1232; x_wconf 83' lang='lat' dir='ltr'><strong>patet</strong></span> <span class='ocrx_word' id='word_1_149' title='bbox 601 1187 710 1233; x_wconf 91' lang='lat' dir='ltr'><strong>quod</strong></span> <span class='ocrx_word' id='word_1_150' title='bbox 741 1185 1012 1223; x_wconf 87' lang='lat' dir='ltr'><strong>Antichristus</strong></span> <span class='ocrx_word' id='word_1_151' title='bbox 1057 1198 1100 1223; x_wconf 88' lang='lat' dir='ltr'><strong>ex</strong></span> <span class='ocrx_word' id='word_1_152' title='bbox 1139 1199 1210 1222; x_wconf 88' lang='lat' dir='ltr'><strong>sua</strong></span> <span class='ocrx_word' id='word_1_153' title='bbox 1242 1195 1382 1222; x_wconf 86' lang='lat' dir='ltr'><strong>vocata</strong></span> <span class='ocrx_word' id='word_1_154' title='bbox 1420 1185 1657 1222; x_wconf 88' lang='lat' dir='ltr'><strong>ordinancia</strong></span> <span class='ocrx_word' id='word_1_155' title='bbox 1703 1186 1768 1221; x_wconf 89' lang='lat' dir='ltr'><strong>de-</strong></span> 
     </span>
     <span class='ocr_line' id='line_1_28' title="bbox 457 1242 1769 1292; baseline 0 -14"><span class='ocrx_word' id='word_1_156' title='bbox 457 1242 575 1279; x_wconf 86' lang='lat' dir='ltr'><strong>struit</strong></span> <span class='ocrx_word' id='word_1_157' title='bbox 607 1252 759 1291; x_wconf 87' lang='lat' dir='ltr'><strong>quanto</strong></span> <span class='ocrx_word' id='word_1_158' title='bbox 788 1244 828 1280; x_wconf 93' lang='lat' dir='ltr'><strong>in</strong></span> <span class='ocrx_word' id='word_1_159' title='bbox 852 1244 938 1292; x_wconf 88' lang='lat' dir='ltr'><strong>ipso</strong></span> <span class='ocrx_word' id='word_1_160' title='bbox 972 1252 1030 1281; x_wconf 89' lang='lat' dir='ltr'><strong>est</strong></span> <span class='ocrx_word' id='word_1_161' title='bbox 1061 1243 1340 1281; x_wconf 89' lang='lat' dir='ltr'><strong>ordinanciam</strong></span> <span class='ocrx_word' id='word_1_162' title='bbox 1372 1245 1463 1280; x_wconf 89' lang='lat' dir='ltr'><strong>Jesu</strong></span> <span class='ocrx_word' id='word_1_163' title='bbox 1497 1242 1658 1280; x_wconf 90' lang='lat' dir='ltr'><strong>Christi.</strong></span> <span class='ocrx_word' id='word_1_164' title='bbox 1692 1243 1769 1279; x_wconf 88' lang='lat' dir='ltr'><strong>Sed</strong></span> 
     </span>
     <span class='ocr_line' id='line_1_29' title="bbox 458 1300 1769 1350; baseline 0 -14"><span class='ocrx_word' id='word_1_165' title='bbox 458 1302 668 1337; x_wconf 83' lang='lat' dir='ltr'><strong>credamus</strong></span> <span class='ocrx_word' id='word_1_166' title='bbox 713 1301 805 1338; x_wconf 91' lang='lat' dir='ltr'><strong>huic</strong></span> <span class='ocrx_word' id='word_1_167' title='bbox 853 1302 924 1339; x_wconf 91' lang='lat' dir='ltr'><strong>Dei</strong></span> <span class='ocrx_word' id='word_1_168' title='bbox 969 1301 1213 1348; x_wconf 88' lang='lat' dir='ltr'><strong>definicioni,</strong></span> <span class='ocrx_word' id='word_1_169' title='bbox 1265 1302 1359 1350; x_wconf 88' lang='lat' dir='ltr'><strong>quia</strong></span> <span class='ocrx_word' id='word_1_170' title='bbox 1403 1300 1566 1337; x_wconf 87' lang='lat' dir='ltr'><strong>indubie</strong></span> <span class='ocrx_word' id='word_1_171' title='bbox 1611 1310 1769 1349; x_wconf 88' lang='lat' dir='ltr'><strong>tempus</strong></span> 
     </span>
     <span class='ocr_line' id='line_1_30' title="bbox 457 1358 1770 1408; baseline 0 -14"><span class='ocrx_word' id='word_1_172' title='bbox 457 1358 601 1405; x_wconf 90' lang='lat' dir='ltr'><strong>veniet,</strong></span> <span class='ocrx_word' id='word_1_173' title='bbox 648 1361 810 1408; x_wconf 88' lang='lat' dir='ltr'><strong>quando</strong></span> <span class='ocrx_word' id='word_1_174' title='bbox 855 1373 990 1397; x_wconf 87' lang='lat' dir='ltr'><strong>coram</strong></span> <span class='ocrx_word' id='word_1_175' title='bbox 1024 1362 1109 1396; x_wconf 92' lang='lat' dir='ltr'><strong>Deo</strong></span> <span class='ocrx_word' id='word_1_176' title='bbox 1154 1369 1191 1396; x_wconf 91' lang='lat' dir='ltr'><strong>et</strong></span> <span class='ocrx_word' id='word_1_177' title='bbox 1230 1359 1379 1408; x_wconf 83' lang='lat' dir='ltr'><strong>angelis</strong></span> <span class='ocrx_word' id='word_1_178' title='bbox 1413 1359 1487 1395; x_wconf 90' lang='lat' dir='ltr'><strong>erit</strong></span> <span class='ocrx_word' id='word_1_179' title='bbox 1518 1359 1593 1395; x_wconf 82' lang='lat' dir='ltr'><strong>ista</strong></span> <span class='ocrx_word' id='word_1_180' title='bbox 1625 1358 1770 1395; x_wconf 91' lang='lat' dir='ltr'><strong>veritas</strong></span> 
     </span>
     <span class='ocr_line' id='line_1_31' title="bbox 459 1416 1829 1466; baseline 0 -14"><span class='ocrx_word' id='word_1_181' title='bbox 459 1416 542 1453; x_wconf 88' lang='lat' dir='ltr'><strong>sine</strong></span> <span class='ocrx_word' id='word_1_182' title='bbox 575 1417 845 1466; x_wconf 82' lang='lat' dir='ltr'><strong>repugnancia</strong></span> <span class='ocrx_word' id='word_1_183' title='bbox 879 1419 1096 1464; x_wconf 85' lang='lat' dir='ltr'><strong>declarata,</strong></span> <span class='ocrx_word' id='word_1_184' title='bbox 1130 1427 1167 1454; x_wconf 91' lang='lat' dir='ltr'><strong>et</strong></span> <span class='ocrx_word' id='word_1_185' title='bbox 1199 1417 1358 1454; x_wconf 89' lang='lat' dir='ltr'><strong>interim</strong></span> <span class='ocrx_word' id='word_1_186' title='bbox 1392 1426 1600 1453; x_wconf 86' lang='lat' dir='ltr'><strong>teneamus</strong></span> <span class='ocrx_word' id='word_1_187' title='bbox 1634 1416 1770 1453; x_wconf 86' lang='lat' dir='ltr'><strong>condi·</strong></span> <span class='ocrx_word' id='word_1_188' title='bbox 1786 1426 1829 1448; x_wconf 90' lang='lat'><strong>20</strong></span> 
     </span>
     <span class='ocr_line' id='line_1_32' title="bbox 460 1473 1770 1526; baseline 0 -16"><span class='ocrx_word' id='word_1_189' title='bbox 460 1474 615 1511; x_wconf 89' lang='lat' dir='ltr'><strong>cionem</strong></span> <span class='ocrx_word' id='word_1_190' title='bbox 649 1476 818 1526; x_wconf 83' lang='lat' dir='ltr'><strong>parvuli,</strong></span> <span class='ocrx_word' id='word_1_191' title='bbox 852 1485 894 1512; x_wconf 91' lang='lat' dir='ltr'><strong>ut</strong></span> <span class='ocrx_word' id='word_1_192' title='bbox 927 1476 1051 1512; x_wconf 89' lang='lat' dir='ltr'><strong>simus</strong></span> <span class='ocrx_word' id='word_1_193' title='bbox 1084 1485 1178 1512; x_wconf 90' lang='lat' dir='ltr'><strong>tunc</strong></span> <span class='ocrx_word' id='word_1_194' title='bbox 1212 1476 1337 1524; x_wconf 84' lang='lat' dir='ltr'><strong>magis</strong></span> <span class='ocrx_word' id='word_1_195' title='bbox 1369 1474 1522 1512; x_wconf 89' lang='lat' dir='ltr'><strong>habiles</strong></span> <span class='ocrx_word' id='word_1_196' title='bbox 1561 1476 1611 1511; x_wconf 84' lang='lat' dir='ltr'><strong>ad</strong></span> <span class='ocrx_word' id='word_1_197' title='bbox 1644 1473 1770 1523; x_wconf 91' lang='lat' dir='ltr'><strong>perci—</strong></span> 
     </span>
     <span class='ocr_line' id='line_1_33' title="bbox 459 1532 1771 1581; baseline 0 -13"><span class='ocrx_word' id='word_1_198' title='bbox 459 1532 649 1580; x_wconf 88' lang='lat' dir='ltr'><strong>piendum</strong></span> <span class='ocrx_word' id='word_1_199' title='bbox 683 1534 858 1570; x_wconf 85' lang='lat' dir='ltr'><strong>fructum</strong></span> <span class='ocrx_word' id='word_1_200' title='bbox 892 1534 998 1581; x_wconf 86' lang='lat' dir='ltr'><strong>fidei,</strong></span> <span class='ocrx_word' id='word_1_201' title='bbox 1031 1543 1127 1570; x_wconf 90' lang='lat' dir='ltr'><strong>tunc</strong></span> <span class='ocrx_word' id='word_1_202' title='bbox 1159 1533 1199 1570; x_wconf 90' lang='lat' dir='ltr'><strong>in</strong></span> <span class='ocrx_word' id='word_1_203' title='bbox 1234 1533 1423 1570; x_wconf 88' lang='lat' dir='ltr'><strong>membris</strong></span> <span class='ocrx_word' id='word_1_204' title='bbox 1456 1532 1622 1569; x_wconf 88' lang='lat' dir='ltr'><strong>ecclesie</strong></span> <span class='ocrx_word' id='word_1_205' title='bbox 1653 1532 1771 1568; x_wconf 91' lang='lat' dir='ltr'><strong>semi-</strong></span> 
     </span>
     <span class='ocr_line' id='line_1_34' title="bbox 459 1589 1771 1640; baseline 0 -14"><span class='ocrx_word' id='word_1_206' title='bbox 459 1600 612 1627; x_wconf 89' lang='lat' dir='ltr'><strong>natum.</strong></span> <span class='ocrx_word' id='word_1_207' title='bbox 674 1593 865 1628; x_wconf 87' lang='lat' dir='ltr'><strong>Parvulus</strong></span> <span class='ocrx_word' id='word_1_208' title='bbox 918 1591 1023 1628; x_wconf 87' lang='lat' dir='ltr'><strong>enim</strong></span> <span class='ocrx_word' id='word_1_209' title='bbox 1076 1601 1283 1640; x_wconf 88' lang='lat' dir='ltr'><strong>tamquam</strong></span> <span class='ocrx_word' id='word_1_210' title='bbox 1336 1590 1588 1640; x_wconf 88' lang='lat' dir='ltr'><strong>propinquus</strong></span> <span class='ocrx_word' id='word_1_211' title='bbox 1649 1589 1771 1627; x_wconf 90' lang='lat' dir='ltr'><strong>statui</strong></span> 
     </span>
     <span class='ocr_line' id='line_1_35' title="bbox 459 1648 1770 1698; baseline -0.001 -14"><span class='ocrx_word' id='word_1_212' title='bbox 459 1648 694 1686; x_wconf 88' lang='lat' dir='ltr'><strong>innocencie</strong></span> <span class='ocrx_word' id='word_1_213' title='bbox 728 1659 835 1686; x_wconf 87' lang='lat' dir='ltr'><strong>caret</strong></span> <span class='ocrx_word' id='word_1_214' title='bbox 868 1650 1056 1698; x_wconf 86' lang='lat' dir='ltr'><strong>superbia</strong></span> <span class='ocrx_word' id='word_1_215' title='bbox 1089 1659 1207 1698; x_wconf 87' lang='lat' dir='ltr'><strong>atque</strong></span> <span class='ocrx_word' id='word_1_216' title='bbox 1241 1649 1403 1694; x_wconf 89' lang='lat' dir='ltr'><strong>invidia,</strong></span> <span class='ocrx_word' id='word_1_217' title='bbox 1439 1657 1476 1685; x_wconf 92' lang='lat' dir='ltr'><strong>et</strong></span> <span class='ocrx_word' id='word_1_218' title='bbox 1509 1649 1642 1697; x_wconf 85' lang='lat' dir='ltr'><strong>quoad</strong></span> <span class='ocrx_word' id='word_1_219' title='bbox 1674 1660 1770 1684; x_wconf 87' lang='lat' dir='ltr'><strong>eun-</strong></span> 
     </span>
     <span class='ocr_line' id='line_1_36' title="bbox 460 1704 1827 1756; baseline -0.001 -14"><span class='ocrx_word' id='word_1_220' title='bbox 460 1708 550 1743; x_wconf 89' lang='lat' dir='ltr'><strong>dem</strong></span> <span class='ocrx_word' id='word_1_221' title='bbox 584 1716 730 1743; x_wconf 84' lang='lat' dir='ltr'><strong>statum</strong></span> <span class='ocrx_word' id='word_1_222' title='bbox 765 1716 873 1756; x_wconf 83' lang='lat' dir='ltr'><strong>patet</strong></span> <span class='ocrx_word' id='word_1_223' title='bbox 918 1710 1026 1756; x_wconf 89' lang='lat' dir='ltr'><strong>quod</strong></span> <span class='ocrx_word' id='word_1_224' title='bbox 1067 1709 1200 1756; x_wconf 90' lang='lat' dir='ltr'><strong>quoad</strong></span> <span class='ocrx_word' id='word_1_225' title='bbox 1233 1707 1424 1744; x_wconf 86' lang='lat' dir='ltr'><strong>noticiam</strong></span> <span class='ocrx_word' id='word_1_226' title='bbox 1459 1705 1629 1754; x_wconf 87' lang='lat' dir='ltr'><strong>proximi</strong></span> <span class='ocrx_word' id='word_1_227' title='bbox 1664 1714 1771 1742; x_wconf 87' lang='lat' dir='ltr'><strong>caret</strong></span> <span class='ocrx_word' id='word_1_228' title='bbox 1788 1704 1827 1736; x_wconf 83' lang='lat'><strong>25</strong></span> 
     </span>
     <span class='ocr_line' id='line_1_37' title="bbox 460 1763 1772 1814; baseline -0.001 -14"><span class='ocrx_word' id='word_1_229' title='bbox 460 1766 567 1809; x_wconf 88' lang='lat' dir='ltr'><strong>dolo,</strong></span> <span class='ocrx_word' id='word_1_230' title='bbox 602 1775 638 1802; x_wconf 89' lang='lat' dir='ltr'><strong>et</strong></span> <span class='ocrx_word' id='word_1_231' title='bbox 669 1765 792 1802; x_wconf 82' lang='lat' dir='ltr'><strong>tercio</strong></span> <span class='ocrx_word' id='word_1_232' title='bbox 826 1768 959 1814; x_wconf 87' lang='lat' dir='ltr'><strong>quoad</strong></span> <span class='ocrx_word' id='word_1_233' title='bbox 983 1766 1136 1802; x_wconf 89' lang='lat' dir='ltr'><strong>illatam</strong></span> <span class='ocrx_word' id='word_1_234' title='bbox 1160 1765 1234 1801; x_wconf 89' lang='lat' dir='ltr'><strong>sibi</strong></span> <span class='ocrx_word' id='word_1_235' title='bbox 1256 1765 1443 1801; x_wconf 89' lang='lat' dir='ltr'><strong>iniuriam</strong></span> <span class='ocrx_word' id='word_1_236' title='bbox 1468 1763 1637 1801; x_wconf 89' lang='lat' dir='ltr'><strong>remittit</strong></span> <span class='ocrx_word' id='word_1_237' title='bbox 1657 1764 1772 1801; x_wconf 86' lang='lat' dir='ltr'><strong>valde</strong></span> 
     </span>
     <span class='ocr_line' id='line_1_38' title="bbox 459 1822 1771 1872; baseline -0.001 -14"><span class='ocrx_word' id='word_1_238' title='bbox 459 1823 629 1860; x_wconf 84' lang='lat' dir='ltr'><strong>faciliter</strong></span> <span class='ocrx_word' id='word_1_239' title='bbox 661 1823 826 1860; x_wconf 89' lang='lat' dir='ltr'><strong>inimico</strong></span> <span class='ocrx_word' id='word_1_240' title='bbox 860 1824 927 1872; x_wconf 90' lang='lat' dir='ltr'><strong>qui</strong></span> <span class='ocrx_word' id='word_1_241' title='bbox 960 1824 1052 1860; x_wconf 91' lang='lat' dir='ltr'><strong>fecit</strong></span> <span class='ocrx_word' id='word_1_242' title='bbox 1084 1823 1158 1860; x_wconf 87' lang='lat' dir='ltr'><strong>sibi</strong></span> <span class='ocrx_word' id='word_1_243' title='bbox 1204 1822 1390 1859; x_wconf 84' lang='lat' dir='ltr'><strong>iniuriam</strong></span> <span class='ocrx_word' id='word_1_244' title='bbox 1426 1835 1592 1859; x_wconf 88' lang='lat' dir='ltr'><strong>concors</strong></span> <span class='ocrx_word' id='word_1_245' title='bbox 1625 1822 1771 1866; x_wconf 78' lang='lat' dir='ltr'><strong>factus3</strong></span> 
     </span>
     <span class='ocr_line' id='line_1_39' title="bbox 460 1879 1774 1930; baseline -0.002 -14"><span class='ocrx_word' id='word_1_246' title='bbox 460 1890 497 1916; x_wconf 89' lang='lat' dir='ltr'><strong>et</strong></span> <span class='ocrx_word' id='word_1_247' title='bbox 530 1881 586 1917; x_wconf 91' lang='lat' dir='ltr'><strong>sic</strong></span> <span class='ocrx_word' id='word_1_248' title='bbox 619 1883 764 1918; x_wconf 90' lang='lat' dir='ltr'><strong>debent</strong></span> <span class='ocrx_word' id='word_1_249' title='bbox 798 1882 933 1918; x_wconf 83' lang='lat' dir='ltr'><strong>fideles</strong></span> <span class='ocrx_word' id='word_1_250' title='bbox 966 1883 1099 1930; x_wconf 86' lang='lat' dir='ltr'><strong>quoad</strong></span> <span class='ocrx_word' id='word_1_251' title='bbox 1134 1881 1335 1917; x_wconf 83' lang='lat' dir='ltr'><strong>maliciam</strong></span> <span class='ocrx_word' id='word_1_252' title='bbox 1371 1893 1453 1917; x_wconf 87' lang='lat' dir='ltr'><strong>esse</strong></span> <span class='ocrx_word' id='word_1_253' title='bbox 1483 1879 1649 1928; x_wconf 88' lang='lat' dir='ltr'><strong>parvuli,</strong></span> <span class='ocrx_word' id='word_1_254' title='bbox 1683 1879 1774 1915; x_wconf 89' lang='lat' dir='ltr'><strong>licet</strong></span> 
     </span>
     <span class='ocr_line' id='line_1_40' title="bbox 461 1938 1773 1988; baseline -0.002 -13"><span class='ocrx_word' id='word_1_255' title='bbox 461 1938 501 1974; x_wconf 89' lang='lat' dir='ltr'><strong>in</strong></span> <span class='ocrx_word' id='word_1_256' title='bbox 545 1948 649 1976; x_wconf 84' lang='lat' dir='ltr'><strong>etate</strong></span> <span class='ocrx_word' id='word_1_257' title='bbox 695 1949 731 1976; x_wconf 89' lang='lat' dir='ltr'><strong>et</strong></span> <span class='ocrx_word' id='word_1_258' title='bbox 776 1940 912 1976; x_wconf 82' lang='lat' dir='ltr'><strong>anima</strong></span> <span class='ocrx_word' id='word_1_259' title='bbox 945 1940 1023 1977; x_wconf 89' lang='lat' dir='ltr'><strong>sint</strong></span> <span class='ocrx_word' id='word_1_260' title='bbox 1055 1941 1289 1988; x_wconf 64' lang='lat' dir='ltr'><strong>prudentes,</strong></span> <span class='ocrx_word' id='word_1_261' title='bbox 1336 1948 1372 1975; x_wconf 93' lang='lat' dir='ltr'><strong>et</strong></span> <span class='ocrx_word' id='word_1_262' title='bbox 1413 1939 1518 1974; x_wconf 90' lang='lat' dir='ltr'><strong>istud</strong></span> <span class='ocrx_word' id='word_1_263' title='bbox 1552 1939 1669 1974; x_wconf 91' lang='lat' dir='ltr'><strong>docet</strong></span> <span class='ocrx_word' id='word_1_264' title='bbox 1702 1938 1773 1973; x_wconf 91' lang='lat' dir='ltr'><strong>hec</strong></span> 
     </span>
    </p>
   </div>
   <div class='ocr_carea' id='block_1_7' title="bbox 1791 1994 1805 2005">
    <p class='ocr_par' dir='ltr' id='par_1_8' title="bbox 1791 1994 1805 2005">
     <span class='ocr_line' id='line_1_41' title="bbox 1791 1994 1805 2005; baseline 0 -3"><span class='ocrx_word' id='word_1_265' title='bbox 1791 1994 1805 2005; x_wconf 66' lang='grc' dir='ltr'><strong><em>η</em></strong></span> 
     </span>
    </p>
   </div>
   <div class='ocr_carea' id='block_1_8' title="bbox 461 1997 1832 2044">
    <p class='ocr_par' dir='ltr' id='par_1_9' title="bbox 461 1997 1832 2044">
     <span class='ocr_line' id='line_1_42' title="bbox 461 1997 1832 2044; baseline 0.002 -12"><span class='ocrx_word' id='word_1_266' title='bbox 461 1998 649 2044; x_wconf 82' lang='lat' dir='ltr'><strong>operacio</strong></span> <span class='ocrx_word' id='word_1_267' title='bbox 684 1997 914 2034; x_wconf 86' lang='lat' dir='ltr'><strong>Salvatoris.</strong></span> <span class='ocrx_word' id='word_1_268' title='bbox 1790 2004 1832 2026; x_wconf 74' lang='lat'><strong>³0</strong></span> 
     </span>
    </p>
   </div>
   <div class='ocr_carea' id='block_1_9' title="bbox 981 2109 1260 2151">
    <p class='ocr_par' dir='ltr' id='par_1_10' title="bbox 981 2109 1260 2151">
     <span class='ocr_line' id='line_1_43' title="bbox 981 2109 1260 2151; baseline -0.004 0"><span class='ocrx_word' id='word_1_269' title='bbox 981 2109 1120 2151; x_wconf 84' lang='lat' dir='ltr'><strong>CAP.</strong></span> <span class='ocrx_word' id='word_1_270' title='bbox 1152 2110 1260 2151; x_wconf 91' lang='lat' dir='ltr'><strong>VII.</strong></span> 
     </span>
    </p>
   </div>
   <div class='ocr_carea' id='block_1_10' title="bbox 463 2202 1830 2599">
    <p class='ocr_par' dir='ltr' id='par_1_11' title="bbox 463 2202 1830 2599">
     <span class='ocr_line' id='line_1_44' title="bbox 521 2202 1772 2254; baseline -0.002 -14"><span class='ocrx_word' id='word_1_271' title='bbox 521 2205 791 2242; x_wconf 83' lang='lat' dir='ltr'><strong>Crisostomus</strong></span> <span class='ocrx_word' id='word_1_272' title='bbox 844 2215 977 2242; x_wconf 81' lang='lat' dir='ltr'><strong>autem</strong></span> <span class='ocrx_word' id='word_1_273' title='bbox 1030 2218 1149 2254; x_wconf 81' lang='lat' dir='ltr'><strong>super</strong></span> <span class='ocrx_word' id='word_1_274' title='bbox 1200 2205 1277 2241; x_wconf 87' lang='lat' dir='ltr'><strong>isto</strong></span> <span class='ocrx_word' id='word_1_275' title='bbox 1322 2213 1427 2240; x_wconf 81' lang='lat' dir='ltr'><strong>textu</strong></span> <span class='ocrx_word' id='word_1_276' title='bbox 1475 2203 1530 2240; x_wconf 87' lang='lat' dir='ltr'><strong>sic</strong></span> <span class='ocrx_word' id='word_1_277' title='bbox 1575 2202 1772 2251; x_wconf 86' lang='lat' dir='ltr'><strong>loquitur:</strong></span> 
     </span>
     <span class='ocr_line' id='line_1_45' title="bbox 463 2262 1774 2315; baseline -0.002 -17"><span class='ocrx_word' id='word_1_278' title='bbox 463 2263 546 2298; x_wconf 87' lang='lat' dir='ltr'><strong>Hec</strong></span> <span class='ocrx_word' id='word_1_279' title='bbox 569 2264 602 2299; x_wconf 80' lang='lat' dir='ltr'><strong>si</strong></span> <span class='ocrx_word' id='word_1_280' title='bbox 621 2264 878 2312; x_wconf 75' lang='lat' dir='ltr'><strong>spiritualiter</strong></span> <span class='ocrx_word' id='word_1_281' title='bbox 900 2264 1183 2315; x_wconf 69' lang='lat' dir='ltr'><strong>intelligantur,</strong></span> <span class='ocrx_word' id='word_1_282' title='bbox 1206 2263 1395 2312; x_wconf 77' lang='lat' dir='ltr'><strong>edificant,</strong></span> <span class='ocrx_word' id='word_1_283' title='bbox 1419 2262 1454 2297; x_wconf 76' lang='lat' dir='ltr'><strong>si</strong></span> <span class='ocrx_word' id='word_1_284' title='bbox 1478 2274 1568 2297; x_wconf 77' lang='lat' dir='ltr'><strong>vero</strong></span> <span class='ocrx_word' id='word_1_285' title='bbox 1591 2273 1774 2310; x_wconf 75' lang='lat' dir='ltr'><strong>corpora-</strong></span> 
     </span>
     <span class='ocr_line' id='line_1_46' title="bbox 463 2319 1773 2372; baseline -0.002 -17"><span class='ocrx_word' id='word_1_286' title='bbox 463 2321 563 2366; x_wconf 81' lang='lat' dir='ltr'><strong>liter,</strong></span> <span class='ocrx_word' id='word_1_287' title='bbox 598 2334 670 2358; x_wconf 82' lang='lat' dir='ltr'><strong>non</strong></span> <span class='ocrx_word' id='word_1_288' title='bbox 702 2323 825 2358; x_wconf 79' lang='lat' dir='ltr'><strong>solum</strong></span> <span class='ocrx_word' id='word_1_289' title='bbox 856 2334 928 2357; x_wconf 84' lang='lat' dir='ltr'><strong>non</strong></span> <span class='ocrx_word' id='word_1_290' title='bbox 953 2323 1130 2372; x_wconf 78' lang='lat' dir='ltr'><strong>edificant</strong></span> <span class='ocrx_word' id='word_1_291' title='bbox 1161 2322 1229 2357; x_wconf 79' lang='lat' dir='ltr'><strong>sed</strong></span> <span class='ocrx_word' id='word_1_292' title='bbox 1259 2321 1386 2356; x_wconf 81' lang='lat' dir='ltr'><strong>adhuc</strong></span> <span class='ocrx_word' id='word_1_293' title='bbox 1408 2319 1536 2369; x_wconf 66' lang='lat' dir='ltr'><strong>magis</strong></span> <span class='ocrx_word' id='word_1_294' title='bbox 1559 2320 1773 2354; x_wconf 78' lang='lat' dir='ltr'><strong>destruunt.</strong></span> 
     </span>
     <span class='ocr_line' id='line_1_47' title="bbox 468 2377 1830 2428; baseline -0.002 -15"><span class='ocrx_word' id='word_1_295' title='bbox 468 2379 701 2420; x_wconf 63' lang='lat' dir='ltr'><strong>Quomodo?</strong></span> <span class='ocrx_word' id='word_1_296' title='bbox 735 2381 836 2415; x_wconf 82' lang='lat' dir='ltr'><strong>Pone</strong></span> <span class='ocrx_word' id='word_1_297' title='bbox 861 2381 1024 2428; x_wconf 74' lang='lat' dir='ltr'><strong>aliquem</strong></span> <span class='ocrx_word' id='word_1_298' title='bbox 1056 2392 1137 2416; x_wconf 79' lang='lat' dir='ltr'><strong>esse</strong></span> <span class='ocrx_word' id='word_1_299' title='bbox 1168 2379 1286 2415; x_wconf 81' lang='lat' dir='ltr'><strong>corde</strong></span> <span class='ocrx_word' id='word_1_300' title='bbox 1308 2379 1525 2424; x_wconf 77' lang='lat' dir='ltr'><strong>iactantem,</strong></span> <span class='ocrx_word' id='word_1_301' title='bbox 1558 2377 1830 2419; x_wconf 74' lang='lat' dir='ltr'><strong>aztdiente17135</strong></span> 
     </span>
     <span class='ocr_line' id='line_1_48' title="bbox 464 2434 1776 2483; baseline -0.003 -11"><span class='ocrx_word' id='word_1_302' title='bbox 464 2437 658 2473; x_wconf 78' lang='lat' dir='ltr'><strong>landabile</strong></span> <span class='ocrx_word' id='word_1_303' title='bbox 689 2450 770 2473; x_wconf 77' lang='lat' dir='ltr'><strong>esse</strong></span> <span class='ocrx_word' id='word_1_304' title='bbox 802 2438 837 2473; x_wconf 84' lang='lat' dir='ltr'><strong>in</strong></span> <span class='ocrx_word' id='word_1_305' title='bbox 871 2438 1004 2473; x_wconf 76' lang='lat' dir='ltr'><strong>ultimo</strong></span> <span class='ocrx_word' id='word_1_306' title='bbox 1038 2438 1120 2474; x_wconf 85' lang='lat' dir='ltr'><strong>loco</strong></span> <span class='ocrx_word' id='word_1_307' title='bbox 1154 2437 1412 2473; x_wconf 76' lang='lat' dir='ltr'><strong>discumbere:</strong></span> <span class='ocrx_word' id='word_1_308' title='bbox 1457 2434 1659 2471; x_wconf 81' lang='lat' dir='ltr'><strong>discumbit</strong></span> <span class='ocrx_word' id='word_1_309' title='bbox 1687 2440 1776 2483; x_wconf 76' lang='lat' dir='ltr'><strong>post</strong></span> 
     </span>
     <span class='ocr_line' id='line_1_49' title="bbox 464 2491 1776 2541; baseline -0.003 -12"><span class='ocrx_word' id='word_1_310' title='bbox 464 2507 605 2541; x_wconf 74' lang='lat' dir='ltr'><strong>omnes,</strong></span> <span class='ocrx_word' id='word_1_311' title='bbox 639 2503 672 2531; x_wconf 85' lang='lat' dir='ltr'><strong>et</strong></span> <span class='ocrx_word' id='word_1_312' title='bbox 706 2508 777 2531; x_wconf 79' lang='lat' dir='ltr'><strong>non</strong></span> <span class='ocrx_word' id='word_1_313' title='bbox 810 2496 933 2531; x_wconf 76' lang='lat' dir='ltr'><strong>solnm</strong></span> <span class='ocrx_word' id='word_1_314' title='bbox 967 2503 1055 2531; x_wconf 80' lang='lat' dir='ltr'><strong>tmzc</strong></span> <span class='ocrx_word' id='word_1_315' title='bbox 1087 2495 1313 2531; x_wconf 71' lang='lat' dir='ltr'><strong>iactmzciam</strong></span> <span class='ocrx_word' id='word_1_316' title='bbox 1354 2493 1485 2529; x_wconf 81' lang='lat' dir='ltr'><strong>cordis</strong></span> <span class='ocrx_word' id='word_1_317' title='bbox 1516 2505 1588 2528; x_wconf 82' lang='lat' dir='ltr'><strong>non</strong></span> <span class='ocrx_word' id='word_1_318' title='bbox 1622 2491 1776 2526; x_wconf 84' lang='lat' dir='ltr'><strong>dimittit</strong></span> 
     </span>
     <span class='ocr_line' id='line_1_50' title="bbox 463 2548 1779 2599; baseline -0.003 -12"><span class='ocrx_word' id='word_1_319' title='bbox 463 2553 531 2587; x_wconf 73' lang='lat' dir='ltr'><strong>sed</strong></span> <span class='ocrx_word' id='word_1_320' title='bbox 573 2554 700 2588; x_wconf 73' lang='lat' dir='ltr'><strong>adhuc</strong></span> <span class='ocrx_word' id='word_1_321' title='bbox 744 2554 970 2589; x_wconf 65' lang='lat' dir='ltr'><strong>iat-tanciam</strong></span> <span class='ocrx_word' id='word_1_322' title='bbox 1015 2554 1131 2589; x_wconf 75' lang='lat' dir='ltr'><strong>aliam</strong></span> <span class='ocrx_word' id='word_1_323' title='bbox 1166 2551 1395 2588; x_wconf 74' lang='lat' dir='ltr'><strong>humilitatis</strong></span> <span class='ocrx_word' id='word_1_324' title='bbox 1426 2550 1609 2599; x_wconf 80' lang='lat' dir='ltr'><strong>adquirit,</strong></span> <span class='ocrx_word' id='word_1_325' title='bbox 1643 2556 1682 2584; x_wconf 87' lang='lat' dir='ltr'><strong>ut</strong></span> <span class='ocrx_word' id='word_1_326' title='bbox 1714 2548 1779 2597; x_wconf 84' lang='lat' dir='ltr'><strong>qui</strong></span> 
     </span>
    </p>
   </div>
   <div class='ocr_carea' id='block_1_11' title="bbox 465 2715 1774 2790">
    <p class='ocr_par' dir='ltr' id='par_1_12' title="bbox 465 2715 1774 2790">
     <span class='ocr_line' id='line_1_51' title="bbox 532 2715 1771 2756; baseline -0.003 -9"><span class='ocrx_word' id='word_1_327' title='bbox 532 2730 561 2752; x_wconf 71' lang='grc' dir='ltr'><strong>Λ.</strong></span> <span class='ocrx_word' id='word_1_328' title='bbox 584 2723 626 2748; x_wconf 77' lang='lat' dir='ltr'><strong>A:</strong></span> <span class='ocrx_word' id='word_1_329' title='bbox 645 2722 741 2756; x_wconf 75' lang='lat' dir='ltr'><strong>plane</strong></span> <span class='ocrx_word' id='word_1_330' title='bbox 762 2722 855 2748; x_wconf 73' lang='lat' dir='ltr'><strong>deest.</strong></span> <span class='ocrx_word' id='word_1_331' title='bbox 948 2721 983 2749; x_wconf 79' lang='lat'><strong>15.</strong></span> <span class='ocrx_word' id='word_1_332' title='bbox 1006 2722 1049 2748; x_wconf 83' lang='lat' dir='ltr'><strong>A:</strong></span> <span class='ocrx_word' id='word_1_333' title='bbox 1070 2723 1151 2748; x_wconf 76' lang='lat' dir='ltr'><strong>sunl.</strong></span> <span class='ocrx_word' id='word_1_334' title='bbox 1244 2720 1283 2747; x_wconf 64' lang='lat'><strong>18.</strong></span> <span class='ocrx_word' id='word_1_335' title='bbox 1306 2719 1422 2746; x_wconf 49' lang='lat' dir='ltr'><strong>codd:</strong></span> <span class='ocrx_word' id='word_1_336' title='bbox 1444 2717 1591 2754; x_wconf 63' lang='grc' dir='ltr'><strong>εἰζᾙῐηῐίε.</strong></span> <span class='ocrx_word' id='word_1_337' title='bbox 1665 2715 1708 2756; x_wconf 47' lang='grc' dir='ltr'><strong>25.λ</strong></span> <span class='ocrx_word' id='word_1_338' title='bbox 1729 2717 1771 2743; x_wconf 85' lang='lat' dir='ltr'><strong>A:</strong></span> 
     </span>
     <span class='ocr_line' id='line_1_52' title="bbox 465 2752 1774 2790; baseline -0.004 -8"><span class='ocrx_word' id='word_1_339' title='bbox 465 2756 547 2790; x_wconf 63' lang='lat' dir='ltr'><strong>qua-1¹</strong></span> <span class='ocrx_word' id='word_1_340' title='bbox 566 2757 658 2783; x_wconf 75' lang='lat' dir='ltr'><strong>deest.</strong></span> <span class='ocrx_word' id='word_1_341' title='bbox 750 2756 790 2783; x_wconf 76' lang='lat'><strong>25.</strong></span> <span class='ocrx_word' id='word_1_342' title='bbox 813 2759 854 2783; x_wconf 80' lang='lat' dir='ltr'><strong>A:</strong></span> <span class='ocrx_word' id='word_1_343' title='bbox 878 2757 1064 2784; x_wconf 71' lang='lat' dir='ltr'><strong>uocenciam.</strong></span> <span class='ocrx_word' id='word_1_344' title='bbox 1157 2754 1198 2782; x_wconf 61' lang='lat'><strong>35.</strong></span> <span class='ocrx_word' id='word_1_345' title='bbox 1219 2756 1261 2782; x_wconf 83' lang='lat' dir='ltr'><strong>A:</strong></span> <span class='ocrx_word' id='word_1_346' title='bbox 1285 2754 1408 2785; x_wconf 69' lang='lat' dir='ltr'><strong>cordis,·</strong></span> <span class='ocrx_word' id='word_1_347' title='bbox 1436 2754 1475 2780; x_wconf 82' lang='lat' dir='ltr'><strong>ib.</strong></span> <span class='ocrx_word' id='word_1_348' title='bbox 1498 2752 1603 2780; x_wconf 62' lang='lat' dir='ltr'><strong>Comi:</strong></span> <span class='ocrx_word' id='word_1_349' title='bbox 1632 2752 1774 2778; x_wconf 69' lang='lat' dir='ltr'><strong>audiens.</strong></span> 
     </span>
    </p>
   </div>
   <div class='ocr_carea' id='block_1_12' title="bbox 537 2823 1473 2869">
    <p class='ocr_par' dir='ltr' id='par_1_13' title="bbox 537 2823 1473 2869">
     <span class='ocr_line' id='line_1_53' title="bbox 537 2823 1473 2869; baseline -0.006 -9"><span class='ocrx_word' id='word_1_350' title='bbox 537 2830 587 2860; x_wconf 64' lang='lat'><em>[5¹3.</em></span> <span class='ocrx_word' id='word_1_351' title='bbox 616 2830 682 2868; x_wconf 73' lang='lat' dir='ltr'><strong>Op.</strong></span> <span class='ocrx_word' id='word_1_352' title='bbox 713 2829 794 2869; x_wconf 71' lang='lat' dir='ltr'><strong>Imp.</strong></span> <span class='ocrx_word' id='word_1_353' title='bbox 825 2829 843 2858; x_wconf 83' lang='lat' dir='ltr'><strong>l.</strong></span> <span class='ocrx_word' id='word_1_354' title='bbox 872 2839 898 2858; x_wconf 82' lang='lat' dir='ltr'><strong>c.</strong></span> <span class='ocrx_word' id='word_1_355' title='bbox 927 2839 957 2868; x_wconf 79' lang='lat' dir='ltr'><strong>p.</strong></span> <span class='ocrx_word' id='word_1_356' title='bbox 987 2827 1171 2858; x_wconf 72' lang='lat' dir='ltr'>CLXXXV</span> <span class='ocrx_word' id='word_1_357' title='bbox 1200 2827 1268 2866; x_wconf 78' lang='lat' dir='ltr'><strong>(ed.</strong></span> <span class='ocrx_word' id='word_1_358' title='bbox 1296 2826 1353 2855; x_wconf 78' lang='lat' dir='ltr'><strong>alt.</strong></span> <span class='ocrx_word' id='word_1_359' title='bbox 1381 2823 1473 2867; x_wconf 65' lang='lat'>926).</span> 
     </span>
    </p>
   </div>
  </div>
 </body>
</html>
