1986 3289
169 147 248 196 276
767 155 884 187 opus
910 154 1245 186 EVANGELICUM
1280 154 1363 185 ΜΒ.
1391 154 1443 185 111.
1497 141 1603 196 [CAP.
1624 151 1759 180 Lxxm.

271 281 337 308 The
457 260 661 297 sentencia
694 263 800 309 quod
836 261 1007 297 iniustus
1036 260 1182 296 iniuste
1215 268 1387 308 occupat
1421 259 1614 308 quicquid
1646 261 1766 297 habet

166 315 442 386 ugiiifflitvegiisoffis
457 320 763 367 quodammodo
809 318 944 355 omnia
977 320 1082 354 bona
1115 318 1200 363 Dei,
1254 317 1348 366 quia
1382 320 1487 354 Deus
1527 319 1660 355 dando
1693 317 1766 354 sibi

211 370 400 419 possessio}
457 390 496 413 se
540 376 673 424 ipsum
720 378 787 413 dat
832 376 905 412 sibi
949 376 1074 413 eciam
1120 376 1257 412 omnia
1302 377 1407 412 bona
1439 388 1528 421 sua3
1581 384 1619 412 et
1656 384 1766 424 patet

457 434 558 470 iusta
593 434 871 471 remuneracio
905 434 975 470 Dei
1008 434 1047 469 in
1080 434 1203 470 servis
1237 433 1422 470 fidelibus
1456 442 1491 469 et
1524 433 1625 470 iusta
1658 434 1767 470 abla-

458 492 518 528 cio
553 494 750 529 bonorum
785 505 947 529 suorum
983 505 1005 528 a
1037 492 1159 528 servis
1192 491 1272 528 suis
1304 491 1543 527 infidelibus.
1578 494 1626 527 Et
1658 500 1799 539 patet5

458 552 634 587 secundo
659 552 821 598 quando
845 551 995 586 habens
1020 551 1156 586 decem
1181 550 1332 585 talenta
1356 562 1438 585 non
1472 549 1642 585 excludit
1676 561 1766 585 eum

458 609 525 656 qui
571 609 691 644 habet
736 617 919 656 quatuor,
966 607 1060 655 quia
1114 608 1152 642 in
1196 607 1327 655 patria
1367 606 1505 643 omnia
1539 608 1644 643 bona
1677 615 1767 643 sunt

459 666 611 702 cunctis
646 666 890 705 communia.

238 730 376 769 Duty-of
515 726 563 759 Et
610 723 768 760 videtur
811 724 937 760 tercio
979 724 1086 772 quod
1132 722 1260 759 fidelis
1298 723 1413 759 labor
1457 722 1498 758 in
1542 723 1663 759 verbo
1696 722 1768 759 Dei

218 766 393 801 preachmg.
457 781 506 817 sit
539 795 561 818 a
592 782 814 818 viatoribus
848 781 1020 818 maxime
1054 782 1374 827 commendatus,
1422 780 1515 829 quia
1547 781 1766 817 secundum
1789 789 1826 809 10

457 841 695 888 Apostolum
720 840 778 875 illi
800 840 1030 892 presby-teri
1049 847 1137 875 sunt
1159 839 1331 875 maxime
1353 839 1584 883 honorandi,
1617 847 1654 875 et
1678 851 1768 875 cum

457 899 588 934 honor
632 898 680 934 sit
724 897 924 946 premium
958 897 1126 941 virtutis,
1180 896 1336 933 videtur
1376 898 1485 945 quod
1518 905 1560 932 ut
1593 896 1648 933 sic
1680 905 1771 933 sunt

459 956 629 992 maxime
674 956 862 1001 virtuosi3
917 964 954 992 et
1000 955 1055 992 ita
1098 955 1191 991 licet
1238 954 1318 992 vita
1364 954 1677 1003 contemplativa
1721 954 1770 991 sit

459 1014 721 1050 excellencior
752 1014 793 1050 in
826 1014 965 1059 beatis,
999 1013 1079 1050 vita
1108 1022 1243 1049 tamen
1267 1012 1342 1049 ista
1364 1012 1515 1049 scilicet
1538 1012 1767 1060 predicacio

457 1072 566 1108 verbi
600 1072 671 1108 Dei
718 1085 794 1120 que
839 1080 896 1108 est
928 1071 1090 1108 racione
1124 1070 1336 1118 multiplici
1371 1070 1681 1119 contemplativa
1714 1073 1826 1107 est15

460 1131 577 1177 longe
611 1129 873 1166 excellencior
906 1142 1025 1178 quam
1059 1128 1257 1165 dormicio
1291 1128 1519 1165 desidentis.

201 1192 422 1232 chrysostom:
519 1187 789 1224 Crisostomus
841 1196 975 1224 autem
1020 1199 1139 1234 super
1188 1186 1264 1223 isto
1316 1195 1424 1223 textu
1471 1186 1526 1223 sic
1570 1186 1767 1235 loquitur:

175 1228 371 1289 Thenscffntnsfffe
386 1228 440 1254 1³³⁵
462 1246 650 1282 Peccator
681 1258 827 1296 agnosc
853 1258 895 1281 ns
933 1245 1129 1282 Christum
1163 1245 1274 1280 habet
1306 1245 1404 1281 hanc
1435 1244 1556 1294 ipsam
1589 1245 1769 1295 graciam

194 1297 373 1359 kmfflfflssf
393 1297 427 1324 of
462 1305 563 1352 quod
605 1304 804 1354 cognoscit
874 1304 1054 1350 hristum,
1106 1303 1174 1339 sed
1218 1315 1302 1338 cum
1336 1303 1482 1338 venerit
1520 1303 1555 1338 in
1588 1302 1768 1339 iudicium

467 1362 625 1406 Christi,
656 1362 841 1398 dividitur
872 1375 893 1397 a
924 1362 1121 1398 consorcio
1145 1360 1463 1411 cognoscencium
1494 1359 1704 1407 Christum,
1738 1367 1772 1396 et
1787 1373 1828 1394 20

460 1420 514 1456 sic
546 1420 697 1455 tollitur
740 1421 785 1455 ah
819 1432 860 1456 eo
905 1421 1006 1468 quod
1039 1419 1240 1455 videbatur
1272 1419 1425 1465 habere,
1478 1418 1651 1467 quamvis
1684 1430 1772 1454 vere

461 1490 533 1513 non
568 1478 740 1516 habehat.
780 1478 982 1521 Quomodo
1014 1478 1080 1526 qui
1110 1477 1308 1526 cognoscit
1346 1476 1541 1512 Christum
1576 1483 1610 1512 et
1636 1483 1772 1525 peccat

461 1536 613 1571 videtur
645 1536 794 1584 quidem
825 1536 965 1571 habere
996 1535 1196 1571 scienciam
1227 1534 1384 1581 Christi,
1419 1546 1508 1570 vere
1539 1542 1664 1570 autem
1698 1545 1770 1569 non

462 1594 573 1629 habet
620 1601 654 1628 et
698 1594 779 1641 ipsa
833 1593 970 1630 noticia
1010 1593 1158 1629 Christi
1199 1593 1361 1628 additur
1405 1592 1550 1628 homini
1580 1592 1677 1628 iusto
1709 1591 1774 1640 qui

461 1652 634 1687 hahebat.
669 1652 739 1687 Ille
761 1651 858 1687 enim
893 1663 984 1687 vere
1016 1651 1127 1686 hahet
1158 1651 1359 1686 scienciam
1383 1650 1459 1686 Dei
1488 1650 1554 1699 qui
1583 1649 1770 1686 iusticiam
1789 1653 1828 1685 25

465 1709 582 1756 facit.
636 1709 688 1744 Et
738 1710 930 1758 quomodo
974 1709 1135 1744 additur
1179 1708 1213 1744 ei
1262 1708 1423 1744 sciencia
1475 1707 1621 1744 Christi
1656 1719 1773 1757 super

460 1767 694 1802 scienciam?
751 1767 798 1802 Ut
843 1767 907 1815 qui
958 1767 1109 1802 videbat
1151 1778 1226 1815 per
1267 1766 1463 1815 speculum
1511 1766 1547 1801 in
1580 1765 1773 1815 enigmate

462 1825 588 1860 videat
622 1825 732 1873 facie
775 1825 826 1860 ad
859 1825 1023 1873 faciem,
1077 1831 1111 1860 et
1162 1824 1226 1872 qui
1275 1824 1530 1873 cognoscebat
1574 1835 1624 1859 ex
1656 1830 1774 1871 parte

461 1883 717 1932 cognoscebat
759 1883 857 1918 sicut
901 1889 935 1918 et
977 1889 1141 1932 cogntus
1182 1889 1246 1918 est.
1302 1882 1380 1917 Sed
1417 1888 1452 1916 et
1491 1882 1605 1917 aliter
1637 1881 1773 1916 intelli—

460 1941 586 1990 gitur:
629 1941 704 1984 Qui
723 1940 848 1989 fidem
883 1940 994 1976 habet
1027 1947 1061 1975 et
1099 1940 1134 1975 in
1164 1939 1331 1976 Domino
1364 1939 1499 1975 bonam
1541 1939 1773 1975 voluntatem
1791 1942 1832 1974 30

462 1998 619 2034 eciamsi
650 1999 740 2047 quid
771 1998 900 2034 minus
932 1998 967 2033 in
1001 2010 1117 2046 opere
1148 1997 1257 2045 quasi
1288 1997 1477 2043 habuerit,
1530 1996 1775 2032 nihilominus

463 2064 736 2091 remuneratur
767 2069 788 2091 a
822 2056 945 2092 iudice
977 2056 1086 2101 bono,
1131 2055 1194 2103 qui
1224 2062 1348 2090 autem
1371 2054 1496 2104 fidem
1537 2067 1609 2090 non
1649 2054 1772 2099 habet,

464 2121 530 2149 aut
562 2115 696 2149 honam
732 2114 964 2150 voluntatem
1000 2114 1035 2148 in
1068 2113 1247 2160 Domino,
1282 2112 1400 2148 eciam
1434 2120 1582 2148 ceteras
1615 2112 1775 2148 virtutes

465 2184 556 2219 quas
590 2172 743 2208 videtur
765 2172 998 2207 naturaliter
1022 2172 1224 2220 possidere
1250 2171 1394 2219 perdit.
1428 2170 1646 2221 Eleganter
1677 2169 1773 2205 enim

464 2230 516 2264 ait
549 2231 649 2277 quod
679 2230 831 2265 uidetur
862 2230 1016 2275 habere,
1049 2229 1253 2277 auferetur
1275 2229 1320 2263 ab
1354 2240 1409 2264 eo.
1450 2227 1646 2277 Quidquid
1677 2227 1832 2266 enim35

466 2288 552 2322 boni
583 2288 661 2322 sine
681 2288 768 2336 fide
796 2287 943 2323 Christi
964 2294 1031 2333 est,
1061 2299 1132 2322 non
1166 2287 1200 2322 ei
1230 2287 1442 2336 imputatur
1470 2286 1533 2334 qui
1554 2285 1655 2321 male
1687 2296 1776 2320 usus

534 2474 557 2501 5.
579 2475 605 2500 Λ
627 2474 654 2500 iu
673 2481 786 2508 marg:
810 2481 842 2502 2:
865 2473 905 2500 ib.
928 2474 971 2500 A:
990 2475 1077 2507 patet
1097 2472 1191 2499 deest.
1266 2480 1304 2508 17-
1327 2473 1355 2499 A
1376 2472 1404 2499 in
1422 2480 1537 2507 marg:
1559 2471 1773 2499 Crisostomus.

466 2516 509 2535 22.
526 2509 561 2535 M:
584 2509 704 2535 habeat.
778 2507 895 2541 23—271.
912 2509 955 2535 A:
973 2508 1050 2539 Dei‚·
1064 2508 1104 2534 ib.
1120 2509 1163 2534 A:
1177 2507 1425 2534 vere—additur
1439 2507 1533 2534 deest.
1606 2505 1715 2533 30-31.
1729 2507 1773 2533 A:

467 2544 651 2569 volunlatem
673 2543 765 2570 hahet
777 2544 877 2570 onznia
894 2544 898 2577 Ι
914 2544 991 2569 sicut
1010 2542 1168 2577 quisidem
1189 2550 1248 2569 non
1270 2542 1366 2568 habet.
1462 2540 1571 2568 31—32.
1594 2542 1635 2568 A:
1653 2538 1913 2573 ect'anz.s*ifol.431⁶

465 2578 672 2612 —quiautem
694 2579 786 2605 deest.
878 2576 918 2604 33.
941 2578 983 2604 A:
1005 2585 1058 2604 nec
1078 2577 1196 2604 bonam.

542 2684 589 2703 11.
625 2674 645 2703 1.
673 2673 763 2703 Tim.
792 2673 831 2711 V,
880 2683 932 2714 17:
980 2672 1047 2710 Qui
1073 2672 1155 2704 hene
1184 2675 1358 2712 praesunt
1388 2671 1602 2712 presbyteri,
1645 2670 1777 2712 duplici

465 2719 989 2795 lffino'recgiigzgleatbzeantur.
1138 2728 1186 2758 17.
1227 2718 1294 2758 Op.
1337 2718 1420 2758 Imp.
1459 2717 1480 2747 l.
1519 2727 1546 2748 c.
1586 2727 1663 2758 pag.
1697 2715 1774 2758 967.
