1986 3289
244 187 332 217 CAP.
354 179 480 236 xxm]
608 191 665 224 DE
693 191 1006 226 ANTffiHRlsTo
1036 192 1119 226 Llss.
1147 192 1169 226 1.

234 300 528 349 precedenciuin
574 307 734 349 peccata
774 307 959 337 venerunt
995 313 1113 350 super
1150 313 1225 348 eos,
1264 301 1333 337 sed
1384 302 1550 338 omnium

235 366 396 408 peccata
428 358 633 407 impiorum
668 366 814 394 tantum
866 359 961 394 mali
991 371 1062 395 non
1096 366 1321 395 meruerunt
1367 368 1550 408 quantum

240 416 340 452 venit
369 429 487 465 super
518 416 617 462 illos,
652 424 691 452 ut
722 417 815 452 talia
844 424 1087 465 paterentur,
1123 417 1250 465 qualia
1278 417 1389 466 passi
1417 425 1506 453 sunt
1529 431 1550 453 a

238 475 438 521 Romanis,
477 481 511 510 et
547 475 601 510 sic
633 475 880 523 postmodum
935 487 1066 511 omnes
1108 475 1379 525 generationes
1416 488 1549 511 eorum

206 532 354 581 Susque
397 531 432 568 in
457 533 580 582 finem
613 532 733 568 seculi
756 532 1028 581 proicerentur
1071 545 1093 567 a
1131 533 1215 568 Deo
1258 540 1294 569 et
1341 533 1549 569 ludibrium

239 590 373 628 fierent
403 591 581 640 gentibus
613 590 802 626 universis
833 590 930 626 sicut
963 598 997 626 et
1027 597 1127 630 sunt,

305 649 371 684 Vel
402 648 472 684 ita:
523 648 654 684 Omnis
690 660 787 698 gens
824 649 885 683 vel
921 648 1056 684 civitas
1088 661 1160 684 non
1199 660 1283 684 cum
1312 649 1547 697 peccaverit,

237 706 365 742 statim
399 706 510 755 punit
549 718 630 742 earn
664 706 784 753 Deus,
823 706 891 742 sed
929 713 1108 755 expectat
1141 719 1216 755 per
1255 707 1397 742 multas
1431 718 1548 757 gene-

239 764 412 800 raciones
456 771 491 799 et
527 764 641 800 modo
681 765 851 809 mandat,
891 764 1005 799 modo
1045 764 1231 812 minatur,
1267 764 1459 800 interdum
1499 776 1550 800 ex

184 830 348 869 Ioparte
380 822 559 871 castigat,
591 829 630 857 ut
660 829 802 870 quanto
826 822 952 871 magis
976 822 1123 857 diucius
1156 834 1238 857 eam
1272 823 1549 871 expectaverit,

236 886 340 914 tanto
363 879 529 927 amplius
551 886 585 915 et
612 879 689 915 Dei
714 879 894 914 iudicium
924 879 1059 916 iustius
1080 880 1128 915 sit
1148 887 1183 915 et
1205 879 1362 915 illorum
1391 880 1550 930 dignior

230 949 345 985 pena.
403 938 567 981 Quando
617 944 742 972 autem
783 937 976 986 placuerit
1020 938 1104 973 Deo
1148 938 1319 986 perdere
1356 938 1547 974 civitatem

235 995 342 1030 illam
374 1002 440 1030 aut
481 1002 648 1045 gentem,
679 995 832 1030 videtur
876 995 1043 1031 oninium
1081 995 1382 1045 generacionum
1411 1008 1547 1045 prece-

235 1052 409 1088 denciuin
438 1060 599 1101 peccata
633 1053 799 1089 reddere
831 1053 921 1099 illis⁷
972 1053 1150 1101 quoniam
1190 1065 1262 1102 que
1288 1061 1547 1102 peccaverunt

182 1110 218 1142 15
235 1109 300 1145 ille
325 1123 454 1147 omnes
475 1111 754 1161 generaciones
776 1117 810 1146 et
828 1111 1092 1147 merebantur.
1128 1111 1211 1147 Hec
1233 1112 1314 1147 sola
1338 1118 1393 1147 est
1410 1124 1544 1160 passa.

240 1167 345 1210 Quid
387 1168 540 1218 igitur?
585 1169 750 1205 Iniustus
794 1176 849 1204 est
899 1169 1019 1215 Deus,
1064 1169 1128 1217 qui
1177 1169 1344 1204 aliorum
1384 1177 1544 1218 peccata

235 1225 403 1261 vindicat
439 1226 475 1262 in
509 1226 621 1262 istis?
651 1227 769 1262 Absit.
805 1227 882 1261 Sed
904 1227 1081 1274 quoniam
1115 1239 1186 1275 que
1207 1226 1266 1262 illi
1296 1227 1547 1263 merebantur

234 1283 297 1319 isti
332 1284 444 1333 passi
483 1292 570 1320 sunt
613 1291 648 1320 et
689 1284 763 1320 soli
800 1284 913 1333 passi
953 1291 1040 1320 sunt
1083 1285 1190 1330 talia,
1237 1297 1321 1320 cum
1362 1297 1435 1322 non
1473 1285 1548 1321 soli

228 1349 475 1390 peccassent;
501 1349 712 1391 propterea
736 1354 805 1390 que
827 1342 983 1377 illorum
1012 1349 1123 1377 erant
1155 1342 1336 1378 dicuntur
1353 1343 1541 1392 perpessi.

178 1410 218 1431 20
233 1400 311 1435 Res
332 1400 429 1435 enim
453 1400 524 1435 ista
558 1401 735 1436 mortalis
767 1407 842 1444 est;
873 1407 907 1435 et
939 1400 993 1436 sic
1015 1412 1146 1436 omnes
1174 1400 1346 1437 homines
1378 1401 1545 1449 quotidie

224 1457 413 1504 facimus.
472 1458 575 1494 Ecce
620 1458 717 1493 enini
763 1470 848 1493 cum
898 1458 1003 1493 servi
1045 1458 1101 1493 tui
1137 1466 1314 1507 peccant,
1368 1459 1547 1508 expolias

233 1527 347 1551 unum
381 1522 415 1551 et
446 1516 584 1551 iterum
612 1516 747 1563 parcis
778 1516 823 1561 ei,
865 1515 1014 1552 dicens:
1051 1516 1139 1551 Nisi
1168 1516 1240 1552 hoc
1280 1517 1547 1553 observaveris

232 1573 303 1609 hoc
329 1585 520 1622 passurus
548 1586 599 1610 es.
635 1573 822 1609 Similiter
847 1573 956 1621 facis
991 1580 1025 1609 et
1052 1574 1170 1609 alteri
1196 1586 1268 1610 non
1307 1574 1547 1610 melioranti:

231 1630 265 1666 si
290 1631 512 1676 incurrerit,
542 1631 760 1681 castigatur
784 1643 879 1666 unus
893 1632 1101 1667 secundum
1120 1640 1321 1681 peccatum
1344 1644 1479 1677 suum;
1511 1640 1546 1668 et

176 1688 215 1720 εὖ
234 1688 386 1724 videtur
413 1689 562 1737 quidem
584 1701 660 1738 pro
683 1689 856 1725 omnibus
877 1689 983 1725 solus
1001 1689 1071 1725 iste
1085 1690 1311 1740 castigatus,
1335 1690 1421 1738 quia
1445 1691 1547 1738 quod

232 1746 319 1782 aliis
351 1754 405 1783 est
432 1747 684 1796 promissum,
719 1747 777 1782 illi
804 1754 859 1783 est
891 1747 1099 1785 redditum.
1134 1748 1288 1784 Revera
1312 1755 1439 1784 autem
1472 1760 1544 1783 non

226 1816 303 1852 pro
355 1805 442 1841 aliis
493 1805 707 1855 castigatus
757 1812 813 1841 est
855 1806 924 1841 sed
962 1817 1038 1853 pro
1089 1817 1140 1851 se,
1194 1806 1280 1854 quia
1330 1806 1542 1842 secundum

232 1862 410 1898 meritum
455 1864 565 1912 culpe
607 1875 673 1899 sue
712 1863 925 1913 castigatus
969 1870 1034 1898 est.
1085 1863 1155 1899 Ille
1199 1863 1297 1899 enim
1337 1876 1413 1912 pro
1457 1863 1545 1899 aliis

232 1920 374 1955 dicitur
417 1921 632 1971 castigatus
676 1922 741 1968 qui
781 1921 868 1956 aliis
906 1921 1156 1969 peccantibus
1193 1921 1273 1970 ipse
1323 1921 1544 1971 castigatur

175 1979 216 2011 30
231 1990 304 2013 non
344 1990 521 2027 peccans.
584 1978 661 2022 Qui
701 1986 828 2014 autem
867 1991 1034 2027 peccans
1078 1979 1307 2029 castigatur,
1353 1991 1425 2015 non
1465 1991 1543 2028 pro

229 2036 316 2072 aliis
358 2037 426 2072 sed
458 2048 534 2086 pro
572 2049 612 2072 se
650 2037 878 2087 castigatur.
932 2036 994 2071 Sic
1033 2043 1067 2071 et
1103 2037 1311 2086 generacio
1355 2037 1425 2073 ista
1464 2049 1542 2086 pro

225 2094 404 2142 patribus
435 2095 513 2130 suis
542 2094 691 2142 quidem
723 2094 876 2129 videtur
902 2094 1052 2143 punita,
1085 2094 1171 2142 quia
1194 2094 1254 2130 illi
1283 2095 1413 2130 territi
1441 2102 1541 2141 sunt,

230 2151 293 2187 isti
329 2151 465 2201 puniti.
518 2152 615 2187 Vere
658 2159 783 2188 autern
825 2164 897 2187 non
936 2164 1013 2200 pro
1046 2152 1123 2187 illis
1159 2152 1228 2188 sed
1262 2165 1338 2201 pro
1376 2164 1416 2188 se
1453 2165 1540 2188 con-

231 2209 428 2258 dempnati
463 2217 563 2255 sunt,
607 2209 696 2258 quia
727 2210 781 2245 sic
819 2217 1024 2258 peccantes
1068 2209 1165 2245 iuste
1202 2210 1405 2259 dampnati
1440 2218 1537 2246 sunt.

174 2267 214 2300 35
230 2267 313 2302 Hec
350 2268 482 2303 eadem
514 2268 566 2302 aa'
597 2267 786 2303 hereticos
817 2267 989 2303 convenit
1022 2267 1149 2303 dicere
1185 2267 1397 2304 Christum.
1430 2268 1542 2304 Ideo:

230 2324 331 2361 Ecce
362 2337 434 2375 ego
467 2325 574 2360 mitto
613 2325 665 2360 ad
704 2337 770 2360 vos
807 2325 998 2373 sapientes
1041 2332 1110 2364 etc.
1159 2325 1256 2361 Vere
1293 2325 1390 2361 enim
1436 2325 1543 2361 missi

229 2390 316 2418 sunt
346 2383 534 2432 sapientes
568 2383 757 2418 adversus
789 2382 978 2418 hereticos
1001 2390 1137 2431 patres
1166 2391 1329 2430 vestros,
1350 2383 1541 2432 sapientes

229 2447 354 2476 autem
379 2452 451 2476 non
475 2440 632 2487 literati,
656 2452 819 2488 quorum
842 2440 1034 2489 sapiencia
1067 2441 1102 2476 in
1124 2441 1297 2477 sensibus
1320 2441 1541 2477 carnalibus

223 2498 352 2546 posita
370 2505 426 2534 est
442 2505 478 2535 et
495 2498 531 2533 in
550 2497 683 2547 lingua
698 2498 888 2546 adquisita
899 2510 974 2546 per
991 2498 1312 2535 exercitacionem
1329 2499 1539 2545 carnalem,

170 2566 215 2597 40
228 2556 296 2591 sed
326 2555 516 2605 sapientes
538 2555 641 2591 circa
664 2556 741 2591 Dei
754 2555 946 2602 noticiam,
979 2556 1169 2605 sapientes
1192 2569 1263 2592 non
1287 2569 1453 2606 corpore
1472 2557 1541 2593 sed

298 2690 323 2710 2.
344 2684 387 2710 A:
410 2691 470 2711 non
492 2683 585 2711 deest.
698 2692 727 2717 4.
755 2683 793 2710 B:
815 2687 849 2710 ut
865 2691 919 2711 szc.
1030 2692 1063 2711 11.
1084 2685 1129 2711 A:
1157 2685 1261 2711 iustus.
1354 2683 1396 2712 23.
1419 2684 1538 2712 Codd.:

228 2718 474 2745 meliorantibus.
497 2719 557 2753 Op.
578 2719 674 2753 Imp.:
696 2719 798 2745 alteri.
819 2717 887 2746 Non
908 2719 1140 2746 meliorantibus
1154 2726 1227 2746 vero
1248 2719 1301 2753 eis⁷
1325 2719 1354 2745 si
1370 2719 1541 2746 incurrerit

229 2761 315 2786 unus,
352 2753 529 2788 castigatur
556 2775 561 2780 .
591 2775 596 2779 .
628 2774 633 2778 .
725 2761 771 2786 24.
800 2755 844 2780 A:
876 2754 905 2780 si
932 2754 1098 2781 intrarent.
1195 2762 1241 2789 27.
1272 2754 1316 2780 A:
1350 2754 1537 2788 castigatur.

229 2795 350 2821 40—41.
371 2787 409 2814 ss:
432 2788 572 2814 itmorem
592 2796 647 2815 nec
665 2788 818 2823 sapientes
846 2789 930 2815 circa
958 2788 1026 2815 Dei.
1156 2796 1198 2822 41.
1221 2788 1259 2815 B:
1282 2788 1343 2815 Dei
1367 2789 1465 2822 deest3
1493 2789 1537 2815 A:

229 2822 375 2848 noticiam
395 2822 544 2849 veritatis.

1789 183 1836 223 85

1598 656 1799 684 Punishment

1605 696 1659 718 not
1679 692 1794 727 always

1604 725 1795 753 immediate.
