1986 3289
144 188 217 233 134
744 193 862 226 opus
888 193 1225 226 EVANGELICUM
1254 192 1338 225 [ΑΒ.
1364 193 1418 225 111.
1455 178 1562 234 [CAP.
1584 187 1736 218 xxxvn*

482 302 663 338 Christus
693 301 829 337 docuit
858 314 972 336 suum
1004 299 1252 348 evangelium
1282 298 1521 347 generaliter
1552 308 1589 335 et
1614 299 1737 346 gratis

422 360 575 407 populo
620 358 930 407 predicandum:
968 371 1074 408 papa
1114 357 1360 409 dogmatizat
1393 357 1428 392 in
1462 357 1578 393 bullis
1610 358 1736 406 infun-

424 418 614 453 arabilibus
651 417 841 465 quomodo
880 429 990 452 sumn
1033 416 1311 465 heneplacitum
1352 415 1544 451 cesarium
1583 415 1632 450 sit
1665 427 1737 464 po-

419 476 514 524 pulo
542 476 838 524 publicandum.

484 533 666 569 Christus
719 533 856 569 docuit
908 541 990 567 tam
1044 531 1124 568 vita
1176 544 1297 580 quam
1350 530 1480 567 verbis
1534 531 1775 579 quomod05

427 592 555 627 honor
601 593 828 627 mundanus
883 599 919 626 et
965 589 1048 626 eius
1093 591 1249 626 lucrum
1292 601 1381 624 cum
1424 588 1479 624 eis
1533 601 1609 637 que
1655 588 1742 636 ipsa

426 649 587 697 sapiunt
610 649 688 685 sint
711 662 732 685 a
757 648 939 685 fidelibus
963 647 1170 696 fugienda:
1200 659 1305 697 papa
1339 654 1465 683 autem
1501 646 1745 698 dogmatizat

425 708 618 756 quomodo
653 707 811 743 dimissa
846 706 1023 742 doctrina
1062 706 1211 742 Christi
1240 711 1330 741 sunt
1362 704 1437 740 ista
1468 704 1633 740 sollicite
1664 717 1745 739 am-

422 766 641 814 plectenda.

486 823 669 860 Christus
713 823 786 859 fuit
831 822 872 858 in
919 822 1000 858 suis
1044 820 1381 870 promissionibus
1430 832 1585 857 summe
1630 832 1805 857 verusio

428 893 549 930 atque
593 880 767 917 stabilis:
817 893 923 930 papa
964 888 1088 916 autem
1130 887 1185 916 est
1229 880 1264 915 in
1308 880 1387 916 suis
1416 879 1539 927 falsis
1583 885 1618 913 et
1638 878 1748 928 fictis

423 940 746 990 promissionibus
787 951 936 975 summe
969 939 1124 987 fallax,
1170 950 1261 973 cum
1309 937 1492 974 Christus
1532 943 1613 972 non
1657 949 1748 984 pro-

429 998 537 1034 misit
567 998 665 1034 tales
699 996 977 1033 absoluciones
1011 1009 1032 1032 a
1065 1008 1169 1043 pena
1208 1005 1245 1031 et
1278 1009 1299 1032 a
1333 996 1450 1043 culpa
1480 1007 1570 1031 cum
1608 994 1749 1030 ceteris

428 1055 696 1103 indulgenciis
730 1068 775 1092 ac
808 1053 1027 1103 privilegiis
1060 1055 1128 1090 sed
1153 1053 1263 1090 dedit
1296 1053 1375 1089 suis
1405 1053 1591 1089 fidelibus
1614 1064 1748 1089 veram
1793 1091 1804 1095 ‚

430 1113 722 1151 contricionem
788 1122 827 1149 et
878 1111 1164 1160 sempiternam
1218 1112 1388 1148 salutem
1442 1110 1594 1147 anime:
1644 1101 1806 1160 papa13

429 1180 554 1208 autem
601 1172 725 1222 fingit
768 1171 804 1207 in
849 1171 1021 1207 omnibus
1072 1170 1152 1206 istis
1188 1169 1415 1220 ypocritice
1467 1169 1613 1205 directe
1663 1180 1750 1204 con-

430 1238 610 1268 trorzztm.

175 1293 277 1321 These
296 1293 377 1331 eight
490 1290 539 1324 Et
582 1300 653 1335 per
696 1288 768 1323 hec
813 1295 905 1323 octo
952 1294 1082 1334 potest
1129 1285 1331 1322 studiosus
1387 1284 1594 1333 percipere
1654 1297 1753 1332 quo-

147 1331 409 1398 {gutthrgssszggulist
434 1347 555 1382 modo
586 1344 767 1381 Christus
797 1353 834 1381 et
857 1357 961 1393 papa
1002 1343 1177 1380 cesarius
1206 1343 1246 1380 in
1277 1343 1460 1380 doctrina
1490 1351 1527 1379 et
1560 1342 1751 1393 operibus

188 1397 371 1425 Antichrist.
439 1405 716 1441 adversantur.
772 1404 906 1448 Quare
960 1415 1054 1450 ergo
1096 1415 1178 1438 non
1229 1402 1330 1438 foret
1382 1401 1473 1438 talis
1526 1400 1810 1449 capitaliter2o

434 1461 728 1498 Antichristus?
776 1463 823 1496 Et
855 1460 887 1497 si
920 1460 1094 1496 obicitur
1128 1468 1269 1496 contra
1302 1460 1408 1496 hunc
1441 1471 1600 1496 sensum
1636 1471 1752 1495 evan-

433 1519 547 1568 gelii:
588 1520 660 1555 Vel
693 1527 751 1555 est
783 1518 962 1555 obiciens
994 1518 1168 1554 infidelis
1203 1517 1447 1554 extrinsecus
1481 1518 1542 1554 vel
1579 1516 1753 1553 infidelis

432 1577 614 1626 ypocrita
647 1576 902 1622 intrinsecus,
938 1576 1145 1612 confidens
1179 1577 1227 1612 de
1257 1588 1361 1624 pape
1384 1574 1575 1623 suffragio
1599 1584 1754 1623 tempo-

433 1636 526 1682 rali3
582 1635 613 1671 si
651 1634 783 1683 primo
824 1635 959 1680 modo,
1013 1633 1133 1670 nichil
1180 1633 1254 1669 sibi
1294 1642 1331 1669 et
1375 1632 1468 1669 huic
1514 1632 1668 1679 sensui;
1721 1632 1753 1668 si

433 1695 610 1731 secundo
635 1694 768 1738 modo7
803 1692 883 1729 sive
907 1692 1037 1729 maior
1069 1691 1188 1728 fuerit
1216 1691 1257 1727 in
1287 1691 1454 1728 ecclesia
1483 1690 1565 1727 sive
1589 1690 1723 1726 minor
1748 1686 1810 1742 l²5

434 1752 636 1800 improbet
688 1751 809 1787 istum
851 1763 1013 1787 sensum
1062 1758 1098 1786 et
1138 1751 1280 1786 doceat
1332 1761 1377 1785 ex
1428 1749 1506 1785 fide
1557 1748 1754 1797 scripture
1790 1738 1876 1782 ‘4¹8¹'

434 1823 594 1846 sensum
641 1808 889 1845 contrarium
940 1809 1001 1844 vel
1044 1808 1169 1844 eciam
1204 1807 1379 1854 racione,
1426 1815 1463 1843 et
1512 1819 1755 1855 quocunque

437 1868 575 1905 fecerit
611 1868 674 1904 vel
706 1866 849 1903 dixerit
886 1867 927 1903 in
964 1867 1039 1903 hac
1072 1875 1200 1914 parte,
1243 1865 1351 1902 dicta
1384 1864 1629 1913 protestacio
1663 1877 1752 1901 curn

199 1941 267 1968 The
288 1949 386 1978 pope⁴
436 1926 573 1963 animo
606 1925 748 1961 humili
792 1924 990 1963 liberabit.
1053 1924 1236 1960 Christus
1281 1923 1407 1960 nichil
1452 1923 1589 1960 docuit
1640 1935 1754 1959 suam

150 1975 419 2038 fflgkseglgfiffes‘tvsslf
437 1984 647 2021 ecclesiam
681 1982 757 2019 nisi
791 1992 958 2031 propter
991 1981 1130 2018 utilem
1166 1991 1203 2018 et
1236 1980 1508 2018 necessariam
1532 1981 1754 2027 racionem,
1773 1985 1814 2018 30

194 2046 232 2072 all
254 2045 369 2080 things.
437 2043 506 2078 sed
546 2055 652 2090 papa
691 2040 839 2077 similat
879 2041 1006 2077 multa
1048 2041 1148 2076 falsa
1189 2048 1226 2076 et
1258 2039 1465 2088 superflua
1498 2038 1586 2075 sine
1620 2051 1753 2084 causa,

437 2113 483 2137 ac
517 2100 548 2136 si
581 2112 703 2147 supra
736 2101 863 2135 Deum
899 2098 1068 2135 diceret:

497 2158 559 2194 Sic
595 2158 695 2204 volo,
727 2157 783 2193 sic
811 2157 932 2204 iubeo,
965 2157 1014 2193 sit
1038 2168 1114 2205 pro
1148 2156 1302 2192 racione
1335 2156 1526 2191 voluntas.

495 2218 579 2263 Ego
603 2224 737 2252 autem
756 2214 901 2251 nescio
923 2214 1154 2263 improbare
1177 2213 1343 2250 racione
1364 2213 1425 2249 vel
1447 2212 1647 2261 scriptura
1665 2225 1756 2260 sup-

438 2274 569 2322 posita
615 2273 783 2309 veritate
815 2281 947 2321 gestus
992 2271 1147 2320 papalis
1186 2271 1303 2307 istam
1337 2271 1583 2307 sentenciam
1630 2270 1755 2318 magi·
1772 2276 1813 2310 35

439 2332 616 2368 stralem.

879 2420 1019 2461 CAP.
1052 2419 1321 2460 XXXVII.

498 2505 621 2541 Addit
669 2505 794 2542 eciam
841 2504 947 2541 idem
987 2505 1131 2540 doctor
1168 2516 1241 2551 pro
1281 2501 1536 2551 exposicione
1574 2501 1755 2538 ulteriori

441 2564 558 2599 huius
597 2572 725 2599 textus
760 2562 978 2610 evangelici
1012 2563 1119 2610 quod
1154 2561 1305 2597 dictum
1346 2560 1596 2608 evangelium
1630 2559 1756 2595 utitur

512 2712 519 2730 1
553 2704 579 2730 A
602 2703 630 2729 in
655 2711 766 2738 marg:
791 2702 819 2729 6.
893 2702 918 2729 5.
940 2703 967 2728 Α
988 2702 1017 2729 in
1041 2709 1155 2736 marga
1180 2709 1207 2736 7.
1281 2708 1319 2727 21.
1341 2701 1388 2728 A:
1410 2700 1572 2728 obiciatur.
1646 2698 1690 2735 37.
1711 2700 1756 2727 A:

443 2738 518 2773 Cap.
541 2737 672 2765 XXXVI.
694 2739 721 2764 A
742 2738 771 2765 in
795 2745 909 2771 marga
930 2737 1097 2764 johannes.
1119 2737 1161 2763 A:
1184 2735 1323 2762 Addidit.

515 2811 567 2843 33.
593 2810 752 2841 Juvenal.
780 2811 849 2841 Sat.
878 2810 933 2849 Vl⁷
963 2810 1038 2842 223.
