1986 3289
169 217 247 254 226
772 221 889 252 OPUS
916 219 1250 251 EVANGELICUM
1280 219 1363 249 LIB.
1390 219 1443 250 111.
1560 206 1667 259 [CAP-
1690 214 1767 241 LXI·

456 328 622 365 invenies
656 327 818 363 multos:
852 326 988 376 fidelis
1033 332 1159 361 autem
1194 332 1229 360 et
1256 325 1432 373 prudens
1477 323 1638 373 difficile
1670 323 1770 359 inve-

458 387 581 431 nitur;
603 386 791 434 quomodo
807 384 1023 434 quifideles
1044 390 1144 426 sunt,
1168 382 1206 418 id
1229 389 1283 418 est
1307 383 1431 418 Deum
1456 381 1642 425 timentes,
1666 381 1770 430 diffi-

458 445 528 480 cile
558 451 646 480 sunt
678 450 713 479 et
739 443 964 492 prudentes,
989 448 1023 477 et
1055 441 1118 489 qui
1133 441 1346 489 prudentes
1378 439 1635 486 inveniuntur,
1669 439 1770 488 diffi-

199 512 407 551 hispareto
459 502 530 538 cile
562 509 597 537 et
635 501 810 537 timentes
842 501 983 536 Deum.
1036 499 1188 542 Quanto
1235 505 1360 533 autem
1405 497 1537 533 rarior
1580 497 1773 533 invenitur

167 546 444 608 ᾗζῇἔᾶξᾷξῖξὲὲῗζὸδ
459 560 596 609 fidelis
628 567 663 594 et
690 559 878 607 prudens,
927 564 1032 592 tanto
1065 557 1129 604 qui
1159 556 1333 591 inventus
1353 555 1486 604 fuerit
1517 555 1672 590 beacior
1704 562 1769 590 est.
1789 558 1804 589 5

213 615 388 643 combIned.
462 617 699 653 Prudentem
737 623 863 652 autem
890 615 987 661 dico,
1021 626 1093 650 non
1127 614 1304 650 scientem
1339 621 1373 649 et
1406 614 1557 649 doctum
1590 613 1658 649 sed
1689 625 1772 649 sen-

458 683 586 711 satum
621 683 656 710 et
689 681 812 710 mente
845 680 1012 718 acutum,
1044 672 1109 721 qui
1134 679 1262 721 potest
1290 683 1422 707 rerum
1452 671 1676 719 ponderare
1707 683 1772 706 na-

460 741 571 769 turas
624 740 659 769 et
690 732 898 768 secundum
933 737 1113 766 naturam
1141 737 1270 778 potest
1318 728 1608 765 racionabiliter
1646 728 1771 764 omnia

209 800 398 835 Knowledge
460 803 594 842 agere.
641 791 875 838 Plerumque
917 796 1043 824 autem
1077 795 1166 824 sunt
1210 787 1323 822 multi
1353 787 1532 822 habentes
1567 785 1772 823 scienciam

181 843 266 897 ‘319ss
282 842 432 897 ᾆῖξὲῐέῐῇη
460 849 635 894 multam,
669 849 738 884 sed
770 859 836 883 nec
867 859 909 882 se
939 846 1135 895 sapienter
1164 852 1307 895 regunt
1338 857 1405 880 nec
1435 844 1637 880 scienciam
1670 844 1772 892 sapi·
1794 859 1831 879 10

461 913 569 942 enter
601 906 832 955 dispensant.
867 905 919 940 Et
942 904 1064 940 omnis
1095 903 1245 952 quidem
1274 909 1403 952 potest
1421 903 1595 951 prudens
1628 914 1708 938 esse
1740 908 1774 937 et

460 964 662 1001 scienciam
709 964 852 999 habere
884 974 935 998 ex
972 969 1101 1011 parte,
1147 974 1220 998 non
1265 968 1390 996 autem
1430 967 1465 995 et
1498 960 1620 996 omnis
1651 960 1775 996 sciens

455 1029 582 1071 potest
603 1021 835 1071 sapienciam
861 1021 1015 1066 habere,
1049 1020 1226 1068 quoniam
1261 1019 1296 1054 in
1334 1026 1420 1054 actu
1448 1019 1645 1067 probatur
1675 1018 1773 1066 sapi-

459 1080 563 1116 encia
598 1079 904 1127 uniuscuiusque⁷
949 1078 1110 1114 sciencia
1144 1084 1269 1113 autem
1311 1077 1347 1112 in
1385 1088 1572 1113 sermone.
1627 1075 1774 1111 Fidelis

459 1139 609 1187 quidem
642 1138 819 1187 queritur
845 1144 1014 1185 propter
1045 1134 1172 1172 Deum
1206 1143 1246 1170 ut
1277 1135 1409 1170 timeat
1431 1135 1572 1181 Deum,
1599 1134 1774 1183 prudens
1794 1137 1829 1169 15

459 1203 584 1232 autem
604 1203 772 1245 propter
801 1195 985 1240 homines,
1019 1203 1059 1229 ut
1086 1193 1274 1242 populum
1299 1193 1374 1228 Dei
1404 1192 1599 1241 sapienter
1629 1192 1772 1242 guber—

460 1261 532 1290 net.
580 1254 769 1298 Quoniam
804 1264 902 1303 ergo
943 1264 1015 1287 non
1049 1258 1194 1286 tantum
1229 1251 1313 1287 Deo
1351 1250 1564 1299 prudencia
1598 1249 1774 1295 hominis,

458 1319 642 1362 quantum
677 1311 912 1347 consciencia
940 1310 1091 1359 placet:
1123 1309 1338 1344 hominibus
1360 1316 1485 1344 autem
1520 1320 1593 1344 non
1627 1315 1772 1343 tantum

459 1369 695 1407 consciencia
729 1376 911 1417 quantum
944 1367 1138 1417 sapiencia
1158 1367 1342 1416 prodest:
1376 1367 1409 1402 si
1427 1366 1558 1415 fuerit
1579 1366 1663 1415 quis
1695 1373 1774 1400 tan-

459 1435 537 1463 tum
561 1427 709 1478 fidelis,
762 1427 901 1462 laicum
934 1426 1085 1475 quidem
1107 1425 1226 1473 facit,
1265 1425 1505 1460 sacerdotem
1545 1431 1669 1459 autem
1703 1435 1775 1459 non
1793 1437 1834 1458 20

460 1486 579 1535 facit,
613 1485 688 1521 nisi
707 1485 837 1533 fuerit
853 1484 990 1533 fidelis
1012 1490 1046 1519 et
1064 1483 1249 1532 prudens.
1287 1483 1398 1532 Ergo
1419 1482 1556 1531 fidelis
1589 1481 1775 1530 queritur,

460 1551 500 1579 ut
523 1543 654 1591 faciat
686 1543 915 1592 priusquam
951 1541 1066 1587 dicat,
1105 1541 1281 1590 prudens
1326 1548 1365 1575 ut
1404 1547 1607 1588 postquam
1630 1539 1778 1588 fecerit

463 1601 566 1637 dicat
598 1600 832 1650 intelligens,
866 1600 926 1635 cui
947 1599 1072 1648 qualis
1105 1598 1279 1634 doctrina
1310 1598 1511 1634 conveniat
1543 1605 1578 1633 et
1610 1598 1775 1645 quando.

204 1669 271 1697 The
291 1669 410 1696 faithful
520 1660 627 1705 Item,
648 1658 785 1708 fidelis
827 1658 1014 1706 queritur,
1062 1664 1101 1692 ut
1134 1668 1282 1692 memor
1324 1656 1373 1692 sit
1399 1667 1630 1705 pauperum,
1681 1655 1778 1691 sicut

173 1703 438 1773 Sffi‘g'ssesffsjhfgffljd
462 1717 628 1752 Paulus:
654 1716 828 1765 prua'ens
850 1722 990 1761 autem,
1015 1722 1053 1750 ut
1077 1714 1269 1764 intelligat
1291 1714 1353 1749 cui
1371 1721 1406 1749 et
1428 1714 1619 1761 quomodo
1644 1713 1777 1749 debeat
1794 1717 1832 1748 25

189 1774 265 1835 bffblii
281 1773 420 1835 prggiiggal
463 1774 701 1823 dispensare.
742 1774 794 1809 Et
827 1774 897 1809 lzoc
930 1780 985 1809 est
1017 1773 1118 1821 quod
1152 1772 1242 1807 dicit
1275 1772 1370 1807 dare
1403 1772 1504 1807 cibos
1536 1772 1571 1806 in
1605 1778 1777 1819 tempore

375 1828 404 1843 “’
462 1840 497 1868 et
528 1831 751 1881 spirituales
783 1839 817 1867 et
850 1831 1090 1880 corporales,
1124 1829 1348 1879 spirituales
1380 1829 1529 1877 quidem
1563 1829 1774 1875 animabus,

463 1890 692 1939 corporales
725 1889 875 1938 quidem
910 1888 1151 1937 corporibus.
1207 1888 1396 1932 Quoniam
1430 1894 1556 1922 autem
1591 1887 1626 1922 in
1659 1887 1775 1922 eccle-

463 1947 519 1983 sia
553 1960 626 1984 non
670 1947 794 1983 solum
836 1954 923 1982 sunt
949 1958 1147 1995 pauperes
1191 1946 1225 1981 in
1259 1945 1530 1994 corporalibus
1563 1944 1676 1980 rebus
1706 1944 1776 1980 sed

462 2005 582 2042 eciam
616 2005 652 2040 in
684 2005 952 2054 spiritualibus
986 2004 1105 2040 multo
1139 2003 1408 2053 pauperiores,
1441 2010 1481 2038 ut
1513 2003 1575 2038 det
1607 2001 1709 2038 cibos
1740 2002 1834 2037 1'7130

463 2071 648 2112 tempore,
682 2063 722 2098 id
745 2070 813 2108 est,
847 2063 882 2097 in
912 2069 1086 2111 tempore
1118 2061 1366 2111 opportuno?
1405 2060 1509 2104 Quid
1530 2067 1585 2096 est
1617 2060 1652 2095 in
1685 2067 1775 2096 tem-

457 2133 557 2170 pore
589 2121 810 2170 oportuno?
849 2120 971 2164 Quasi
1001 2126 1056 2155 est
1087 2117 1244 2167 aliquod
1266 2126 1414 2167 tempus
1446 2118 1596 2167 quando
1628 2129 1698 2153 non
1722 2125 1777 2154 est

461 2186 692 2228 oportunum
741 2179 892 2225 docere,
945 2190 1029 2213 cum
1087 2178 1189 2214 dicat
1241 2177 1446 2212 Salomon:
1506 2175 1694 2212 Doctrina
1742 2182 1777 2211 et

463 2236 632 2286 flagella
677 2236 712 2272 in
758 2236 862 2272 omni
904 2243 1089 2284 tempore.
1136 2235 1212 2270 Sed
1245 2241 1339 2283 puto
1380 2235 1450 2270 lioc
1482 2233 1773 2283 intelligendum

463 2302 613 2343 tempus
645 2301 877 2343 oportunum
924 2293 1109 2335 doctrine,
1155 2293 1344 2341 quomodo
1378 2292 1468 2328 dicit
1500 2298 1535 2327 et
1560 2292 1830 2340 propheta-35

465 2353 651 2401 Tempore
695 2351 923 2400 acceptabili
959 2351 1145 2387 exaudivi
1175 2358 1209 2386 te
1241 2357 1275 2385 et
1306 2350 1342 2385 in
1382 2350 1442 2385 die
1472 2349 1608 2385 salutis
1645 2348 1777 2384 adiuvi

462 2417 509 2446 te.
560 2410 724 2453 Quando
770 2409 1040 2445 misericordia
1073 2408 1149 2444 Dei
1179 2420 1251 2443 non
1292 2414 1347 2456 est
1379 2406 1653 2456 acceptabilis?
1699 2406 1776 2442 Sed

533 2623 561 2654 9.
583 2614 627 2641 A:
648 2613 791 2648 Plerique
810 2616 911 2641 autem
932 2613 1028 2640 multi.
1102 2621 1135 2640 11.
1157 2612 1199 2640 A:
1222 2620 1285 2639 esse
1305 2612 1399 2638 deest.
1484 2610 1520 2638 13.
1554 2611 1582 2637 A
1602 2610 1631 2637 in
1661 2618 1774 2645 marg:

463 2649 631 2684 Sapiencia
670 2648 909 2683 uniuscuiusque
935 2648 964 2674 in
995 2650 1066 2676 actu
1093 2647 1257 2682 probatur,
1287 2646 1421 2673 sciencia
1457 2653 1530 2672 vero
1564 2645 1594 2672 in
1625 2653 1774 2672 sermone.

464 2692 505 2716 14.
529 2684 565 2710 b':
586 2683 716 2710 sciencie
730 2686 784 2710 est.
860 2690 902 2710 22.
923 2684 965 2710 A:
988 2683 1124 2722 prudens
1140 2689 1321 2716 priusquam
1331 2679 1451 2716 fecerit
1470 2683 1507 2707 el.
1575 2678 1617 2706 23.
1639 2680 1681 2706 A:
1703 2687 1776 2714 qua-

462 2719 545 2745 lisve.
637 2717 683 2744 26.
704 2718 732 2745 A
760 2718 788 2744 in
818 2725 930 2752 marg.:
955 2716 1045 2744 Cibus
1066 2717 1187 2751 duplex.
1276 2715 1385 2743 31-32.
1406 2716 1449 2742 A:
1475 2715 1775 2750 Quid—opportuno

463 2753 558 2779 deest.
650 2752 681 2778 32
714 2753 757 2778 A:
779 2755 822 2778 est
844 2752 946 2778 before
965 2752 1095 2784 aliquod
1114 2751 1206 2777 deest.
1297 2749 1342 2783 311.
1365 2750 1460 2778 Cocl.:
1482 2757 1542 2776 non
1565 2749 1607 2775 in.

535 2835 586 2866 25.
616 2836 716 2866 Rom.
744 2836 815 2876 XV,
845 2835 897 2865 26.
996 2836 1048 2867 33.
1076 2835 1167 2866 Eccl.
1194 2835 1294 2874 XXII,
1323 2833 1352 2864 Γ).
1453 2833 1572 2867 36:15.
1599 2833 1716 2872 XLIX,
1742 2833 1774 2864 8.
