1986 3289
252 187 340 215 CAP.
362 178 489 232 XXIII]
618 190 677 221 DE
704 189 1018 221 ANTICHRISTO
1046 190 1129 221 LIB.
1156 191 1179 221 I.

250 304 315 333 aut
337 297 502 345 aliquem
526 295 854 345 concupiscibilem
872 296 1027 331 cibum?
1050 303 1089 331 ut
1110 295 1144 331 si
1165 296 1314 344 quidem
1339 309 1475 332 servus
1498 297 1561 333 ille

251 355 485 391 incontinens
505 354 636 403 fuerit
668 361 704 389 et
735 353 814 389 sine
845 353 996 400 timore,
1030 354 1221 403 porrigat
1264 366 1417 389 manum
1451 367 1560 390 suam

251 419 286 448 et
317 412 482 462 accipiat
513 412 610 447 inde.
651 411 849 460 Numquid
879 418 918 447 tu
952 411 1053 447 male
1074 411 1242 459 fecisti?
1273 412 1348 447 Aut
1380 413 1564 461 numquid

250 478 289 506 tu
313 470 475 520 coegisti
495 469 603 505 illum
628 477 668 505 ut
686 469 846 517 faceret
875 469 1006 505 male?
1036 469 1106 505 sed
1123 469 1348 519 propalasti
1369 470 1561 506 maliciam

217 528 341 564 Seius.
386 528 449 564 Sic
482 534 518 563 et
547 527 655 563 Deus
699 527 796 562 dans
840 527 1056 563 hominibus
1089 528 1325 563 occasionem
1360 528 1562 577 peccandi,

249 586 284 622 si
301 597 466 635 peccare
490 585 681 621 voluerint
713 596 786 620 non
817 584 916 629 illos,
937 585 1221 633 peccarefacit
1241 586 1311 621 sed
1339 585 1563 634 manifestat

245 643 503 693 pertinaciam
537 642 668 679 cordis
700 654 846 678 eorum.
884 643 965 678 Hec
999 641 1284 679 Crisostomus.

307 700 475 736 Videtur
529 713 572 737 ex
622 699 752 736 verbis
804 699 917 735 istius
969 700 1096 736 sancti
1149 713 1266 748 posse
1318 700 1407 737 elici
1455 698 1648 748 quodGOd
1671 700 1848 726 ³¹¹0WS¹¹¹<³

251 758 463 807 generacio
497 759 669 806 reproba
713 757 753 793 in
798 757 874 793 isto
919 766 1063 794 octavo
1095 759 1150 794 Ve
1183 758 1302 794 hodie
1335 758 1563 806 specialiter

196 832 235 853 10
251 815 469 862 invalescit,
495 816 588 864 quia
611 824 771 853 sanctos
789 824 981 863 martyres
1005 816 1159 863 priores
1184 817 1320 853 colunt
1342 816 1562 864 ypocritice

251 883 287 910 et
319 873 394 922 ipsi
426 882 517 910 sunt
549 873 617 922 qui
650 873 793 910 callide
838 872 938 910 alios
972 873 1245 921 martyrizant,
1290 883 1333 910 ut
1372 882 1482 922 patet
1515 875 1563 911 de

250 934 431 968 Romana
464 931 588 979 curia,
623 930 822 980 episcopis
857 939 893 967 et
930 931 1016 967 aliis
1045 932 1378 980 persequentibus
1412 931 1561 978 fideles,

249 989 342 1038 quia
389 990 579 1037 detegunt
621 989 749 1037 legem
784 988 943 1026 Christi.
992 990 1070 1025 Sed
1103 989 1176 1026 iste
1209 999 1371 1026 sanctus
1402 989 1563 1026 videtur

249 1048 344 1084 dare
395 1046 648 1096 generacioni
692 1046 793 1083 iuste
840 1046 1163 1083 consolacionem
1218 1047 1259 1083 in
1310 1047 1401 1094 isto,
1454 1049 1562 1096 quod

195 1111 232 1142 15
247 1104 404 1142 videtur
446 1104 577 1153 ipsum
611 1104 873 1150 sentenciare,
919 1106 1028 1153 quod
1062 1107 1166 1141 Deus
1206 1105 1367 1142 ordinat
1399 1118 1562 1153 genera-

249 1162 406 1199 cionem
440 1164 544 1199 hanc
566 1164 781 1211 reprobam
806 1175 894 1199 cum
926 1162 1190 1210 generacione
1223 1163 1328 1199 iusta
1360 1163 1561 1200 viancium

249 1219 515 1266 commisceri,
568 1229 611 1256 ut
672 1220 884 1268 generacio
942 1220 1048 1257 iusta
1110 1220 1365 1257 occasionem
1430 1221 1561 1257 meriti

248 1277 421 1327 accipiat
454 1290 497 1314 ex
531 1277 720 1314 mixtione
752 1278 1029 1326 generacionis
1053 1280 1224 1327 reprobe
1257 1291 1560 1327 perversorum3

248 1335 338 1373 ideo
372 1349 462 1373 cum
496 1348 619 1384 opera
652 1337 768 1373 debet
814 1335 940 1372 fidelis
973 1338 1192 1383 attendere,
1226 1349 1274 1373 ne
1306 1337 1562 1385 generacioni

191 1410 232 1432 20
248 1393 311 1430 isti
345 1406 529 1442 perverse
562 1393 804 1439 consenciat,
839 1395 907 1430 sed
940 1403 1032 1442 agat
1054 1394 1222 1431 viriliter
1244 1394 1285 1430 in
1316 1407 1385 1442 spe
1417 1395 1561 1442 premii

249 1460 389 1488 contra
421 1451 541 1500 ipsos.
587 1454 635 1488 Et
675 1451 730 1488 sic
776 1454 880 1488 Deus
918 1451 1025 1489 videt
1069 1452 1328 1489 occasionem
1366 1453 1561 1500 peccandi

249 1518 286 1546 et
330 1518 465 1546 tamen
509 1522 592 1546 non
636 1509 744 1558 ipsos
789 1509 1002 1546 necessitat
1047 1511 1097 1546 ad
1148 1511 1414 1558 peccandum,
1467 1510 1561 1559 quia

248 1567 350 1604 sicut
373 1576 429 1604 est
452 1567 600 1604 iustum
626 1569 733 1617 quod
750 1570 855 1604 Deus
878 1567 1085 1616 provideat
1103 1568 1183 1604 suis
1200 1568 1290 1605 filiis
1306 1568 1560 1605 occasionem

249 1625 410 1662 racione
443 1625 555 1662 cuius
588 1625 876 1662 beatitudinem
902 1635 1144 1673 mereantur,
1178 1626 1234 1663 sic
1266 1626 1423 1663 videtur
1455 1627 1561 1662 hunc

192 1690 231 1722 25
249 1691 432 1720 sanctum
477 1683 624 1720 sentire
670 1685 778 1732 quod
811 1685 915 1720 Deus
954 1683 1055 1720 iuste
1087 1684 1271 1732 providet
1304 1683 1559 1721 occasionem

248 1753 415 1789 peccare
446 1741 684 1787 volentibus,
717 1742 822 1778 unde
855 1750 1044 1789 poterunt
1076 1741 1107 1778 si
1139 1741 1339 1779 voluerint
1371 1754 1557 1790 peccare,

247 1811 320 1835 nec
364 1799 469 1835 istud
508 1799 657 1835 iustum
692 1808 749 1836 est
794 1800 943 1836 malum
977 1799 1213 1847 formaliter,
1259 1800 1351 1837 licet
1395 1799 1558 1849 quidam

247 1857 351 1893 male
382 1856 557 1905 poterint
589 1857 664 1893 isto
696 1857 766 1893 uti.

716 2004 855 2047 CAP.
886 2005 1076 2047 XXIII.

191 2100 232 2131 30
304 2088 573 2125 Crisostomus
625 2097 759 2126 autem
812 2089 1069 2138 prosequitur
1120 2090 1226 2126 hunc
1283 2097 1434 2126 textum
1486 2091 1557 2125 sub

1631 734 1747 761 wicked
1770 739 1800 761 10

1590 769 1667 796 exist
1686 769 1734 796 for
1754 769 1834 804 good

1672 805 1759 831 ends.

1598 2085 1819 2123 Chrysostom:

1585 2120 1663 2148 This
1684 2122 1784 2149 threat
1803 2122 1829 2149 is

248 2146 322 2182 hiis
365 2146 513 2183 verbis:
564 2147 612 2183 Ut
644 2147 770 2183 veniat
813 2159 930 2197 super
974 2160 1041 2184 vos
1085 2148 1208 2184 omnis
1245 2148 1407 2198 sanguis
1439 2147 1559 2184 iustus
1575 2160 1627 2182 not
1648 2157 1720 2192 only
1740 2162 1769 2184 to
1790 2157 1842 2184 the

248 2211 334 2251 etc.,
367 2204 407 2240 ia'
438 2212 506 2251 est,
551 2217 624 2241 non
657 2212 803 2241 tantum
836 2218 953 2254 super
984 2206 1123 2241 Iua'eos
1166 2205 1229 2254 qui
1259 2206 1335 2240 iam
1368 2217 1440 2241 non
1472 2213 1559 2241 sunt

246 2263 315 2298 sed
345 2274 463 2311 super
509 2274 576 2299 vos
620 2263 743 2299 malos
775 2263 999 2299 homicidas.
1048 2263 1148 2298 Nam
1188 2262 1226 2300 in
1259 2271 1433 2312 tempore
1463 2263 1560 2299 Abel

248 2319 357 2355 Iudei
399 2320 550 2368 quidem
583 2332 656 2356 non
691 2320 874 2369 fuerunt,
919 2321 1015 2356 mali
1057 2328 1182 2356 autem
1219 2321 1400 2369 suerunt.
1454 2321 1556 2356 Nam

191 2387 230 2420 35
249 2384 428 2426 quantum
461 2378 512 2413 ad
556 2378 740 2422 homines,
773 2379 890 2414 multe
920 2385 1008 2414 sunt
1038 2378 1318 2429 generaciones
1348 2379 1556 2415 secundum

249 2435 493 2471 diversitates
515 2442 728 2483 terrarum,
760 2437 829 2472 sed
860 2443 1040 2485 quantum
1065 2436 1116 2471 aa'
1138 2437 1263 2472 Deum
1288 2437 1361 2472 due
1390 2448 1556 2486 genera-

248 2492 374 2529 ciones
416 2500 515 2540 sunt,
562 2500 602 2529 ut
628 2501 738 2543 puta,
776 2506 852 2543 per
893 2494 1071 2544 singulas
1107 2494 1384 2544 generaciones
1415 2494 1558 2530 sanctis

315 2685 339 2712 5.
359 2686 405 2713 A:
426 2685 618 2712 occisionem.
729 2694 769 2714 21.
790 2686 911 2714 Codd.:
933 2689 966 2713 ut
983 2686 1034 2713 sic.
1144 2685 1189 2713 30.
1210 2687 1238 2713 A
1260 2686 1290 2713 in
1313 2694 1430 2722 marga
1454 2685 1556 2714 Criso-

246 2722 380 2752 stomus;
399 2720 422 2746 B
442 2720 471 2747 in
497 2728 611 2755 marg:
632 2728 686 2755 23.
777 2719 819 2748 32.
840 2722 885 2748 A:
907 2724 961 2748 etc.
983 2721 1075 2748 deest.
1166 2720 1210 2748 36.
1233 2721 1274 2748 B:
1294 2721 1349 2748 sed
1368 2722 1460 2749 deest.

318 2804 372 2837 30.
399 2804 465 2846 Op.
492 2805 579 2847 Imp.
606 2815 638 2847 p.
665 2805 743 2848 935.
771 2805 848 2846 (Ed.
875 2806 983 2837 Maur.
1010 2806 1119 2847 prima
1145 2816 1221 2847 pag.
1249 2805 1410 2846 CXCIII).

1349 2862 1399 2894 62*

1579 2190 1658 2217 Jews
1681 2192 1732 2218 but
1753 2197 1783 2219 to
1804 2192 1841 2219 all

1608 2226 1658 2252 the
1678 2226 1807 2254 wicked.
