1986 3289
104 871 140 891 10

106 1148 139 1180 [5

108 2016 149 2046 30

110 2602 155 2631 40

153 228 239 256 CAl’.
263 220 315 273 X.]
518 230 576 261 DE
604 228 918 260 ANTICHRISTO
948 228 1030 258 Llss.
1059 227 1096 258 ΙΙ,
1673 225 1754 264 310

210 339 286 374 Sed
320 336 493 383 surrepit
526 335 664 371 diebus
698 333 843 370 nostris
862 333 1088 381 periculosa
1111 332 1258 368 heresis
1292 330 1463 366 nimium
1492 341 1519 366 Α
1542 347 1605 377 ucxy
1630 339 1738 373 hei-osy

153 395 374 443 practizata
416 396 463 430 de
508 393 696 440 gradibus
743 391 982 439 dignitatum
1030 389 1194 426 ecclesie
1242 388 1463 432 militantis,
1481 374 1756 443 lisiesgsspcssexiinaishteo

153 466 242 490 curn
298 465 402 500 papa
454 452 602 488 electus
654 462 724 498 per
776 449 1000 485 cardinales
1051 447 1237 484 vendicat
1289 446 1465 494 primum
1538 443 1729 509 Γὲῑὲἒιξὲἓ-ϋγ

155 512 323 559 gradum
358 519 394 545 et
428 518 517 557 post
552 522 639 545 eum
676 507 901 544 cardinales
935 515 970 542 et
1004 506 1070 542 alii
1104 506 1324 542 secundum
1359 505 1466 552 quod
1489 486 1537 539 thie
1558 512 1660 546 friars,
1681 509 1752 538 who

154 569 238 616 ipse
269 567 439 603 voluerit
471 567 665 611 limitare3
702 574 738 601 et
761 564 817 601 sic
851 565 926 600 ista
959 564 1104 600 veritas
1129 562 1358 610 evangelica
1388 574 1467 609 qua
1482 547 1758 608 holdgtlliteffsselves

155 625 337 662 Christus
371 624 517 660 diffinit
551 625 656 672 quod
682 623 872 658 humilior
906 631 943 658 et
975 621 1198 658 servitivior
1231 621 1304 657 erit
1340 620 1468 656 maior
1495 615 1750 678 reerfegzlplipsttives

154 684 257 720 inter
289 683 385 719 istos
419 682 613 718 hereticos
648 689 704 717 est
737 680 889 728 sopita;
932 688 968 715 et
1002 681 1051 716 ad
1089 688 1245 715 tantum
1281 680 1469 714 exuberat
1655 674 1660 677 ’
1698 672 1703 677 ’

155 743 227 777 hec
260 740 407 778 heresis
442 752 566 788 usque
585 741 634 775 ad
659 739 826 775 caudam
863 738 978 773 huius
1015 737 1158 785 capitis
1192 738 1298 785 quod
1328 737 1469 772 fratres

156 799 292 835 dicunt
325 807 681 846 quantumcunque
715 797 818 833 male
858 795 1043 832 vixerint:
1080 795 1310 843 quicunque
1343 793 1470 829 fidelis

155 856 330 905 aliquem
365 857 544 904 ipsorum
579 855 619 890 in
651 854 815 890 nomine
849 853 997 890 Christi
1030 853 1218 900 suscepit,
1265 851 1468 889 Christum

155 914 339 962 suscipit3
394 922 430 950 et
470 915 541 950 hec
585 912 733 948 heresis
778 912 902 948 lacius
938 920 974 947 et
1008 910 1234 947 diuturnius
1278 909 1471 945 intoxicat

157 972 394 1008 militantem
454 970 662 1007 ecclesiam
710 983 829 1018 quam
876 969 1068 1005 intoxicat
1115 968 1263 1005 heresis
1308 967 1469 1012 Ariana,

157 1043 247 1066 curn
304 1029 485 1077 implicat
529 1030 637 1076 quod
681 1037 874 1064 statutum
921 1028 1065 1075 papale
1119 1036 1176 1063 est
1221 1025 1471 1074 prestancius

157 1101 278 1136 quam
320 1087 528 1123 ordinacio
570 1086 793 1130 Trinitatis,
843 1094 879 1121 et
919 1098 962 1121 ex
997 1086 1070 1121 hoc
1114 1093 1270 1121 tantum
1317 1092 1471 1132 pertur-

159 1147 275 1182 batur
326 1145 492 1181 ecclesia
539 1145 645 1192 quod
691 1144 731 1180 in
777 1145 885 1180 clero
933 1152 990 1179 est
1035 1143 1151 1191 plena
1197 1141 1471 1189 blasphemiis,

158 1203 293 1250 spoliis
325 1212 361 1239 et
393 1202 557 1250 rapinis,
588 1215 677 1238 cum
706 1201 976 1238 Antichristus
1009 1213 1091 1237 non
1115 1201 1229 1236 timet
1254 1200 1473 1236 concedere

158 1270 431 1309 quotcumque
469 1259 744 1307 indulgencias
777 1272 822 1296 ac
859 1258 1065 1307 privilegia
1104 1267 1269 1306 propter
1303 1259 1474 1294 honores

160 1320 385 1355 mundanos
419 1327 455 1354 et
488 1327 739 1354 terrenorum
765 1326 988 1353 stercorum
1013 1317 1280 1364 acquirenda;
1315 1324 1352 1352 et
1368 1315 1474 1351 dicat

160 1376 286 1413 fidelis
310 1376 457 1412 Christi
490 1375 733 1412 sentenciam
759 1377 866 1423 quod
890 1375 1120 1423 quicunque
1143 1374 1261 1410 fuerit
1285 1372 1475 1409 humilior

160 1443 196 1470 et
228 1433 435 1471 servitivor
480 1433 687 1469 militantis
720 1433 898 1478 ecclesie,
944 1432 1007 1468 hic
1040 1441 1097 1468 est
1132 1432 1260 1468 maior
1293 1440 1349 1478 ut,
1395 1430 1474 1466 sive

160 1492 277 1528 fuerit
310 1504 414 1540 papa
447 1491 527 1527 sive
560 1491 788 1537 cardinalis,
822 1491 902 1528 sive
936 1490 1162 1539 episcopus,
1196 1489 1276 1526 sive
1303 1501 1475 1537 persona

161 1550 239 1586 alia
271 1559 376 1586 secte
408 1549 560 1597 private
584 1549 663 1585 sive
687 1550 852 1597 simplex
888 1549 1074 1585 sacerdos
1098 1548 1241 1584 ruralis
1264 1548 1324 1584 vel
1348 1546 1476 1583 fidelis

161 1608 274 1654 alius,
321 1609 414 1643 dum
449 1606 568 1643 fuerit
609 1607 740 1644 maior
774 1607 814 1643 in
846 1606 1070 1652 virtutibus,
1104 1615 1200 1642 tunc
1246 1614 1302 1642 est
1348 1604 1477 1640 maior

162 1667 269 1714 apud
314 1665 491 1702 divinum
526 1664 718 1701 iudicium
765 1674 801 1701 et
846 1664 1082 1712 simpliciter
1113 1673 1209 1700 tunc
1243 1672 1299 1699 est
1334 1662 1475 1699 maior.

163 1723 342 1761 Christus
375 1732 507 1759 autem
542 1724 677 1759 volens
722 1723 837 1759 istam
884 1722 1189 1759 contencionem
1238 1720 1476 1757 maioritatis
1509 1727 1614 1754 Christ
1634 1726 1737 1752 would

162 1782 357 1829 repellere
386 1778 390 1832 Ι
420 1780 605 1817 diffinivit
639 1783 742 1817 hanc
776 1781 1048 1828 supradictam
1074 1779 1319 1816 sentenciam
1360 1791 1476 1815 evan·
1532 1761 1725 1831 halyievaelxlyyded

164 1839 331 1887 gelicam
367 1851 487 1887 quam
511 1850 630 1875 nemo
655 1838 896 1875 sensibiliter
919 1847 1051 1886 potest
1084 1838 1310 1874 discernere
1339 1838 1407 1872 sed
1433 1848 1475 1872 ex
1508 1831 1745 1893 ῧῐζῖἑῑῃῒξξὶξῃῐξζέῑ

163 1909 283 1945 opere
336 1896 597 1944 probabiliter
650 1908 890 1944 supponere,
949 1909 998 1932 ne
1052 1896 1120 1932 fiat
1170 1895 1382 1932 contencio
1435 1894 1475 1930 in
1578 1901 1680 1936 apply.

166 1954 392 1991 maioritate
426 1955 641 1990 mundana.
676 1954 945 1990 Antichristus
979 1963 1112 1990 autem
1147 1955 1196 1990 ad
1229 1962 1384 1989 tantum
1416 1965 1476 1987 so-

164 2012 260 2060 pivit
293 2013 367 2048 hoc
400 2012 580 2048 divinum
615 2012 825 2048 arbitrium
862 2013 970 2060 quod
1005 2012 1091 2059 ipso
1121 2011 1286 2047 dimisso
1321 2019 1477 2046 tantum

165 2069 386 2106 attenditur
408 2071 457 2105 ad
482 2069 692 2105 arbitrium
725 2070 976 2115 Antichristi,
1011 2069 1066 2106 sic
1101 2071 1209 2117 quod
1248 2069 1479 2117 quicunque

165 2127 354 2164 invexerit
378 2136 517 2163 contra
550 2129 622 2163 hos
645 2129 791 2175 gradus
825 2127 1064 2176 dignitatum
1090 2140 1188 2176 quas
1211 2126 1480 2163 Antichristus

165 2185 335 2221 instituit
387 2185 613 2221 censebitur
678 2185 872 2221 maximus
927 2185 1124 2222 hereticus
1183 2194 1219 2221 et
1269 2193 1478 2232 tamquam

166 2255 321 2279 summe
346 2242 527 2279 diabolus
551 2244 791 2290 perturbans
816 2243 1023 2279 ecclesiam
1049 2243 1247 2291 punietur.
1281 2244 1356 2278 Ista
1387 2254 1480 2289 ergo

110 2305 124 2336 ζ’
167 2301 315 2337 heresis
349 2301 405 2337 sic
440 2302 676 2348 perturbans
701 2301 910 2337 ecclesiam
945 2303 1146 2337 destructa
1181 2301 1282 2336 foret
1313 2299 1481 2336 viriliter

167 2372 189 2395 a
221 2359 367 2395 sanctis
402 2358 633 2394 doctoribus
666 2358 734 2406 qui
767 2359 937 2395 heresim
972 2360 1251 2395 destruxerant
1273 2358 1477 2394 Arianam.

168 2418 244 2453 Sed
278 2425 373 2452 tunc
396 2425 602 2464 oporteret
637 2417 861 2452 mundanas
896 2416 1059 2453 divicias
1093 2425 1129 2452 et
1153 2417 1327 2452 honores
1358 2414 1480 2451 seculi

168 2487 190 2510 a
223 2474 329 2510 clero
363 2475 567 2510 extrahere
601 2482 637 2510 et
682 2474 884 2522 quiescere
930 2474 969 2509 in
1013 2475 1098 2522 lege
1143 2483 1180 2510 et
1218 2473 1481 2510 ordinacione

169 2531 323 2568 domini
354 2533 445 2567 Jesu
479 2531 640 2567 Christi.

228 2589 473 2637 Sophisticat
517 2598 649 2625 autem
694 2589 923 2637 specialiter
968 2590 1096 2625 cauda
1141 2588 1257 2624 huius
1294 2587 1480 2623 draconis
1496 2605 1562 2633 The
1585 2605 1761 2640 pope-'stau

171 2648 280 2694 quod
313 2647 542 2695 quicunque
586 2647 746 2683 illorum
792 2646 831 2682 in
875 2646 1037 2682 nomine
1071 2646 1218 2683 Christi
1263 2645 1478 2693 quicquam
1574 2641 1692 2675 appcal.

171 2705 348 2752 pecierit,
383 2704 599 2752 quicquam
632 2704 706 2740 sibi
740 2704 906 2749 dederit,
941 2704 1051 2740 dabit
1076 2704 1248 2748 Christo,
1283 2712 1321 2739 et
1350 2703 1481 2751 primo
1510 2675 1759 2738 I'oi'sgtihssliriist

243 2858 266 2884 7.
290 2850 334 2876 A:
356 2850 437 2876 inter
456 2849 554 2876 twice.
672 2849 708 2876 15.
730 2850 773 2876 A:
796 2849 987 2884 blasphemis.
1097 2857 1135 2883 17.
1158 2848 1273 2876 Coela:
1294 2848 1482 2885 pravilegia.
