1986 3289
173 214 256 250 320
774 209 938 240 opums
965 202 1247 241 EVANoffljiffl
1277 210 1359 241 ΜΒ.
1388 211 1441 240 ιν.
1613 199 1721 252 [CAP.
1743 208 1778 235 x.

199 325 429 363 2.T110yu1·gc
464 316 604 352 fundat
636 328 676 352 se
724 327 843 363 super
892 316 966 352 hoc
1001 314 1207 363 evangelio
1253 316 1476 352 Johannnis
1522 316 1589 364 qui
1635 317 1782 365 accipit

188 358 436 429 dtgffissgssffloffie
463 373 494 410 si
527 386 646 421 quem
684 373 829 409 misero
864 385 927 409 me
961 373 1120 421 accipit.
1167 375 1353 410 Secundo
1397 374 1492 410 facit
1531 373 1779 411 evidenciam

181 429 436 490 ClJvugfflnksslaee
464 433 676 468 ducentem
723 433 772 467 ad
818 431 932 468 istam
979 431 1284 479 perplexitatem
1337 433 1445 480 quod
1495 431 1610 468 aliter
1662 445 1780 469 nemo

183 503 213 525 to
234 498 317 525 what
337 496 447 532 priests
464 498 738 537 cognosceret,
804 489 867 525 cui
932 489 1078 526 clerico
1132 490 1280 526 faceret
1338 489 1667 527 beneficienciam
1720 491 1782 528 vel

243 537 274 560 1⁰
295 537 377 559 turn.
464 548 673 591 honorem,
707 560 797 583 cum
831 547 963 583 nullus
987 546 1254 584 militancium
1281 548 1485 596 cognoscit
1509 548 1812 585 maioritatem5

464 605 599 642 clerici
632 606 766 654 quoad
800 607 941 642 Deum.

199 671 287 707 They
309 670 419 698 should
523 665 727 709 Quantum
784 665 833 700 ad
878 663 983 700 istud
1034 664 1245 711 problema
1289 663 1538 710 Antichristi‚
1591 664 1655 701 hic
1706 665 1782 701 hoc

179 709 263 768 ⁵¹¹¹}ss
283 706 350 767 ἓξὲξ
368 705 438 776 ᾎῙῘΥ
464 722 608 769 duplex
652 721 818 757 dubium
865 722 1079 769 (quantum
1126 722 1175 757 ad
1224 721 1366 757 fratres
1399 721 1558 770 attinet)
1600 731 1660 759 est
1704 723 1782 759 sol-

250 775 365 804 Christ.
464 781 652 825 vendum‚
698 789 735 815 et
780 787 976 828 quantum
1024 780 1073 816 ad
1107 778 1204 815 alias
1238 778 1472 816 Antichristi
1507 788 1642 827 partes
1675 789 1783 828 post-

466 839 630 874 modum
665 837 846 874 diffusius
892 837 1157 874 dilatandum.
1206 838 1373 874 Constat
1406 846 1540 874 autern
1574 837 1681 874 fideli
1714 837 1782 886 qui
1803 850 1841 871 10

463 897 523 932 vel
555 895 827 944 perfunctorie
850 895 960 932 novit
982 896 1154 932 formam
1179 895 1308 943 logice
1331 897 1437 943 quod
1463 904 1621 944 oportet
1649 896 1783 944 sophi-

463 963 564 990 stam
614 953 855 990 Antichristi
900 955 1114 990 ostendere
1159 954 1266 1001 quod
1311 954 1372 989 vel
1416 954 1558 990 fratres
1596 955 1657 991 vel
1689 966 1783 1003 que-

464 1024 621 1060 cunque
654 1024 825 1060 persone
859 1012 934 1048 alie
967 1011 1111 1059 cupide
1145 1011 1420 1048 mendicantes
1459 1024 1480 1048 a
1520 1012 1635 1060 plebe
1673 1011 1783 1048 inde-

463 1069 544 1106 bite
577 1070 790 1106 mittantur
821 1082 843 1106 a
877 1070 1043 1106 domino
1084 1071 1175 1105 Jesu
1211 1069 1384 1116 Christo,
1425 1078 1461 1106 et
1495 1079 1591 1106 tunc
1623 1078 1783 1118 oportet

465 1140 531 1164 eos
564 1128 731 1164 fundare
765 1136 894 1164 sectas
917 1140 1008 1164 suas
1042 1127 1081 1163 in
1106 1127 1333 1175 evangelica
1366 1127 1528 1164 racione
1561 1136 1598 1164 et
1637 1129 1784 1164 abusus
1804 1130 1839 1161 15

464 1199 630 1223 suorum
666 1194 842 1222 statuum
869 1187 1131 1234 postmodum
1166 1198 1405 1233 expurgare3
1440 1187 1548 1234 quod
1579 1199 1668 1222 curn
1703 1198 1784 1222 non

464 1253 642 1293 possunt,
675 1244 800 1280 nichil
839 1244 914 1280 illis
948 1253 985 1281 et
1018 1244 1111 1280 huic
1142 1243 1348 1291 evangelio
1381 1245 1430 1280 ad
1464 1244 1597 1281 taliter
1631 1244 1785 1281 mendi-

465 1304 652 1339 candum.
707 1302 773 1339 Sic
818 1302 923 1338 enim
970 1311 1103 1350 posset
1149 1301 1332 1350 sophista
1377 1301 1528 1338 diaboli
1563 1314 1701 1339 cecare
1734 1303 1784 1339 ad

466 1370 625 1408 tempus
658 1360 758 1397 lucis
782 1360 885 1397 filios
919 1362 1028 1409 quod
1060 1360 1244 1396 diabolus
1277 1372 1563 1408 quamcunque
1596 1369 1783 1397 naturam

465 1418 730 1466 assumpserit
775 1427 832 1455 est
878 1417 1118 1466 generaliter
1157 1431 1179 1454 a
1220 1418 1402 1454 fidelibus
1442 1419 1714 1466 acceptandus
1748 1427 1785 1454 et
1801 1429 1842 1451 20

465 1477 505 1513 in
538 1490 610 1513 sua
643 1476 829 1525 nequicia
855 1486 994 1513 contra
1028 1476 1236 1513 ecclesiam
1263 1476 1512 1521 nutriendus,
1547 1475 1642 1524 quia
1666 1476 1785 1521 (sicut

464 1544 574 1583 patet
607 1531 719 1588 alibi)
754 1534 939 1571 Scarioth
973 1536 1021 1571 de
1053 1534 1265 1582 superficie
1299 1534 1501 1582 religionis
1535 1534 1681 1571 Christi
1711 1534 1784 1570 fuit

465 1593 663 1640 diabolus,
713 1601 865 1641 quanto
913 1592 1040 1641 magis
1086 1592 1283 1640 contingit
1317 1593 1392 1629 hoc
1431 1593 1479 1628 de
1525 1591 1785 1640 religionibus

464 1651 503 1687 in
537 1659 642 1687 statu
675 1650 772 1699 legis
806 1651 967 1687 Domini
1012 1663 1092 1687 non
1136 1650 1309 1687 fundatis
1350 1659 1386 1687 et
1425 1650 1614 1687 inducere
1651 1658 1785 1698 posset

465 1709 649 1746 diabolus
681 1709 986 1757 perplexitatem
1021 1708 1254 1745 ulteriorem
1302 1717 1338 1744 et
1384 1708 1657 1757 repugnancia
1688 1708 1785 1756 legis
1801 1709 1840 1741 25

465 1766 626 1812 Christi,
662 1779 752 1803 cum
788 1767 970 1803 Christus
1004 1769 1120 1804 docet
1154 1766 1320 1803 Matthei
1352 1767 1431 1813 Vll,
1474 1778 1538 1815 15:
1592 1766 1786 1802 Attendite

463 1838 485 1861 a
508 1825 632 1874 salsis
658 1825 865 1874 prophetis
885 1826 951 1874 qui
973 1826 1127 1862 veniunt
1160 1825 1211 1860 ad
1233 1837 1300 1861 vos
1323 1824 1358 1860 in
1383 1825 1618 1861 vestimentis
1640 1824 1783 1869 ovium,

464 1883 694 1919 intrinsecus
727 1890 852 1919 autem
876 1891 963 1918 sunt
987 1884 1067 1932 lupi
1089 1895 1262 1932 rapaces.
1298 1884 1346 1918 Et
1375 1882 1541 1919 Matthei
1572 1883 1706 1928 XXIV,
1732 1891 1782 1931 23

466 1942 630 1978 mandat
669 1942 889 1987 prudenter
936 1950 1075 1978 contra
1114 1941 1213 1977 tales
1252 1940 1601 1989 pseudochristos:
1656 1940 1786 1976 Nolite

463 1999 583 2045 abire,
637 1999 752 2035 nolite
794 2000 967 2046 credere,
1009 2000 1136 2035 multo
1171 1998 1297 2046 magis
1337 2011 1418 2035 non
1460 2007 1679 2035 tractarent
1720 2010 1785 2034 eos
1802 1999 1843 2030 30

464 2056 682 2093 domestice
713 2056 945 2105 recipiendo
975 2057 1083 2105 ipsos
1106 2056 1145 2092 in
1169 2058 1311 2093 domos
1340 2069 1430 2093 suas
1453 2057 1513 2092 vel
1536 2055 1784 2099 societatem,

464 2128 553 2151 cum
592 2116 793 2151 Johannes
833 2116 998 2152 mandat
1042 2116 1218 2151 secunda
1262 2127 1333 2151 sua
1379 2114 1565 2162 epistola:
1614 2114 1657 2149 Si
1704 2114 1786 2162 quis

465 2173 565 2209 venit
596 2174 647 2208 ad
680 2185 748 2209 vos
791 2180 825 2208 et
870 2174 967 2209 hanc
1012 2173 1228 2209 doctrinam
1269 2185 1340 2209 non
1375 2173 1501 2221 affert,
1555 2172 1670 2208 nolite
1701 2184 1784 2207 eum

464 2231 500 2266 in
534 2231 689 2267 domum
730 2231 915 2281 recipere,
967 2243 1085 2280 neque
1115 2231 1196 2266 Ave
1234 2231 1268 2266 ei
1299 2231 1491 2267 dixeritis.
1538 2232 1585 2266 Et
1630 2229 1695 2265 ille
1729 2238 1785 2265 est

465 2288 617 2324 infideli
666 2288 842 2325 deterior
888 2289 955 2337 qui
1001 2288 1192 2337 opinatur
1236 2290 1345 2336 quod
1392 2288 1575 2324 Christus
1620 2296 1678 2324 est
1722 2286 1841 2323 hic35

465 2346 613 2382 oblitus
658 2346 838 2383 doctrine
883 2359 952 2383 sue
992 2346 1154 2395 proprie
1212 2347 1272 2383 vel
1306 2345 1531 2382 contrarius
1583 2345 1656 2382 sibi
1696 2344 1784 2393 ipsi.

218 2398 409 2460 ygiffcffhtffls‘g
522 2405 625 2440 Tota
652 2417 744 2452 ergo
768 2404 982 2441 difficultas
1005 2413 1081 2441 stat
1104 2404 1143 2440 in
1159 2404 1364 2441 solucione
1386 2405 1559 2440 secunde
1583 2402 1785 2439 evidencie

204 2468 294 2495 friars
316 2468 423 2499 better,
467 2463 673 2510 quomodo
719 2463 818 2498 tales
872 2462 1013 2499 discoli
1053 2471 1145 2498 sunt
1197 2462 1397 2499 tractandi
1444 2470 1480 2498 et
1525 2474 1546 2497 a
1600 2460 1785 2497 fidelibus

468 2520 757 2568 cognoscendi3
805 2529 841 2556 et
874 2520 1030 2557 videtur
1075 2520 1260 2556 fidelibus
1294 2533 1384 2556 cum
1418 2519 1492 2567 ipsi
1533 2520 1675 2555 fratres
1708 2518 1786 2554 sint

467 2587 649 2614 creature
684 2587 721 2614 et
753 2587 897 2614 natura
931 2579 980 2614 ad
1014 2577 1240 2626 ymaginem
1278 2577 1349 2613 Dei
1383 2578 1484 2614 facte
1520 2577 1627 2625 quod
1652 2575 1785 2613 cuncti
1799 2582 1843 2612 4«)

468 2635 605 2672 fideles
639 2637 784 2672 debent
817 2648 884 2672 eos
918 2644 1090 2672 tractare
1122 2636 1161 2671 in
1196 2635 1362 2672 caritate
1395 2644 1431 2671 et
1465 2635 1520 2671 sic
1553 2635 1696 2671 docere
1719 2646 1785 2670 eos

469 2695 575 2741 quod
610 2694 735 2741 legem
772 2693 920 2731 Christi
955 2706 1054 2742 pure
1087 2693 1287 2741 accipiant
1321 2694 1428 2741 quod
1463 2694 1580 2729 debet
1613 2704 1695 2729 esse
1731 2691 1786 2727 eis

540 2846 565 2865 2.
588 2840 632 2866 A:
654 2839 788 2866 secundo
800 2839 864 2873 stat
884 2839 1072 2866 evidenciam
1084 2837 1170 2874 facit
1190 2838 1389 2866 evidenciam.
