1986 3289
203 203 292 230 CAP.
318 193 470 247 LXXIV]
579 205 637 236 DE
665 205 978 237 ANTICHRIsTo
1007 206 1089 236 ΜΒ.
1116 206 1139 237 1.
1719 209 1799 247 279

202 313 244 348 in
277 311 409 348 medio
462 311 698 359 susceptivo,
743 313 881 359 quales
926 312 1107 348 carencie
1155 321 1246 348 sunt
1284 312 1512 360 specialiter

202 370 241 406 in
274 370 447 417 inferno,
493 369 720 416 spirituales
766 378 900 406 auten]
945 371 1107 406 tenebre
1152 379 1243 406 sunt
1283 370 1511 418 spirituales

203 427 384 464 carencie
407 426 569 463 luminis
593 427 758 471 noticie3
795 436 831 463 et
864 427 929 463 ille
962 429 1124 463 tenebre
1146 428 1352 464 variantur
1374 440 1511 465 secun-

203 487 298 521 dum
329 484 600 521 variacionem
633 484 797 521 luminis
830 486 881 521 ad
914 485 1180 533 propositum,
1215 498 1305 522 curn
1338 486 1512 533 pertinet

170 544 251 579 §de
283 542 434 578 lumine
467 542 558 578 fidei
591 550 627 578 et
663 542 745 578 eius
777 543 961 579 carencia
994 551 1259 590 pertractare3
1294 552 1332 580 et
1363 543 1419 580 sic
1452 543 1511 579 diu
1537 547 1690 588 Difijerent'
1705 549 1794 577 kinds

202 600 366 648 stinguit
400 599 670 636 Crisostomus
716 602 763 636 de
796 600 944 648 triplici
977 600 1175 648 spirituali
1215 603 1391 646 tenebra,
1437 601 1511 638 sci-
1566 585 1756 645 ogasrpffetstssal

201 658 294 694 licet
346 657 569 705 gentilium,
608 659 827 694 judeorum
873 667 909 694 et
959 657 1248 695 hereticorum:
1312 658 1509 705 Forsitan,

202 715 344 763 inquit,
379 714 688 764 propinquiores
711 717 873 752 tenebre
905 725 998 752 sunt
1023 716 1252 764 ignorancie
1285 716 1509 765 gentilium,

203 773 414 810 exteriores
436 774 668 820 Judeorum,
703 774 790 821 plus
823 782 955 810 autem
982 774 1193 810 exteriores
1227 774 1509 821 hereticorum,

150 845 188 865 10
203 831 392 879 quoniam
439 831 607 879 gentiles
640 831 849 867 veritatem
905 841 1096 879 spernunt
1129 845 1250 880 quam
1283 846 1365 869 non
1398 832 1512 869 audi-

204 898 331 936 erunt,
385 889 498 925 Judei
544 898 677 925 autem
730 902 848 937 quam
896 902 977 925 non
1023 891 1291 938 crediderunt,
1347 890 1512 927 heretici

202 955 337 982 autem
383 959 503 994 quam
551 947 763 983 audierunt
809 956 845 983 et
890 946 1138 996 didicerunt3
1188 947 1367 995 ipsarum
1414 961 1512 996 quo-

202 1016 277 1052 que
326 1004 669 1041 heresiarcharum
714 1006 969 1040 tenebrarum
1017 1006 1188 1053 quedam
1244 1015 1335 1041 sunt
1387 1018 1513 1054 prope

80 1064 164 1107 431d
202 1063 331 1098 lucem
364 1062 555 1108 veritatis,
597 1062 674 1098 alie
707 1071 838 1098 autem
879 1062 1038 1110 longius
1068 1059 1071 1115 Ι
1101 1076 1122 1099 a
1154 1063 1320 1100 veritate
1353 1072 1390 1100 et
1422 1063 1511 1100 ideo
1551 1080 1552 1084 ¹

150 1120 409 1168 15nigriores,
457 1120 533 1156 alie
566 1129 699 1156 autem
747 1119 921 1168 amplius
954 1121 1070 1168 longe
1105 1130 1142 1157 et
1177 1121 1268 1157 ideo
1301 1121 1511 1169 spissiores

202 1186 239 1214 et
272 1177 495 1223 exteriores,
531 1186 567 1214 et
600 1177 656 1214 sic
679 1178 719 1213 in
744 1177 1003 1214 exterioribus
1032 1187 1123 1214 sunt
1156 1180 1320 1226 gradus,
1355 1192 1512 1216 summe

203 1244 335 1271 auten]
371 1235 583 1272 exteriores
616 1244 706 1272 sunt
740 1237 897 1272 hereses
930 1236 1243 1284 perversissime,
1284 1237 1386 1273 sicut
1419 1246 1511 1273 sunt

203 1305 340 1329 eorum
374 1293 442 1341 qui
465 1293 649 1329 videntur
672 1306 756 1330 esse
789 1293 979 1341 capitales
1004 1294 1169 1331 ecclesie
1204 1303 1241 1330 et
1273 1308 1295 1331 a
1328 1295 1511 1331 doctrina

203 1351 349 1387 Christi
395 1360 486 1387 sunt
530 1351 666 1389 eversi.
720 1354 801 1387 Nec
846 1361 1043 1400 repugnat
1088 1353 1232 1388 horum
1278 1361 1509 1389 sanctorum

145 1423 186 1444 20
202 1408 402 1445 sentencie
446 1409 505 1445 vel
550 1409 643 1445 fidei
683 1409 879 1458 scripture
924 1411 1033 1458 quod
1086 1411 1250 1446 tenebre
1296 1410 1509 1447 exteriores

202 1466 475 1514 intelligantur
520 1468 682 1503 tenebre
716 1468 946 1515 corporales
991 1467 1031 1503 in
1082 1467 1237 1504 inferno
1290 1481 1367 1516 que
1419 1477 1510 1504 sunt

203 1532 310 1560 extra
363 1524 539 1560 animam
594 1534 630 1561 et
675 1538 696 1561 a
741 1534 847 1561 statu
891 1525 1150 1562 beatitudinis
1195 1526 1283 1574 plus
1317 1526 1509 1562 distantes

201 1583 374 1627 tenebre,
410 1594 500 1618 cum
524 1582 754 1630 spirituales
789 1595 864 1632 que
897 1582 1092 1620 inducunt
1126 1583 1165 1619 in
1199 1583 1292 1620 istas
1325 1585 1509 1620 tenebras

201 1649 291 1676 sunt
322 1639 489 1687 priores.

143 1770 182 1803 25
656 1776 793 1816 CAP.
827 1776 1057 1817 LXXIV.

256 1871 446 1919 Sequitur
477 1871 516 1907 in
548 1879 657 1907 textu
691 1871 877 1908 Matthei:
937 1871 1032 1907 Cum
1066 1880 1193 1908 autem
1229 1873 1376 1908 venerit
1396 1873 1509 1922 filius

198 1929 361 1965 hominis
404 1929 440 1964 in
486 1929 683 1964 maiestate
714 1941 782 1965 sua
823 1936 858 1965 et
890 1942 1020 1965 omnes
1051 1931 1186 1980 angeli
1222 1930 1302 1966 eius
1333 1942 1417 1966 cum
1451 1943 1508 1977 eo,

199 1994 286 2023 tunc
317 1987 460 2023 sedebit
486 1999 604 2036 super
634 1987 762 2022 sedem
796 1987 1007 2023 maiestatis
1038 2000 1118 2034 sue,
1153 1995 1189 2024 et
1211 1989 1508 2039 congregabun-

198 2052 263 2080 tur
294 2051 381 2080 ante
424 2056 507 2080 eum
541 2056 682 2090 omnes,
723 2052 758 2080 et
790 2045 986 2094 separabit
1018 2057 1081 2081 eos
1112 2046 1158 2081 ab
1192 2046 1365 2092 invicem,
1410 2046 1509 2081 sicut

142 2107 333 2152 3opastor
373 2109 563 2152 segregat
606 2114 695 2138 oves
738 2103 783 2138 ab
816 2103 898 2138 edis
937 2110 971 2138 et
1001 2109 1142 2139 statuet
1181 2115 1270 2139 oves
1301 2104 1451 2152 quidem
1484 2116 1506 2139 a

198 2160 349 2196 dextris
379 2160 471 2205 suis,
505 2160 596 2196 edos
627 2167 752 2195 autem
786 2173 807 2195 a
839 2160 1019 2196 sinistris.

256 2219 385 2265 Super
417 2230 497 2265 quo
528 2216 786 2264 Jeronyrnus:
834 2218 928 2254 Post
959 2218 1113 2253 biduum
1143 2218 1290 2267 pascha
1314 2218 1506 2266 facturus
1585 2224 1724 2263 ⁸Jerome:

197 2282 232 2311 et
264 2275 477 2311 tradendus
523 2276 630 2312 cruci
672 2283 707 2311 et
739 2275 958 2312 illudendus
1000 2277 1046 2311 ab
1088 2276 1301 2312 hominibus
1333 2283 1368 2312 et
1398 2284 1505 2313 aceto
1531 2259 1788 2321 'rrnrpgepirnolzlfgxcvy

197 2345 242 2369 ac
262 2333 364 2381 felle
389 2334 597 2382 potandus,
647 2341 750 2369 recte
777 2333 967 2382 premittit
1009 2334 1181 2384 gloriam
1214 2334 1504 2383 triumphantis,
1556 2371 1571 2390 a
1600 2329 1767 2398 {0132ssng

142 2394 237 2428 35zzt
268 2398 448 2426 secutura
491 2391 675 2426 scandala
704 2391 1001 2439 pollicitacionis
1040 2392 1194 2440 premio
1228 2399 1504 2440 compensaret.
1556 2372 1761 2426 hiipmiliation.

198 2448 249 2484 Et
281 2449 488 2484 notandmn
534 2449 636 2497 quod
667 2449 731 2497 qui
761 2449 796 2484 in
829 2449 1027 2485 maiestate
1058 2450 1272 2485 cernendus
1303 2457 1371 2497 est,
1392 2449 1506 2499 filius

266 2646 291 2666 2.
312 2640 380 2667 Ain
398 2648 512 2675 marg:
534 2648 562 2667 2.
636 2641 746 2675 18—19.
762 2640 799 2667 13:
817 2640 961 2668 doctrina
975 2640 1109 2668 Domini.
1183 2641 1223 2669 25.
1239 2642 1264 2668 A
1281 2650 1285 2668 :
1300 2640 1374 2676 Cap.
1389 2641 1505 2668 LXXII.

198 2672 242 2700 30.
264 2674 305 2701 A:
326 2676 448 2701 statuet.
539 2673 576 2702 31.
599 2675 643 2701 A:
664 2675 744 2702 ecles.
835 2674 877 2702 32.
899 2675 952 2702 ΑΒ
974 2675 1004 2702 in
1027 2683 1136 2710 marg:
1156 2676 1347 2710 „leronymus

270 2757 322 2789 26.
349 2757 467 2789 Matth.
500 2759 602 2797 XXV,
637 2759 782 2791 31—32.
920 2760 973 2790 32.
1013 2758 1149 2789 Comm.
1190 2759 1224 2789 in
1265 2758 1384 2790 Matth.
1424 2760 1443 2790 1.
1477 2770 1505 2791 c.

201 2814 277 2845 pag.
305 2803 496 2846 208—209.
