1986 3289
216 232 304 261 CAP.
326 225 393 278 XL]
588 237 647 269 DE
675 235 990 269 ANTICHRISTO
1020 237 1103 268 ΜΒ.
1132 236 1154 268 1.
1771 233 1820 282 39

216 343 366 391 scripta
401 343 661 391 magnificant
693 344 797 379 ultra
830 352 978 380 sectam
1015 352 1051 379 et
1085 343 1203 379 fidem
1233 343 1429 392 scripture
1463 345 1531 379 do-

218 401 313 437 mini
346 403 436 437 Jesu
470 401 635 449 Christi3
683 410 720 437 et
765 414 1045 449 quemcunque
1079 401 1153 449 ipsi
1195 401 1438 437 absolverint
1470 402 1531 437 vel

216 471 289 506 pro
322 458 390 495 illo
423 459 625 496 oraverint
657 458 741 507 ipse
774 459 939 495 intrabit
971 459 1011 495 in
1044 471 1209 506 regnum
1235 460 1412 495 celorum
1446 458 1531 495 sine

217 529 318 564 pena
362 517 595 564 purgatorii.
642 518 690 552 Et
734 517 790 553 sic
835 530 908 553 nec
952 517 1027 565 ipsi
1072 517 1112 553 in
1147 529 1315 565 regnum
1350 518 1527 553 celorum

184 574 419 611 §introeunt
451 587 524 611 nec
557 574 656 611 alios
690 574 837 610 intrare
870 575 1121 623 permittunt.

273 634 341 668 Est
373 641 505 668 autem
541 632 739 669 catholica
773 633 989 678 sentencia,
1030 633 1060 669 si
1094 633 1181 681 quis
1222 634 1349 682 ipsam
1384 634 1529 670 audeat
1554 642 1602 669 No
1623 643 1681 669 law
1703 643 1813 670 should

218 690 433 737 publicare,
480 691 589 738 quod
622 703 703 726 non
736 691 852 726 debet
886 703 969 727 esse
1001 691 1060 727 lex
1092 691 1228 739 aliqua
1260 691 1335 728 nisi
1367 692 1427 728 lex
1460 693 1529 727 do-
1546 677 1817 747 ᾖθοέέᾞζξῖἐὲξξ

218 747 313 783 mini
345 749 435 784 Jesu
469 748 628 784 Christi.
664 748 829 796 Relique
860 757 992 785 autem
1027 757 1183 785 terrene
1217 748 1530 786 consuetudines
1562 747 1637 774 with
1659 747 1802 775 Clu—isrs.

216 814 305 841 sunt
337 805 598 852 admittende,
640 807 687 842 de
727 815 877 854 quanto
922 807 997 843 hac
1029 807 1114 854 lege
1147 807 1311 843 Domini
1344 808 1531 854 regulan-

163 872 290 899 1otur.
325 865 373 899 Et
405 863 521 900 aliter
553 872 644 900 sunt
689 867 745 909 (ut
778 863 873 900 dicit
910 861 1099 917 Jacobus)
1131 865 1324 914 sapiencia
1358 873 1528 910 terrena,

215 921 393 957 animalis
424 929 459 958 et
491 922 692 959 diabolica.
741 923 789 957 Et
833 921 888 958 sic
932 921 1056 958 viaret
1097 922 1265 959 ecclesia
1297 922 1449 959 directe
1481 924 1530 959 ad

216 978 386 1026 patriam
439 981 662 1016 secundum
715 979 819 1016 viam
866 992 987 1027 quam
1036 980 1219 1016 Christus
1265 980 1401 1017 docuit
1448 989 1530 1017 tam

215 1049 334 1084 opere
367 1049 488 1085 quam
521 1049 718 1075 sermone.
753 1038 831 1073 Sed
864 1038 940 1073 heu
965 1037 1083 1074 hodie
1105 1037 1330 1086 insequitur
1353 1039 1529 1086 populus

215 1094 282 1142 qui
315 1103 480 1131 vocatur
514 1095 679 1132 ecclesia
712 1095 971 1141 Antichristi3
1006 1104 1043 1131 et
1075 1095 1130 1132 sic
1158 1108 1327 1144 regnum
1353 1097 1530 1132 celorum

163 1152 412 1189 15clauditur
465 1162 501 1189 et
552 1166 595 1189 os
629 1153 772 1189 inferni
818 1156 874 1198 (ut
919 1152 1014 1189 dicit
1052 1155 1264 1201 propheta)
1317 1163 1531 1202 propterea

215 1209 416 1246 dilatatur.
465 1213 513 1247 Et
546 1220 654 1259 patet
686 1210 726 1246 in
759 1220 870 1258 parte
903 1212 1111 1259 quomodo
1152 1212 1326 1259 primum
1362 1212 1531 1248 istorum

215 1269 269 1304 Ve
320 1268 579 1316 octuplicium
633 1281 704 1316 per
742 1268 1033 1305 Antichristum
1088 1278 1124 1305 et
1177 1282 1269 1306 suos
1315 1269 1533 1318 discipulos

216 1335 471 1374 practizatur.

742 1462 880 1503 CAP.
913 1463 1000 1504 XI.

161 1573 201 1593 ’.νο
275 1559 501 1594 Secundum
526 1560 582 1594 Ve
616 1558 796 1607 sequitur
828 1559 868 1594 in
902 1560 974 1594 hec
1006 1560 1144 1595 verba:
1188 1559 1236 1594 Ve
1269 1559 1374 1594 vobis
1405 1559 1530 1595 scribe
1575 1563 1694 1592 Second
1717 1573 1794 1593 woe.

215 1623 250 1651 et
276 1616 454 1664 pharisei
486 1617 673 1668 ypocrite
711 1617 775 1665 qui
816 1617 1012 1653 comeditis
1052 1617 1187 1653 domos
1232 1617 1452 1663 viduarum,
1493 1617 1528 1652 in

216 1673 395 1710 oracione
437 1674 554 1724 longa
599 1682 774 1719 orantes;
812 1682 978 1724 propter
1022 1675 1093 1711 hoc
1131 1675 1298 1724 amplius
1338 1674 1531 1724 accipietis

216 1731 407 1767 iudicium.
444 1733 572 1780 Super
593 1734 830 1780 „leronymus
862 1732 987 1769 nichii
1009 1741 1167 1778 tractat,
1202 1734 1270 1768 sed
1293 1732 1529 1780 Chrysosto-
1568 1750 1790 1786 Chrysostom:

218 1801 303 1825 mus
347 1789 402 1825 sic
449 1789 647 1838 loquitur:
694 1791 821 1826 Sexus
864 1791 1069 1826 mulierum
1115 1791 1290 1826 incautus
1334 1797 1370 1826 et
1401 1790 1530 1827 mollis
1583 1785 1785 1857 Wffiseiiyaoe

160 1851 283 1883 25est.
317 1847 496 1883 Incautus
527 1848 693 1897 quidem,
726 1849 812 1896 quia
846 1860 917 1884 non
952 1849 1077 1884 onmia
1110 1860 1180 1897 que
1212 1849 1314 1884 videt
1336 1855 1401 1884 aut
1423 1848 1530 1884 audit
1591 1856 1774 1883 influenced.

217 1917 300 1940 cum
332 1905 523 1954 sapiencia
557 1914 591 1942 et
624 1906 778 1942 racione
810 1906 1043 1943 considerat.
1088 1906 1223 1942 Mollis
1267 1913 1408 1953 autem,
1441 1906 1529 1955 quia

208 1963 333 2010 facile
366 1963 544 2013 flectitur
587 1964 647 1999 vel
691 1964 736 1999 de
779 1965 881 2000 malo
926 1965 978 1999 ad
1009 1965 1146 2000 bonum
1182 1964 1241 2000 vel
1273 1965 1319 1999 de
1351 1964 1446 2000 bono
1479 1964 1531 1999 ad

217 2021 374 2058 malum.
422 2021 549 2057 Virilis
593 2029 716 2057 autem
749 2034 867 2058 sexus
899 2023 1055 2058 caucior
1086 2029 1141 2058 est
1173 2029 1207 2057 et
1241 2022 1389 2057 durior.
1430 2021 1529 2057 Cau-

217 2078 298 2114 cior
328 2079 494 2127 quidem,
527 2080 614 2128 quia
648 2080 774 2115 omnia
805 2092 876 2128 que
908 2081 1010 2116 videt
1041 2087 1075 2115 et
1107 2080 1214 2115 audit
1252 2079 1404 2115 discutit
1428 2080 1529 2115 raci-

162 2142 305 2181 300ne;
352 2137 491 2172 durior
532 2145 672 2183 autem,
717 2138 803 2186 quia
849 2150 915 2174 nec
960 2139 1006 2174 de
1038 2138 1140 2173 malo
1164 2137 1292 2185 facile
1323 2137 1531 2173 inclinatur

217 2194 268 2228 ad
299 2194 436 2230 bonum
470 2206 536 2230 nec
569 2195 614 2231 de
646 2196 740 2231 bono
764 2195 890 2243 facile
919 2203 1126 2231 revocatur
1158 2196 1209 2230 ad
1240 2195 1400 2242 malum,
1439 2196 1528 2231 dum

218 2252 389 2300 sequitur
421 2253 636 2297 racionem‚·
679 2253 763 2289 ideo
802 2265 899 2303 ergo
934 2253 1071 2288 durior
1109 2253 1195 2301 quia
1241 2252 1528 2289 racionabilior.

219 2310 302 2345 Hec
333 2317 458 2345 autem
487 2310 737 2359 premisimus
770 2318 809 2345 ut
853 2311 1099 2347 ostendamus
1143 2311 1324 2347 mulieres
1357 2310 1530 2347 incautas

219 2374 254 2402 et
275 2368 433 2415 faciles.
468 2368 681 2417 Propterea
716 2368 945 2417 impostores
976 2368 1190 2404 sanctitatis
1222 2368 1327 2404 circa
1351 2369 1530 2404 mulieres

164 2424 337 2472 35facile
379 2438 418 2461 se
461 2426 743 2475 constringunt,
787 2426 873 2474 quia
919 2438 985 2462 nec
1028 2426 1247 2476 intelligere
1294 2426 1532 2475 imposturas

219 2494 350 2518 eorum
385 2483 512 2531 facile
550 2491 712 2532 possunt
744 2483 935 2530 mulieres,
981 2496 1065 2519 cum
1109 2484 1184 2520 sint
1216 2484 1365 2520 incaute
1409 2492 1443 2520 et
1481 2484 1533 2519 ad

290 2657 327 2677 12.
347 2652 391 2678 A:
407 2651 518 2684 vz‘tam,·
537 2651 570 2677 B.
594 2651 736 2678 correxit.
794 2651 829 2679 15.
851 2651 888 2678 B:
906 2654 1075 2686 propterea
1097 2651 1191 2678 deest.
1247 2659 1294 2686 24.
1314 2652 1343 2679 A
1363 2651 1393 2678 in
1415 2659 1529 2686 marg.:

222 2684 436 2713 Crisoslomus.
528 2684 566 2713 31.
587 2687 631 2713 A:
653 2686 701 2713 vel
718 2687 757 2713 de
776 2686 864 2713 hono.
956 2685 998 2714 33.
1021 2687 1065 2713 A:
1088 2687 1117 2713 in
1139 2688 1257 2713 caulos.
1348 2684 1394 2720 34.
1416 2686 1455 2713 B:
1477 2687 1531 2713 im-

216 2721 356 2755 postoris
375 2720 477 2748 sancti
494 2721 588 2747 circa.

296 2814 344 2834 xo.
370 2804 489 2835 Jacobi
517 2804 569 2843 III⁷
602 2804 650 2836 15.
737 2814 788 2835 20.
815 2804 932 2836 Matth.
960 2805 1075 2844 XXIII,
1108 2815 1157 2845 14.
1238 2814 1290 2844 24.
1318 2804 1418 2846 Opus
1445 2804 1530 2846 Imp.

222 2849 243 2880 l.
271 2860 297 2880 c.
324 2860 356 2890 p.
385 2850 569 2881 CLXXXV
596 2851 664 2891 (ed.
692 2851 747 2881 alt.
773 2861 805 2892 p.
831 2850 924 2893 926).
