1986 3289
149 239 202 271 44

165 1098 231 1125 The
251 1102 311 1124 text
332 1105 402 1132 may

185 1133 262 1160 refer
283 1137 313 1159 ιο
334 1133 383 1159 the

155 1167 366 1194 consecration
388 1167 421 1193 ot‘

156 1203 206 1229 the
226 1202 295 1229 four
316 1206 405 1230 sects.

167 1608 246 1636 Note
266 1607 337 1634 who
358 1615 408 1634 are

194 1644 308 1670 choseu
328 1643 376 1670 for

168 1678 321 1705 cardinals
341 1677 400 1704 and

215 1713 353 1747 bishops.

768 234 884 265 OPUS
910 234 1244 266 EVANGELICUM
1274 235 1357 265 [ΑΒ.
1384 235 1437 266 ΙΙΙ.
1557 220 1662 277 [CAP-
1683 231 1749 259 XII-

440 341 720 391 iustificabatur
751 341 888 388 aliquis
920 341 992 376 nisi
1017 353 1092 389 per
1111 342 1235 390 fidem
1274 341 1431 387 Christi,
1466 341 1636 377 maxime
1662 348 1752 389 post

438 400 644 434 adventum
678 399 807 447 ipsius.
855 399 932 433 Sed
963 399 1089 434 adhuc
1121 399 1410 435 instruebantur
1448 399 1625 447 exemplo
1657 399 1751 434 scri-

438 457 573 492 barum
608 463 643 492 et
670 456 945 505 phariseorum
980 456 1200 493 discredere
1237 457 1391 492 Christo
1425 464 1459 492 et
1482 456 1752 505 blasphemare

438 526 520 549 eum
567 514 889 562 quemadmodum
935 521 970 549 et
1013 514 1082 549 illi.
1129 514 1180 550 Et
1223 515 1276 550 sic
1303 515 1427 564 fiebat
1482 514 1599 563 duplo
1638 514 1752 563 filius

435 572 621 621 gehenne.
669 572 859 617 Primum⁷
905 572 992 619 quia
1026 572 1219 608 idolorum
1258 572 1399 620 suerat
1431 572 1570 618 cultor,
1617 572 1784 608 deinde5

437 630 522 677 quia
556 630 694 677 factus
726 631 868 678 fuerat
899 629 1011 679 filius
1054 629 1343 678 blasphemator
1393 629 1539 666 Christi
1568 637 1603 665 et
1635 629 1752 665 inter-

437 687 584 734 fector.
632 687 739 723 Sicut
790 695 824 723 et
871 700 968 722 nunc
1018 688 1083 736 qui
1130 688 1269 723 transit
1327 689 1378 723 ad
1422 689 1586 733 hereses,
1635 687 1751 736 duplo

438 745 491 794 fit
510 745 624 794 filius
655 746 841 795 gehenne,
881 745 1054 794 primum
1100 745 1250 793 quidem
1282 746 1368 794 quia
1404 745 1604 781 veritatem
1637 757 1750 794 quam

437 803 585 839 tenebat
617 803 782 852 reliquit,
817 803 952 838 deinde
997 802 1084 851 quia
1107 804 1245 851 factus
1283 811 1338 839 est
1370 803 1621 839 adversarius
1654 803 1750 838 veri-

437 860 536 896 tatis.
588 860 665 903 Qui
706 860 803 897 enim
849 860 884 895 in
932 860 1132 896 erroribus
1175 868 1287 897 natus
1330 868 1384 897 est
1417 868 1452 897 et
1483 861 1519 896 in
1552 861 1809 897 erroribusio

433 926 674 967 perseverat,
721 926 776 954 est
808 918 921 968 filius
963 918 1149 968 gehenne,
1194 919 1258 967 qui
1299 926 1425 955 autem
1470 926 1581 954 natus
1628 926 1683 954 est
1715 918 1751 953 in

439 976 599 1012 veritate
630 984 665 1012 et
691 983 858 1025 propter
888 976 1056 1024 aliquam
1090 989 1246 1012 causam
1286 977 1521 1013 mundialem
1555 976 1606 1012 ad
1632 976 1752 1026 perfi-

440 1033 543 1069 diam
577 1034 738 1084 migrat‚
773 1034 890 1083 duplo
911 1034 964 1084 fit
986 1034 1098 1083 filius
1128 1035 1313 1084 gehenne.
1349 1036 1431 1070 Hec
1465 1034 1751 1071 Crisostomus.

497 1091 665 1128 Videtur
708 1092 805 1128 istos
853 1101 1015 1128 sanctos
1048 1092 1303 1128 concorditer
1335 1093 1385 1129 ad
1417 1091 1659 1140 scripturam
1692 1091 1752 1127 in-

438 1162 561 1186 nuere
608 1149 907 1198 dampnabilem
955 1149 1307 1186 consecracionem
1347 1150 1514 1187 istarum
1554 1155 1808 1187 sectarum15

439 1216 630 1256 quatuor3
684 1207 777 1256 quia
829 1216 1060 1255 pervertunt
1114 1208 1250 1244 fideles
1313 1209 1360 1244 de
1422 1207 1595 1255 simplici
1647 1216 1753 1244 secta

439 1265 600 1312 Christi,
646 1274 688 1301 ut
720 1274 908 1302 notemus
942 1265 1168 1302 cardinales
1203 1275 1239 1302 et
1273 1266 1497 1314 episcopOS,
1543 1278 1643 1313 quos
1678 1267 1753 1301 Ro-

440 1336 559 1360 mana
592 1323 702 1360 curia
737 1323 884 1360 dicitur
917 1335 1165 1361 consecrare.
1201 1326 1249 1360 Et
1282 1333 1409 1360 totum
1433 1323 1589 1360 videtur
1611 1335 1753 1359 sonare

438 1381 478 1417 in
511 1381 727 1418 avariciam
761 1382 821 1418 vel
861 1381 1136 1418 extollenciam
1171 1382 1414 1429 secularem;
1467 1390 1505 1417 et
1555 1381 1610 1417 sic
1662 1393 1750 1417 cum

438 1439 692 1487 culpabiliter
723 1439 803 1476 sint
835 1439 1055 1476 introducti
1079 1449 1116 1476 et
1140 1440 1378 1488 culpabilius
1402 1439 1638 1485 conversati,
1673 1451 1755 1475 non
1771 1450 1811 1471 20

440 1497 586 1533 mirum
620 1499 689 1533 sed
723 1506 888 1546 propter
920 1497 1198 1545 duplicitatem
1232 1497 1350 1534 istam
1384 1497 1461 1534 sint
1492 1496 1563 1533 filii
1587 1497 1754 1533 iehenne

440 1556 660 1592 secundum
694 1555 894 1603 duplicem
929 1555 1145 1592 racionem.

497 1615 704 1659 Notemus,
740 1626 848 1661 rogo,
880 1626 979 1662 quos
1013 1627 1115 1662 papa
1141 1622 1347 1650 consecrat
1370 1613 1593 1650 cardinales
1626 1621 1664 1649 et
1695 1612 1754 1648 in-

440 1671 644 1708 veniemus
689 1673 796 1720 quod
839 1671 1000 1719 sanguis
1040 1673 1240 1708 humanus
1273 1673 1349 1708 hoc
1382 1672 1522 1708 edocet
1553 1671 1613 1707 vel
1646 1671 1754 1719 quod

441 1742 511 1777 per
531 1730 753 1766 secularem
778 1729 1006 1777 potenciam
1030 1729 1186 1778 possint
1209 1729 1383 1777 amplius
1411 1727 1416 1780 Ι
1447 1730 1642 1766 mundum
1675 1736 1754 1764 tra-
1791 1733 1876 1773 409⁸

442 1788 535 1823 here
580 1789 630 1823 ad
674 1795 829 1835 partem
876 1800 1003 1833 suam,
1048 1796 1084 1824 et
1130 1787 1221 1824 hinc
1265 1800 1347 1824 non
1380 1787 1653 1835 predicatores
1685 1787 1754 1822 sed

440 1854 684 1893 pugnatores
735 1845 890 1882 validos
949 1844 1057 1893 eligit
1109 1845 1352 1891 cardinales3
1416 1858 1496 1882 non
1557 1856 1754 1893 pauperes

440 1904 692 1951 presbyteros
737 1903 940 1939 Christum
985 1903 1024 1939 in
1058 1903 1236 1940 moribus
1269 1903 1472 1940 imitantes
1506 1902 1756 1939 constituunt

440 1961 651 2010 episcopos
684 1962 753 1998 sed
787 1961 890 1998 filios
924 1970 1206 2009 magnatorum
1240 1970 1308 1997 aut
1332 1961 1496 1998 clericos
1524 1973 1662 2009 regum
1687 1959 1754 2008 qui

441 2019 549 2067 ipsos
581 2028 749 2068 possunt
781 2020 940 2056 trahere
963 2021 1013 2055 ad
1036 2032 1150 2055 suam
1172 2019 1399 2068 nequiciam
1425 2019 1752 2067 perpetrandam.
1771 2020 1812 2052 30

498 2079 545 2113 Et
579 2078 719 2114 eodem
754 2079 876 2114 modo
908 2077 1059 2114 faciunt
1105 2077 1292 2114 monachi
1326 2086 1363 2113 et
1397 2076 1580 2113 canonici
1611 2077 1753 2112 fratres

440 2148 544 2182 suos,
590 2144 651 2171 ut·
678 2135 940 2183 sophisticent
985 2136 1092 2183 quod
1140 2135 1373 2172 fundatores
1406 2135 1465 2171 sui
1497 2143 1556 2171 tot
1589 2143 1625 2170 et
1656 2134 1754 2170 tales

441 2194 615 2230 habeant
646 2202 839 2230 oratores.
874 2195 1032 2230 Fratres
1065 2202 1199 2229 autem
1233 2194 1419 2230 laborant
1442 2192 1555 2229 anxie
1578 2201 1660 2228 tam
1684 2203 1754 2239 per

440 2260 587 2288 terram
635 2264 755 2299 quam
797 2264 866 2299 per
899 2264 1044 2300 aquam
1078 2259 1121 2287 ut
1154 2252 1352 2287 seculares
1392 2250 1573 2286 homines
1606 2248 1755 2286 faciant

442 2321 524 2345 esse
557 2310 699 2345 fratres
732 2318 769 2345 et
802 2309 856 2345 sic
889 2317 1119 2358 pervertunt
1147 2321 1213 2345 eos
1236 2322 1258 2345 a
1281 2308 1453 2356 simplici
1476 2316 1582 2344 secta
1606 2306 1809 2344 Christi35

442 2368 490 2402 ad
523 2376 671 2404 sectam
700 2367 884 2403 frivolam
908 2366 1160 2413 Antichristi3
1195 2375 1231 2403 et
1263 2367 1320 2403 sic
1351 2365 1558 2403 variantur
1590 2365 1751 2413 quidem

441 2425 663 2461 stultificati
698 2426 746 2461 ab
780 2438 858 2461 una
892 2434 999 2461 secta
1033 2426 1082 2461 ad
1128 2424 1261 2470 aliam,
1308 2432 1344 2460 et
1367 2436 1505 2461 omnes
1542 2424 1613 2459 hee
1647 2431 1752 2459 secte

442 2482 481 2517 in
515 2482 751 2519 infidelitate
785 2483 860 2519 ista
892 2484 1090 2529 laborant,
1141 2484 1249 2531 quod
1282 2491 1390 2518 secta
1423 2495 1493 2519 sua
1527 2481 1577 2517 sit
1610 2479 1753 2517 melior

442 2549 551 2576 secta
585 2540 732 2576 Christi
780 2549 816 2576 et
861 2549 1023 2588 propter
1067 2539 1262 2576 novitates
1307 2548 1465 2588 putatas
1504 2539 1753 2575 contendunt

443 2599 550 2645 quod
585 2611 664 2635 una
697 2606 804 2635 secta
837 2598 886 2634 sit
911 2598 1052 2635 melior
1085 2611 1205 2646 quam
1240 2597 1330 2645 alia⁷
1366 2606 1403 2634 et
1435 2599 1474 2633 in
1497 2596 1684 2645 superbia
1708 2607 1811 2638 {1040

513 2762 531 2780 1.
554 2756 600 2781 A:
620 2763 674 2781 nec
694 2754 920 2789 iustificabalur
940 2756 1034 2782 deest.
1135 2754 1160 2781 3.
1185 2755 1204 2780 13
1217 2764 1222 2781 ε
1235 2754 1357 2789 fiebant
1376 2753 1471 2788 duplo
1483 2753 1559 2788 filii.
1648 2753 1675 2779 Ο.
1698 2753 1741 2779 A:

446 2788 562 2815 (Ilii-mli
581 2790 674 2816 deest.
756 2798 780 2824 7.
803 2791 846 2816 A:
869 2790 923 2825 qui
940 2790 1030 2816 ierat.
1114 2798 1153 2822 ¹4-
1176 2791 1202 2815 A
1225 2789 1252 2815 in
1276 2797 1390 2823 Μαι-μα
1411 2788 1581 2815 Jolmnnes.
1656 2788 1696 2814 16.
1719 2786 1751 2812 13:

443 2831 501 2856 qim
521 2827 708 2857 perversum.
819 2832 861 2849 vo.
886 2825 922 2850 12:
944 2824 1149 2858 culpabiliter.
1260 2824 1301 2850 2'5.
1329 2825 1372 2850 A:
1394 2831 1474 2858 rogo
1503 2830 1567 2855 uos,
1597 2822 1635 2848 13:
1658 2821 1751 2847 deest.

445 2858 487 2883 δυ.
512 2861 551 2883 A:
576 2860 706 2884 trehet-e.
800 2857 889 2889 ’,ἐκ-ῆι,
913 2867 983 2893 pag.
1006 2859 1051 2891 45.
1143 2860 1185 2884 A:
1209 2859 1291 2892 quod
1311 2861 1392 2884 secla
1407 2873 1440 2877 —-
1454 2857 1596 2883 laborant
1617 2857 1710 2882 dcc-st.
