1986 3289
213 220 301 252 οΑΡ.
323 211 466 268 xxvii]
582 225 641 258 DE
668 222 983 259 ANTicflRffiTo
1012 225 1095 258 ΜΒ.
1122 226 1145 259 1.

210 342 392 381 tempore
424 332 521 381 legis
553 333 687 381 gracie
719 345 897 370 recessus
930 342 1070 371 vocate
1103 332 1268 371 ecclesie
1300 346 1322 370 a
1345 333 1424 371 vita
1446 346 1518 370 sua

208 391 406 439 significet
449 391 767 428 destruccionem
815 391 990 428 eiusdem
1041 391 1205 428 ecclesie
1249 400 1287 428 et
1332 404 1521 428 consum-

210 449 436 486 macionem
469 449 696 497 improbam
729 448 976 485 Antichristi.

267 508 381 544 Unde
404 507 702 544 Chi-isostomus
725 519 844 555 super
867 508 972 543 hunc
996 516 1145 544 textum
1168 506 1337 544 Matthei
1361 506 1520 543 Omelia

176 564 350 602 §ultima
401 564 456 601 sic
499 565 698 614 loquitur:
750 565 934 614 Superius
987 565 1190 615 ingressus
1233 572 1287 602 est
1330 565 1523 601 Dominus

207 623 387 671 templum
427 635 587 671 querens
624 623 864 659 sanctitatem
906 624 1047 672 templi,
1090 624 1160 659 sed
1197 635 1281 658 cum
1314 623 1349 658 in
1382 622 1522 671 templo

207 680 301 716 nihil
332 680 519 717 inveniret
542 681 748 730 proprium
781 681 920 729 templi,
954 692 1136 731 egressus
1169 681 1215 716 de
1247 680 1398 730 templo,
1434 680 1523 726 ibat,

205 738 293 786 quia
332 738 547 788 edificatum
594 739 744 787 quidem
782 739 909 774 stabat
952 739 1054 787 quod
1091 745 1303 774 erexerunt
1341 738 1523 784 homines,

206 795 389 832 sanctitas
427 808 519 832 vero
558 796 751 832 ceciderat
792 807 905 844 quam
946 803 1223 832 construxerat
1255 796 1374 833 Deus.
1420 795 1522 831 Nam

155 866 192 886 10
207 853 388 902 templum
421 854 615 889 hominum
649 861 703 890 est
725 853 920 904 edificacio
944 854 1114 903 lapidum
1131 854 1271 903 pulcre
1292 853 1526 902 composita,-

207 911 387 960 templum
425 919 550 948 autem
584 912 659 948 Dei
697 918 752 948 est
788 912 1051 963 congregacio
1089 912 1298 948 electorum
1339 910 1525 961 religiose

206 979 538 1006 conversancium.

263 1027 347 1063 Ibat
391 1028 437 1063 de
483 1027 621 1076 templo
653 1028 791 1076 sorim,
834 1027 874 1063 id
916 1035 983 1073 est,
1028 1027 1074 1062 de
1110 1026 1243 1062 Judeis
1282 1027 1334 1062 ad
1377 1033 1523 1077 gentes.

205 1085 289 1120 Ibat
319 1096 392 1120 non
423 1085 547 1120 solum
581 1097 744 1134 corpore
780 1086 849 1121 sed
888 1085 1082 1121 voluntate
1115 1084 1309 1122 recedens.
1354 1084 1456 1120 Ecce
1493 1084 1528 1120 si

154 1145 298 1191 15pars
329 1142 457 1191 aliqua
480 1143 617 1178 domus
635 1142 767 1191 fuerit
798 1142 937 1187 decisa,
971 1154 1055 1178 cum
1089 1141 1223 1178 labore
1255 1149 1380 1178 tamen
1397 1141 1524 1191 possi-

206 1200 279 1235 bile
310 1207 366 1236 est
397 1207 436 1236 ut
468 1208 686 1249 reparetur.
722 1200 765 1235 Si
790 1207 917 1235 autem
940 1200 1061 1249 ipsum
1073 1200 1378 1248 fundamentum
1391 1199 1524 1248 fuerit

207 1265 512 1306 conquassatum,
545 1258 636 1306 quid
655 1257 782 1306 faciet
806 1257 1111 1307 paterfamilias,
1145 1257 1218 1293 nisi
1235 1258 1350 1306 sorte
1380 1257 1416 1292 in
1441 1257 1524 1293 loco

206 1315 281 1351 alio
327 1327 424 1351 nova
457 1315 588 1364 faciat
620 1316 884 1364 fundamenta
923 1322 958 1351 et
990 1315 1138 1363 lapides
1170 1315 1217 1350 de
1248 1314 1380 1364 priori
1410 1316 1523 1350 domo

205 1380 469 1409 transvertens
483 1373 598 1408 aliam
616 1373 687 1409 sibi
700 1372 847 1422 edificet
862 1374 1017 1409 domum
1030 1372 1049 1407 f>
1064 1372 1126 1408 Sic
1141 1379 1176 1408 et
1193 1372 1228 1408 in
1243 1372 1525 1422 spiritualibus;

151 1430 240 1466 2osi
274 1431 423 1479 quidem
456 1431 668 1480 populares
698 1430 957 1480 peccaverint,
997 1443 1072 1479 per
1105 1430 1357 1479 penitenciam
1402 1430 1526 1466 corri-

204 1496 370 1539 gentur;
410 1489 445 1524 si
485 1496 610 1525 autem
642 1488 909 1525 sacerdocium
955 1489 1076 1537 ipsum
1109 1488 1242 1537 fuerit
1285 1487 1525 1537 dissipatum,

207 1547 308 1595 quod
351 1553 407 1582 est
442 1547 578 1595 populi
602 1547 919 1595 fundamentum,
968 1546 1060 1594 quid
1094 1546 1223 1594 faciet
1254 1545 1395 1582 Deus?
1437 1546 1526 1582 Hac

208 1604 362 1640 racione
391 1611 544 1654 gentem
575 1604 738 1640 Judeam
772 1604 991 1653 relinquens
1021 1603 1058 1639 in
1090 1604 1167 1639 alio
1199 1604 1295 1650 loco,
1328 1603 1368 1638 id
1389 1610 1456 1650 est,
1489 1603 1525 1638 in

207 1662 330 1697 medio
360 1661 539 1712 gencium
574 1662 858 1708 universarum,
891 1673 989 1697 nova
1015 1661 1146 1710 posuit
1165 1661 1445 1710 fundamenta,
1487 1660 1527 1696 id

152 1722 190 1754 25
207 1726 273 1764 est,
305 1720 500 1768 apostolos
531 1727 566 1755 et
598 1732 728 1756 omnes
760 1719 888 1766 bonos,
921 1719 1166 1767 transferens
1198 1718 1263 1768 qui
1276 1719 1446 1768 fuerant
1476 1729 1526 1754 ex

206 1776 350 1822 Judeis,
384 1777 530 1813 dicente
554 1777 766 1826 propheta:
804 1777 1093 1813 Convertantur
1124 1777 1177 1812 ad
1209 1788 1268 1812 me
1299 1776 1364 1825 qui
1393 1776 1526 1812 timent

208 1841 253 1870 te.
288 1835 440 1870 Novam
463 1835 536 1871 sibi
553 1835 656 1884 fecit
688 1834 885 1871 ecclesiam
920 1842 955 1870 et
985 1841 1179 1870 ammonet
1211 1834 1318 1870 illam
1352 1841 1393 1870 ut
1422 1834 1527 1870 sicut

208 1892 369 1928 mutavit
412 1893 551 1940 locum,
595 1899 714 1928 mutet
757 1897 793 1929 et
824 1904 965 1939 mores,
1005 1892 1134 1928 dicens
1164 1904 1240 1941 per
1270 1892 1525 1941 prophetam.-

206 1949 311 1985 Audi
336 1950 425 2000 filia
463 1957 497 1986 et
535 1950 621 1986 vide
657 1957 692 1986 et
724 1950 862 1986 inclina
900 1962 1035 1985 aurem
1069 1957 1188 1997 tuam,
1234 1957 1268 1986 et
1300 1949 1526 1986 obliviscere

152 2008 384 2056 gopopulum
430 2015 535 2044 tuum
574 2015 610 2044 et
654 2009 808 2043 domum
846 2008 972 2057 patris
1011 2007 1068 2043 tui
1103 2015 1138 2043 et
1175 2007 1413 2056 concupiscet
1451 2019 1527 2043 rex

207 2065 367 2115 speciem
411 2072 527 2101 tuam.
575 2066 660 2101 Ibat
703 2078 894 2114 nunquam
941 2066 992 2101 ad
1030 2065 1128 2101 illud
1164 2065 1346 2114 templum
1384 2065 1524 2101 iterum

209 2135 462 2168 reversurus3
500 2124 574 2159 iam
614 2123 711 2159 enim
746 2123 1010 2159 maledixerat
1041 2123 1085 2170 ei,
1125 2122 1272 2161 dicens:
1317 2123 1523 2172 Nunquam

1761 227 1812 268 99

1565 514 1610 542 Ch
1617 518 1769 551 rysostom
1781 525 1786 541 :

1575 1047 1679 1075 Christ
1698 1051 1779 1075 went

1591 1087 1643 1109 out
1663 1083 1698 1109 of
1712 1084 1762 1109 the

1608 1118 1737 1152 temple:

1556 1151 1576 1179 i.
1596 1160 1621 1178 e.
1643 1152 1724 1179 from
1745 1152 1795 1179 the

1574 1186 1653 1214 Jews
1673 1191 1704 1213 to
1723 1187 1772 1214 the

1594 1221 1742 1248 Gentiles.

209 2192 260 2216 ex
290 2188 326 2217 te
345 2181 510 2229 fructus
542 2188 737 2217 nascatur.
772 2181 994 2231 Synagoga
1026 2180 1123 2217 enim
1157 2188 1242 2217 erat
1273 2180 1524 2230 illaficulnea
1540 2203 1608 2232 The
1629 2212 1806 2240 synagogue

209 2245 347 2274 ornata
375 2239 491 2287 foliis
523 2245 558 2274 et
584 2239 788 2287 fructibus
821 2250 963 2283 vacua;
992 2250 1064 2287 que
1096 2239 1219 2275 arbor
1251 2238 1454 2274 videbatur
1490 2245 1525 2274 et
1547 2240 1605 2266 like
1625 2241 1676 2266 the
1699 2241 1807 2267 barren

153 2304 282 2336 35non
314 2303 400 2331 erat
431 2296 504 2332 nisi
523 2296 730 2347 figuralis,
763 2296 832 2332 sed
864 2303 949 2332 erat
980 2308 1193 2347 synagoga
1226 2296 1344 2332 realis
1371 2296 1469 2332 sicut
1491 2303 1527 2331 et

208 2354 343 2398 Judea,
367 2365 437 2401 que
459 2354 574 2389 verba
607 2353 822 2389 sanctitatis
846 2354 1033 2403 portabat
1065 2361 1100 2390 et
1122 2366 1239 2402 opera
1264 2353 1420 2403 pietatis
1451 2365 1524 2389 non

210 2411 392 2456 liabebat;
422 2422 492 2459 que
524 2411 728 2447 videbatur
752 2411 918 2460 populus
950 2411 1036 2458 Dei,
1071 2423 1143 2447 non
1176 2418 1303 2447 autem
1336 2418 1443 2456 erat;
1473 2411 1525 2446 ad

210 2480 321 2516 quam
367 2469 465 2505 venit
512 2467 690 2506 Christus
733 2469 915 2505 esuriens.
975 2468 1155 2505 Christus
1197 2469 1232 2505 si
1261 2469 1358 2505 enim
1392 2468 1525 2515 esurit,

279 2674 308 2698 4.
328 2666 357 2693 Α
377 2666 407 2693 in
431 2674 544 2701 marg.:
574 2666 789 2694 Crisostomus.
887 2674 924 2694 12.
947 2666 1066 2694 Codd.:
1088 2674 1284 2693 conversans.
1365 2674 1404 2700 17.
1424 2666 1469 2693 A:
1492 2665 1523 2692 in

212 2699 305 2727 deest.
379 2699 417 2728 31.
439 2701 477 2728 B:
499 2702 640 2737 templum
661 2702 756 2729 deest.
841 2699 885 2729 35.
907 2701 1024 2731 Codd.:
1046 2701 1151 2728 nisi—
1166 2701 1260 2728 realis
1279 2700 1373 2727 deest.
1394 2700 1523 2727 Addidi.

280 2806 311 2836 4.
339 2779 406 2837 Op.
432 2796 517 2837 imp.
542 2796 564 2826 1.
594 2806 621 2827 c.
648 2806 681 2837 p.
707 2797 773 2839 939
801 2796 995 2837 (cxcvii).
1059 2794 1112 2827 26.
1139 2795 1267 2827 Psalm.
1295 2795 1443 2835 cxvm,
1469 2793 1523 2826 80.

215 2851 267 2884 29.
295 2841 424 2872 Psaim.
451 2842 570 2876 XLIV,
603 2852 652 2877 11,
685 2852 733 2872 12.
831 2843 883 2874 32.
912 2841 1028 2872 Matth.
1058 2842 1144 2880 XXI,
1176 2852 1224 2884 19·

1340 2898 1385 2940 7*

1609 2274 1648 2309 fig
1667 2279 1737 2301 tree.
