1986 3289
236 207 325 236 CAP.
345 198 501 252 xxxvl-J
612 210 671 241 DE
699 210 1011 241 ANTiCHRisTo
1040 211 1123 241 ΜΒ.
1150 211 1172 241 1.
1756 204 1823 240 131

236 316 488 352 desolacionis
518 323 683 352 stantem
717 316 753 351 in
787 316 869 352 loco
900 323 1032 352 sancto
1063 323 1097 351 et
1120 317 1246 352 omnia
1270 329 1340 365 que
1363 317 1544 353 dicuntur

235 374 414 423 deinceps
456 374 570 425 signa
613 381 701 410 sunt
744 374 1089 410 consummacionis
1123 374 1268 422 future
1311 383 1346 411 et
1391 376 1544 411 venturi

223 432 304 481 filii
324 431 402 468 Dei
429 432 494 480 qui
524 439 559 468 et
590 432 916 468 abominacionem
950 432 1204 468 desolacionis
1232 433 1354 482 ipsum
1378 434 1543 469 tradidit

232 489 521 526 Antichristum.
582 490 697 533 Quod
753 501 844 526 vero
902 497 957 526 est
994 497 1185 526 staturum
1237 498 1324 527 ante
1374 503 1458 527 eum
1505 492 1540 527 in

201 547 316 583 Sloco
376 554 508 583 sancto
570 548 641 583 hoc
702 548 836 583 inodo:
904 548 1211 597 Reedificaturus
1272 556 1338 595 est,
1407 549 1539 598 inquit,
1563 557 1816 596 Antichristwill

231 605 494 641 sanctuarium
539 606 641 654 quod
669 605 754 653 fuit
797 605 833 641 in
876 605 1136 656 Jerosolymis
1183 607 1374 655 quondam
1418 614 1453 643 et
1492 607 1543 643 ibi
1598 592 1720 662 Γῑξῗῐζᾞὲ
1738 592 1787 654 {Re

230 669 416 709 staturus,
462 670 502 698 ut
546 663 714 699 videntes
743 663 858 699 Judei
895 664 1057 699 credant
1096 663 1132 699 in
1165 676 1264 713 eum,
1292 677 1383 701 .non
1416 665 1539 701 solum
1598 661 1777 689 Jerusalem.

226 728 394 770 propter
443 721 557 771 signa
609 721 687 756 eius
737 721 806 757 sed
856 721 974 757 eciam
1022 729 1188 771 propter
1246 723 1538 772 reparacionem

229 779 362 828 templi
391 778 507 825 illius,
551 779 769 815 estimantes
807 778 843 814 in
882 786 1055 828 tempore
1094 779 1160 816 illo
1188 781 1422 829 prophecias
1461 793 1541 817 esse

177 836 408 885 ioirnpletas
452 848 521 885 que
565 837 611 872 de
655 837 909 885 reparacione
938 837 1154 873 Jerusalem
1191 839 1540 888 prophetaverunt,

228 906 301 930 non
334 894 590 944 intelligentes
621 894 811 942 quomodo
839 895 1032 944 propheta
1066 895 1111 931 de
1134 896 1387 945 reparacione
1408 897 1542 946 templi

226 951 443 1000 spiritualis
482 952 661 1000 loquutus
692 960 748 988 est
785 964 897 1001 quam
942 952 1122 989 Christus
1162 953 1347 1003 implevit,
1388 967 1460 990 non
1495 955 1541 990 de

228 1010 429 1059 corporali
471 1021 583 1058 quam
628 1010 887 1047 Antichristus
939 1017 993 1046 est
1039 1010 1279 1060 impleturus.
1344 1012 1396 1048 Et
1438 1019 1538 1059 tunc,

226 1067 357 1115 inquit,
403 1067 624 1116 implebitur
664 1069 766 1117 quod
804 1068 1056 1117 prophetavit
1096 1069 1285 1105 Jeremias
1329 1070 1364 1106 in
1402 1070 1538 1106 Judea.

173 1132 209 1165 15
237 1125 402 1169 Quando
447 1137 519 1161 non
572 1126 834 1172 crediderunt,
895 1126 1025 1174 inquit,
1071 1127 1238 1174 veritati,
1285 1127 1321 1163 in
1367 1136 1539 1177 tempore

225 1183 292 1219 illo
332 1183 509 1232 loquetur
534 1184 681 1232 populo
719 1184 806 1220 huic
840 1191 874 1220 et
904 1183 1119 1220 Jerusalem
1163 1185 1198 1220 in
1233 1185 1373 1234 spiritu
1405 1187 1538 1223 seduc-

226 1240 355 1277 cionis.
395 1241 472 1276 Hic
504 1241 686 1277 excitabit
717 1241 1011 1278 tribulacionem
1052 1254 1172 1292 super
1203 1250 1358 1280 sanctos
1384 1256 1461 1293 pro
1496 1256 1538 1280 eo

226 1299 328 1347 quod
359 1311 433 1335 non
465 1299 744 1349 glorificabunt
776 1312 859 1335 eum
893 1307 927 1336 et
958 1300 1099 1336 multos
1131 1301 1289 1337 occidet.

284 1357 362 1393 Sed
384 1356 455 1393 hoc
479 1357 525 1392 de
552 1358 624 1393 hac
655 1357 978 1407 interpretacione
1001 1358 1209 1394 dubitabile
1232 1359 1348 1395 michi
1370 1359 1535 1407 videtur,

168 1433 209 1454 20
224 1414 258 1450 si
299 1415 405 1450 locus
449 1415 585 1463 templi
625 1415 728 1452 illius
766 1427 817 1451 ex
861 1428 932 1464 quo
974 1416 1146 1452 dirutum
1185 1424 1244 1454 est
1283 1417 1357 1453 iam
1398 1431 1419 1453 a
1453 1419 1536 1454 Deo

218 1473 467 1521 postmodum
510 1480 665 1509 sanctus
709 1480 884 1521 vocatur,
927 1474 1135 1510 secundum
1181 1475 1283 1523 quod
1334 1475 1394 1511 hic
1426 1476 1537 1512 dicit.-

230 1529 325 1566 Cum
350 1530 522 1566 videritis
544 1531 895 1568 abhominacionem
920 1532 1174 1568 desolacionis
1195 1540 1358 1569 stantem
1382 1534 1418 1569 in
1452 1534 1535 1570 loco

223 1595 368 1624 sancto.
403 1589 485 1624 Hec
519 1588 804 1628 Crisostomus.

670 1735 808 1777 CAP.
842 1736 1082 1777 XXXVI.

167 1839 206 1871 25
281 1833 382 1868 Cum
416 1831 597 1869 Christus
642 1831 812 1881 precipit
856 1832 896 1868 in
941 1834 1016 1870 hoc
1062 1842 1188 1870 textu:
1239 1834 1316 1878 Qui
1352 1834 1448 1885 legit
1479 1834 1533 1870 in-
1557 1837 1616 1866 We
1636 1838 1746 1866 should
1767 1843 1793 1866 tr

223 1890 389 1940 telligat,
428 1890 563 1926 fideles
604 1891 746 1926 darent
784 1902 949 1938 operam
990 1892 1041 1928 ad
1080 1891 1387 1939 intelligendum
1427 1873 1779 1936 hunct⁰i¹11riget¹i÷⁵2iil11

224 1956 374 1984 textum
409 1947 602 1996 evangelii
635 1947 927 1996 supradictum,
974 1958 1012 1985 et
1046 1949 1138 1986 hinc
1171 1950 1299 1986 sancti
1339 1959 1429 1987 ante
1461 1963 1533 1987 nos
1548 1942 1819 2005 Evegighzgpints

222 2005 264 2041 in
295 2005 370 2042 ista
409 2005 575 2042 materia
620 2014 702 2042 tam
737 2005 851 2042 anxie
882 2007 1137 2055 laborarunt3
1186 2009 1255 2044 sed
1288 2021 1378 2044 cum
1411 2008 1534 2045 inter-
1565 2012 1753 2050 understand
1775 2012 1798 2039 it

223 2063 401 2111 pretacio
434 2066 493 2108 (ut
524 2072 633 2111 patet
657 2065 704 2100 de
726 2064 872 2112 Joseph
903 2073 939 2100 et
968 2064 1149 2113 Daniele)
1186 2065 1411 2113 equivaleat
1443 2079 1533 2114 pro·
1639 2047 1725 2083 iully.

166 2129 207 2161 30
222 2120 375 2169 phecie‚
406 2121 621 2158 verisimile
645 2130 701 2158 est
724 2122 832 2170 quod
855 2122 988 2158 nullus
1020 2135 1158 2159 eorum
1192 2124 1308 2171 plene
1340 2123 1533 2161 intellexit

222 2178 343 2215 istum
388 2187 557 2225 textum3
609 2180 678 2215 sed
722 2192 795 2227 pro
841 2182 1065 2217 excusanda
1111 2181 1347 2229 ignorancia
1392 2194 1530 2219 eorum

223 2236 300 2272 dici
345 2245 477 2285 potest
509 2238 632 2285 quod,
678 2236 780 2273 sicut
824 2237 926 2284 ignis
970 2239 1090 2275 habet
1129 2239 1367 2276 naturaliter
1406 2241 1532 2277 multa

222 2294 334 2342 signa
380 2294 511 2342 ipsum
556 2294 818 2343 precedencia
864 2304 907 2331 ut
939 2295 1115 2333 diversus
1147 2299 1295 2345 gradus
1327 2297 1528 2334 fumorum

223 2360 260 2388 et
311 2351 389 2388 alia
433 2352 545 2400 signa
588 2352 703 2388 nobis
747 2352 964 2400 incognita,
1017 2353 1072 2391 sic
1125 2355 1197 2391 hec
1247 2355 1531 2392 abhominaeio

166 2418 205 2450 35
225 2409 504 2456 desolacionis,
538 2423 657 2458 quam
693 2422 736 2446 ex
774 2410 851 2446 fide
890 2411 1154 2459 supponimus
1187 2425 1272 2449 esse
1304 2423 1528 2461 presentem

221 2467 283 2503 vel
314 2467 502 2515 futuram,
541 2467 681 2504 habuit
714 2468 840 2504 multa
871 2468 996 2516 signa,
1029 2482 1201 2518 quorum
1236 2472 1407 2519 quedam
1443 2472 1530 2520 qui-

224 2525 316 2561 dam
349 2525 476 2562 sancti
511 2534 795 2574 cognoverant,
830 2535 866 2562 et
889 2526 966 2563 alia
989 2529 1095 2564 Deus
1119 2528 1335 2576 reliquerat
1358 2530 1530 2578 posteris

287 2681 312 2710 3.
334 2682 377 2709 A:
398 2685 428 2710 et
441 2681 520 2723 filii,-
539 2683 581 2722 i'b.
604 2683 641 2711 B:
662 2684 768 2719 ipsam.
876 2694 906 2718 4.
927 2684 1044 2712 Codd.:
1069 2684 1160 2724 Quod
1177 2692 1282 2712 verum
1320 2706 1326 2711 .
1355 2706 1366 2723 ·.
1391 2705 1398 2712 .
1425 2686 1527 2712 autem

220 2724 411 2778 §gzznnesp
433 2711 470 2744 B:
491 2725 596 2752 ipsius.
704 2726 740 2752 24
771 2719 815 2746 A:
841 2718 914 2754 Cap.
934 2718 1047 2746 XXXV
1065 2720 1142 2754 (sm).
1250 2720 1291 2747 25.
1312 2720 1341 2746 A
1361 2727 1390 2746 ln
1413 2727 1526 2754 marg:

292 2834 322 2866 5.
348 2835 434 2865 Dan.
461 2835 514 2874 lX,
542 2835 595 2866 25.
673 2846 723 2876 14.
748 2837 814 2868 Jer.
841 2837 897 2877 lV,
928 2847 977 2877 11,
1010 2847 1059 2868 12.

1346 2896 1394 2937 95·
