1986 3289
144 859 181 879 10

144 1131 179 1163 15

140 1429 181 1449 20

141 1708 180 1739 25

140 1998 181 2029 30

141 2284 180 2319 35

198 214 286 242 CAP-
314 205 423 258 XLV]
563 217 622 247 DE
648 216 962 248 ANTICHRISTO
992 217 1075 248 LIB.
1105 217 1127 249 Ι,

198 331 368 370 occupat
401 331 438 358 et
470 322 814 359 sacramentaliter
848 335 992 371 corpus
1026 322 1172 359 Christi
1206 324 1313 371 quod
1346 323 1385 359 in
1419 324 1503 360 celo

198 380 374 428 empireo
413 393 532 428 supra
566 381 726 428 angelos
764 380 909 416 residet
942 382 991 416 ad
1025 382 1226 416 dexteram
1261 381 1332 417 Dei
1365 381 1535 428 patrisb

255 439 331 475 Sed
355 438 418 474 hic
449 447 505 474 est
535 438 759 475 communis
784 438 997 474 difficultas
1028 447 1163 474 utrum
1189 451 1332 486 corpus
1356 438 1503 475 Christi

197 496 247 532 sit
280 497 329 532 ad
352 509 511 532 omnem
537 505 731 544 punctum
764 496 890 532 hostie
921 505 1166 542 consecrate,
1193 505 1229 532 et
1252 505 1294 532 ut
1318 506 1503 544 gravetur

198 555 269 590 hec
293 553 519 598 difficultas,
552 567 633 590 non
663 553 843 602 queritur
874 562 1009 590 utrum
1041 554 1221 590 Christus
1244 554 1293 590 sit
1317 554 1504 591 divinitus

197 613 247 648 ad
291 624 452 648 omnem
497 621 689 659 punctum
738 611 868 647 hostie
913 621 1145 648 consecrate
1182 624 1255 648 nec
1288 621 1421 648 utrum
1456 612 1505 648 sit

197 669 428 705 humanitus
450 669 674 706 virtualiter
697 677 733 706 et
751 669 1030 717 potencialiter
1052 671 1102 705 ad
1126 682 1287 706 omnem
1311 679 1502 718 punctum

198 727 375 764 eiusdem
420 727 559 773 hostie,
605 729 673 763 sed
711 736 845 763 utrum
885 727 934 763 sit
973 727 1204 764 humanitus
1245 728 1508 776 corporaliter

198 794 234 821 et
267 785 610 822 dimensionaliter
643 787 692 821 ad
725 797 886 821 omnem
921 794 1117 833 punctum
1152 785 1327 821 eiusdem
1363 786 1504 822 hostie.

254 845 303 879 Et
351 847 408 888 (ut
451 844 594 891 loquar
637 842 678 878 in
716 843 791 879 ista
831 843 998 879 materia
1037 843 1282 879 fundabilius
1316 852 1352 880 et
1386 843 1507 880 michi

196 900 498 948 intelligibilius)
556 900 713 937 videtur
773 900 893 937 michi
951 910 994 937 ut
1047 901 1144 937 fides
1196 903 1507 949 supponendum

197 960 304 1006 quod
357 958 538 994 Christus
590 958 639 994 sit
691 958 800 1006 gigas
852 958 1009 1006 gemine
1062 959 1302 1004 substancie‚
1356 959 1508 996 scilicet

197 1016 381 1052 divinitas
415 1025 534 1064 atque
568 1016 811 1061 humanitas,
846 1025 883 1052 et
916 1018 1139 1052 secundum
1165 1017 1416 1053 divinitatem
1451 1026 1508 1053 est

196 1074 427 1110 eternaliter
471 1083 507 1110 et
551 1074 712 1122 ubique.
777 1075 920 1123 Ubique
966 1074 1055 1110 dico
1105 1075 1390 1121 essencialiter,
1439 1088 1508 1122 po-

197 1131 419 1168 tencialiter
469 1141 506 1168 et
549 1132 783 1178 virtualiter,
836 1132 937 1168 sicut
983 1134 1088 1168 Deus
1140 1141 1195 1169 est
1246 1132 1286 1168 in
1332 1133 1509 1181 qualibet

197 1198 392 1235 creatura,
434 1199 470 1225 et
503 1191 722 1226 secundum
763 1190 1055 1226 humanitatem
1100 1189 1254 1227 videtur
1288 1191 1385 1226 mihi
1419 1204 1509 1238 pro-

196 1248 339 1293 babile,
388 1260 477 1283 cum
513 1247 693 1284 Christus
733 1249 954 1284 secundum
995 1260 1082 1283 eam
1122 1248 1171 1284 sit
1211 1260 1286 1284 rex
1324 1248 1506 1284 omnium

197 1318 335 1355 regum
388 1313 422 1341 et
468 1306 644 1341 dominus
695 1306 992 1350 dominancium,
1053 1305 1233 1342 Christus
1285 1308 1505 1342 secundum

197 1362 490 1399 humanitatem
530 1372 587 1399 est
623 1365 842 1399 secundum
883 1363 1109 1411 potenciam
1157 1363 1240 1399 eius
1278 1373 1398 1412 atque
1430 1364 1507 1400 vir-

197 1429 323 1457 tutem
357 1420 398 1456 in
431 1420 609 1469 qualibet
642 1430 755 1469 parte
787 1421 846 1457 sui
880 1421 1057 1468 imperii,
1097 1434 1179 1457 non
1212 1423 1341 1458 audeo
1376 1422 1507 1458 dicere

197 1480 305 1526 quod
345 1491 415 1526 per
453 1491 614 1515 omnem
656 1488 810 1527 partem
851 1478 1016 1515 ecclesie
1056 1479 1237 1515 Christus
1270 1479 1320 1515 sit
1353 1480 1507 1516 dimen-

197 1536 402 1572 sionaliter
435 1545 503 1573 aut
537 1537 814 1584 corporaliter,
847 1537 939 1573 licet
963 1537 1011 1573 sit
1034 1549 1105 1584 per
1130 1538 1293 1573 modurn
1328 1538 1508 1586 corporis

198 1595 247 1630 ad
288 1603 482 1642 punctum
517 1594 737 1643 quemlibet
775 1594 835 1631 sui
873 1594 1046 1642 imperii.
1087 1596 1203 1631 Unde
1235 1595 1356 1631 nimis
1390 1598 1508 1632 rudes

197 1661 287 1687 sunt
321 1652 388 1700 qui
421 1665 502 1688 non
535 1652 769 1700 concipiunt
803 1653 912 1700 quod
946 1652 1128 1689 Christus
1162 1653 1229 1701 qui
1271 1662 1328 1689 est
1362 1666 1508 1702 corpus

197 1709 247 1745 sit
292 1710 354 1746 hic
398 1710 620 1746 virtualiter
666 1719 733 1747 aut
772 1710 1053 1758 potencialiter
1085 1712 1305 1747 secundum
1341 1713 1505 1748 modum

198 1767 390 1816 corporis,
444 1767 538 1816 quia
590 1770 812 1804 secundum
858 1769 1021 1804 modum
1068 1768 1180 1805 istius
1226 1769 1507 1815 humanitatis;

197 1825 265 1873 qui
310 1825 471 1874 quidem
528 1827 669 1862 modus
722 1835 780 1862 est
831 1825 1050 1874 spiritualis
1096 1835 1164 1862 aut
1208 1827 1389 1863 virtualis
1442 1835 1510 1863 aut

197 1883 446 1930 potencialis,
493 1892 529 1920 et
574 1896 662 1919 cum
705 1883 885 1920 Christus
924 1897 1006 1920 non
1045 1893 1101 1920 est
1142 1884 1407 1932 corporaliter
1448 1886 1511 1921 vel

197 1940 541 1977 dimensionaliter
592 1941 669 1977 nisi
719 1941 759 1977 in
810 1942 899 1978 loco
953 1942 1085 1978 celesti
1138 1942 1178 1978 in
1230 1955 1309 1990 quo
1362 1943 1509 1979 residet

197 1999 459 2046 corporaliter
505 1999 674 2035 situatus
713 2000 773 2036 vel
817 2000 897 2036 alio
938 2001 1059 2036 modo
1094 2013 1174 2048 quo
1208 2009 1265 2036 est
1299 2000 1509 2048 proprium

196 2056 354 2105 corpori
376 2057 563 2093 residere.
598 2059 647 2093 Et
668 2057 745 2093 isto
771 2058 891 2094 modo
916 2057 1096 2105 intelligo
1120 2067 1298 2094 recentes
1323 2059 1508 2095 doctores

196 2114 263 2161 qui
294 2115 481 2151 videntur
513 2114 644 2151 dicere
678 2116 785 2163 quod
820 2128 965 2163 corpus
999 2115 1147 2151 Christi
1180 2115 1229 2152 sit
1263 2116 1510 2153 substancia-

195 2171 284 2208 liter
323 2181 360 2208 et
392 2173 655 2220 corporaliter
687 2173 727 2209 in
760 2173 889 2209 hostia
931 2182 1177 2212 consecrata.
1219 2173 1262 2209 Si
1292 2182 1419 2210 autem
1454 2175 1508 2209 in-

195 2236 366 2266 structus
394 2230 518 2278 fuero
571 2231 672 2278 qnod
723 2243 864 2280 corpus
917 2232 1053 2267 christi
1103 2231 1151 2267 sit
1204 2231 1399 2268 sititaliter
1451 2232 1511 2267 vel

198 2288 526 2323 dimensionaliter
574 2289 610 2323 in
661 2288 743 2337 ipsa
801 2289 937 2335 hostia,
1002 2289 1103 2337 quod
1154 2290 1322 2324 nondum
1383 2290 1511 2325 adhuc

198 2345 325 2391 didici,
379 2346 465 2382 volo
511 2345 672 2381 libenter
723 2353 758 2381 et
801 2347 997 2382 humiliter
1041 2347 1143 2382 istud
1180 2359 1369 2384 asserere.
1435 2348 1512 2382 Sed

196 2404 362 2439 nondum
413 2404 579 2453 cognovi
626 2416 779 2439 causam
834 2404 894 2439 vel
945 2404 1137 2440 racionem
1195 2416 1314 2452 quare
1370 2417 1512 2454 corpus

202 2461 347 2496 Christi
376 2460 424 2496 sit
456 2473 553 2496 nunc
588 2461 781 2497 situaliter
812 2461 872 2497 lzic
905 2462 939 2496 in
973 2468 1092 2497 terra.
1149 2463 1244 2498 Ideo
1277 2475 1358 2498 non
1389 2463 1512 2498 claret

197 2518 317 2555 michi
360 2519 491 2555 adhuc
542 2520 650 2567 quod
700 2531 844 2567 corpus
885 2518 1033 2555 Christi
1076 2519 1125 2555 sit
1165 2519 1511 2556 dimensionaliter

265 2673 288 2701 3.
310 2676 338 2702 A
357 2675 387 2702 in
409 2684 520 2711 marg:
545 2675 734 2711 Difficultas.
828 2684 868 2703 10.
889 2678 917 2703 A
941 2676 971 2703 in
993 2684 1105 2711 marg:
1129 2676 1310 2710 Responsio.
1405 2676 1442 2704 15.
1464 2677 1513 2704 A:

195 2709 274 2736 sicut
293 2709 389 2736 deitas
498 2718 543 2745 27.
564 2712 607 2737 A:
629 2713 686 2738 aut
703 2711 923 2745 spiritualiter.
1021 2710 1068 2745 34.
1089 2712 1132 2738 A:
1152 2711 1303 2738 situliter.
1396 2709 1442 2739 36.
1464 2712 1512 2738 At

196 2744 273 2770 illud
290 2752 438 2772 asserere.
527 2744 573 2772 38.
594 2746 638 2772 A:
661 2745 732 2773 [deo
754 2746 848 2773 deest.

279 2837 327 2869 17.
353 2828 376 2858 Ῑ.
404 2828 495 2859 Tim.
523 2828 578 2868 VI,
610 2828 660 2860 15.

1723 211 1791 246 165

1572 332 1743 368 Difficulty:

1538 366 1616 393 How
1638 366 1771 395 Christ's

1539 402 1599 436 ody
1620 402 1645 428 is
1666 407 1694 428 at
1708 410 1799 438 every

1554 436 1641 471 point
1661 436 1695 464 of
1711 438 1762 464 the

1617 472 1696 498 hosh

1531 505 1635 532 Christ
1656 514 1688 533 as
1711 506 1779 533 God

1531 540 1555 567 is
1576 540 1786 577 everywhere;

1548 1323 1581 1342 as
1602 1323 1672 1342 man
1694 1315 1730 1342 he
1750 1315 1776 1342 is

1542 1350 1614 1385 king
1634 1350 1668 1377 of
1686 1350 1774 1384 kings

1528 1385 1585 1411 and
1608 1385 1634 1411 is
1654 1384 1685 1411 in
1706 1392 1798 1419 every

1571 1423 1638 1454 part
1657 1420 1692 1446 of
1709 1419 1756 1446 his

1530 1455 1623 1481 realm
1645 1455 1798 1490 virtually,

1636 1494 1690 1516 not

1541 1523 1788 1559 dimensionally.

1538 1949 1594 1976 His
1616 1949 1697 1986 body
1717 1951 1743 1977 is
1763 1950 1793 1977 in

1596 1984 1723 2012 heaven.

1535 2295 1655 2335 &Ny-elif
1670 2296 1696 2323 is
1717 2304 1796 2334 open

1545 2335 1574 2357 to
1596 2335 1780 2357 mstructlon

1545 2373 1584 2392 on
1605 2365 1666 2392 this
1687 2365 1785 2401 point.
