1986 3289
160 216 235 251 ¹74
771 211 888 242 OPUS
914 210 1250 242 EVANGELICUM
1279 211 1361 242 LIB.
1389 211 1443 242 III.
1519 200 1615 253 [CAP
1636 208 1757 236 XLVII-

443 326 524 354 tarn
551 316 752 354 laboriose
776 329 848 353 sua
873 317 1024 353 monita
1058 318 1201 353 adorat
1225 316 1354 365 ipsum
1378 318 1466 365 plus
1490 318 1603 355 anxie
1636 331 1757 367 quam

441 377 552 412 Jesus
585 383 721 411 noster
753 374 872 422 exigit
904 375 1076 414 adorari.

201 431 376 459 Antichrist
500 434 548 470 Et
582 441 776 481 quantum
811 434 861 469 ad
894 432 1104 470 servicium
1153 444 1190 473 et
1222 433 1342 470 fidem
1377 446 1497 482 quam
1531 447 1636 483 papa
1667 448 1759 483 pro-

160 466 310 493 demands
331 474 417 493 more
652 491 658 496 ,
1673 492 1679 498 ,

219 501 350 536 implicit
442 492 692 539 mulgavent,
732 499 842 539 patet
875 493 983 539 quod
1015 492 1104 539 plus
1138 500 1289 530 attente
1321 493 1555 529 observatur
1588 494 1636 529 ab
1671 493 1758 529 infi-

160 536 419 598 obggffigtcciiitpan
442 549 596 586 delibus
619 562 741 597 quam
766 548 948 585 Christus
982 549 1045 586 hic
1069 550 1189 599 exigit
1215 563 1327 587 suam
1363 550 1482 586 fidem
1517 563 1537 586 a
1572 550 1792 587 fidelibus5

440 607 662 654 observari3
698 608 788 644 ideo
822 607 1038 644 verisimile
1072 618 1129 645 est
1162 608 1298 646 multis
1331 610 1439 656 quod
1473 608 1513 644 in
1546 607 1622 644 isto
1656 608 1760 657 peri-

442 666 579 702 culoso
611 674 794 713 tempore
824 665 939 702 multi
972 667 1122 703 cadunt
1155 681 1176 704 a
1210 667 1286 704 fide
1311 666 1473 702 Domini
1507 675 1543 703 et
1575 666 1760 703 incidunt

440 723 481 759 in
513 723 725 772 perfidiam
757 723 1008 760 Antichristi.
1043 726 1090 760 Et
1123 726 1492 774 quomodocunque
1524 724 1759 761 Antichristi

442 781 662 829 discipulus
695 781 920 829 palliaverit
960 781 1000 818 in
1033 782 1107 819 hac
1155 793 1281 831 parte,
1322 782 1530 819 docebitur
1563 795 1607 818 ex
1639 794 1760 831 opere

441 840 590 876 factum
625 839 743 877 istud.
777 841 1007 876 Teneamus
1041 852 1134 889 ergo
1168 843 1278 890 quod
1310 840 1389 877 sive
1423 842 1627 877 Romanus
1660 853 1759 889 pon·
1779 854 1819 876 10

440 897 533 934 tifex
565 897 645 934 sive
678 897 909 946 quicunque
942 898 1043 934 alius
1087 912 1182 936 sane
1216 898 1397 936 docuerit
1436 898 1555 935 fidem
1598 898 1758 946 Christi,

441 957 632 992 debemus
666 965 832 1004 propter
866 956 1069 993 Christum
1111 957 1185 1005 ipsi
1220 957 1312 994 fidei
1347 956 1574 993 consentire
1607 954 1757 1010 eciam!

441 1013 472 1050 si
505 1013 736 1050 incarnatus
768 1014 952 1050 diabolus
986 1015 1165 1062 proderit
1197 1015 1327 1064 ipsam
1362 1014 1496 1051 fidem.
1531 1015 1632 1051 Cum
1665 1027 1760 1063 ergo
1798 1016 1882 1059 422b

442 1071 625 1109 Christus
656 1080 739 1109 tam
786 1080 971 1120 patenter
1004 1072 1100 1109 dicit
1132 1075 1179 1110 de
1212 1086 1315 1122 pane
1349 1081 1386 1110 et
1417 1072 1528 1109 vino:
1578 1073 1663 1109 Hoc
1707 1080 1762 1109 est

441 1143 583 1179 corpus
633 1143 772 1177 meum,
841 1131 900 1167 hic
943 1138 999 1167 est
1042 1132 1204 1182 sanguis
1248 1143 1368 1178 meus,
1414 1139 1623 1168 teneamus
1681 1133 1818 1168 non15

440 1187 692 1225 obstantibus
724 1188 961 1225 Antichristi
993 1189 1182 1226 versuciis
1215 1189 1331 1226 istam
1373 1189 1505 1226 fidem.
1552 1190 1667 1226 Unde
1704 1188 1764 1225 in-

442 1248 613 1283 duamus
646 1259 720 1282 nos
751 1246 933 1283 habitum
968 1246 1073 1283 Petri
1107 1246 1388 1296 respondentis
1422 1246 1582 1283 Christo
1614 1246 1654 1283 in
1687 1246 1763 1283 isto

442 1304 612 1341 articulo
634 1306 722 1341 Joh.
756 1306 818 1351 VI,
855 1306 920 1351 61,
955 1304 1022 1340 ubi
1055 1305 1200 1353 legitur
1232 1307 1338 1354 quod
1371 1304 1531 1341 Christo
1564 1313 1764 1342 asserente

441 1362 560 1399 istam
598 1362 923 1410 predicacionem
960 1362 1298 1401 habitudinalem:
1332 1363 1451 1399 Multi
1483 1363 1761 1412 discipulorum

442 1420 620 1457 abierunt
643 1428 861 1457 retrorsum
897 1421 1084 1457 dicentes:
1115 1422 1254 1458 Durus
1286 1430 1340 1458 est
1372 1422 1432 1458 hic
1453 1433 1582 1457 sermo
1616 1428 1651 1457 et
1680 1421 1764 1470 quis
1780 1434 1822 1456 20

437 1486 566 1528 potest
604 1491 688 1515 eum
734 1479 871 1515 audire
917 1487 952 1515 et
991 1478 1148 1516 Christo
1180 1487 1361 1528 querente
1393 1493 1414 1515 a
1447 1479 1526 1515 suis
1557 1479 1761 1528 apostolis:

442 1537 642 1585 Numquid
673 1544 709 1573 et
741 1549 808 1573 vos
852 1537 967 1573 vultis
1010 1537 1131 1584 abire,
1177 1538 1277 1574 dixit
1309 1538 1472 1574 Petrus:
1532 1537 1655 1573 Verba
1690 1537 1764 1573 vite

443 1602 571 1631 eterne
603 1595 740 1640 lzabes;
777 1596 829 1630 ad
861 1607 968 1644 quem
1003 1595 1169 1631 ibimus?
1207 1598 1248 1631 In
1282 1608 1363 1644 quo
1397 1597 1563 1631 docetur
1596 1594 1764 1632 ecclesia

442 1665 524 1689 non
558 1654 720 1689 credere
745 1665 848 1701 pape
879 1653 940 1690 vel
973 1662 1080 1689 secte
1112 1653 1231 1690 alicui
1257 1662 1431 1702 quatuor
1462 1666 1659 1689 novarum
1693 1665 1764 1702 per

443 1710 650 1747 diabolum
697 1710 942 1758 introducte,
991 1711 1084 1748 licet
1136 1711 1467 1760 dogmatizaverit
1513 1711 1762 1747 contrarium
1781 1714 1820 1747 25

442 1768 537 1805 dicti
571 1769 732 1815 Christi,
766 1768 861 1817 quia
894 1771 1000 1805 Luce
1023 1770 1122 1818 XIX,
1163 1783 1223 1816 14,
1258 1769 1297 1806 in
1331 1769 1398 1806 illa
1422 1777 1538 1806 acuta
1570 1769 1764 1817 parabola

441 1827 538 1863 dicit
561 1827 761 1863 Christus:
801 1827 913 1863 Cives
935 1834 1061 1863 autem
1086 1827 1164 1863 eius
1196 1829 1360 1864 oderant
1381 1828 1489 1863 illum
1523 1834 1557 1863 et
1579 1827 1767 1863 miserunt

443 1885 682 1936 legacionem
710 1892 802 1934 post
840 1885 948 1921 illum
984 1885 1172 1921 dicentes:
1223 1886 1416 1922 Nolumus
1460 1886 1560 1921 hunc
1594 1897 1767 1936 regnare

442 1955 559 1992 super
591 1956 672 1980 nos.
728 1944 846 1988 Quod
892 1942 994 1979 sicut
1037 1943 1111 1979 fuit
1155 1943 1407 1980 verificatum
1449 1943 1489 1979 in
1522 1942 1683 1979 Christo
1716 1944 1766 1979 ad

442 2001 602 2037 literam
656 2002 704 2037 de
756 2000 1016 2049 pontificibus
1063 2010 1099 2037 et
1147 2001 1342 2049 phariseis
1387 2001 1455 2049 qui
1489 2001 1648 2037 fuerant
1682 2000 1765 2037 eius
1782 2005 1824 2037 30

444 2059 610 2104 inimici,
660 2058 715 2095 ita
759 2059 991 2095 verificatur
1039 2059 1159 2095 hodie
1198 2061 1246 2095 de
1295 2060 1437 2095 eodem
1477 2071 1622 2107 genere
1655 2059 1764 2107 quod

445 2116 648 2154 extollitur
689 2129 810 2165 supra
845 2117 1063 2163 Christum,
1099 2117 1193 2165 quia
1227 2118 1407 2154 Christus
1442 2116 1557 2153 dicit:
1591 2117 1679 2153 Hoc
1712 2124 1767 2153 est

444 2187 587 2224 corpus
619 2187 758 2222 meum,
792 2175 852 2211 hic
884 2182 941 2211 est
971 2175 1134 2226 sanguis
1156 2188 1274 2220 meus,
1310 2184 1347 2212 et
1370 2174 1637 2211 Antichristus
1671 2174 1767 2211 dicit

446 2246 536 2270 cum
570 2232 650 2268 suis
675 2233 941 2281 complicibus
974 2234 1082 2281 quod
1107 2234 1182 2269 hoc
1216 2242 1272 2269 est
1306 2233 1541 2280 hereticum,
1577 2245 1667 2269 cum
1691 2233 1766 2268 hoc

446 2290 496 2327 sit
541 2290 728 2327 accidens
767 2291 846 2328 sive
894 2292 1097 2327 abstracta
1150 2290 1380 2328 substancia
1420 2290 1501 2327 sive
1533 2290 1674 2337 nichil;
1730 2292 1822 2326 et35

446 2348 677 2397 quicunque
709 2348 882 2385 tenuerit
916 2349 1148 2397 oppositum
1184 2357 1393 2397 tamquam
1429 2348 1626 2385 hereticus
1660 2360 1768 2384 corn—

447 2408 624 2445 buretur.

506 2467 553 2500 Et
587 2465 642 2501 sic
677 2466 724 2501 de
759 2464 974 2512 multiplici
999 2465 1077 2501 fide
1110 2464 1308 2512 scripture
1342 2477 1462 2512 quam
1493 2477 1573 2500 non
1606 2463 1768 2500 audebit

450 2522 692 2559 christianus
712 2531 898 2570 patenter
921 2535 1097 2559 asserere
1120 2530 1285 2570 propter
1306 2535 1496 2559 censuras
1519 2530 1555 2558 et
1578 2521 1765 2558 timorem

517 2724 546 2749 4,
569 2715 592 2742 5.
616 2715 654 2742 13:
676 2715 864 2749 nfideliluw.
957 2723 993 2742 12.
1016 2716 1061 2742 A:
1082 2715 1154 2750 ipse.
1248 2713 1285 2741 13.
1306 2715 1349 2741 A:
1371 2714 1459 2741 istam
1469 2713 1576 2748 sidem.
1658 2712 1700 2740 35.
1721 2713 1764 2739 A:

447 2750 514 2777 sine
532 2750 714 2777 subslracla.

522 2842 575 2864 22.
602 2832 680 2863 Joh.
711 2834 763 2873 Vl,
790 2832 843 2873 68,
870 2833 925 2877 (n).
