1986 3289
160 177 239 214 218
769 184 886 216 OPUS
912 183 1247 215 EVANGELICUM
1277 183 1359 215 LIB.
1387 183 1441 214 ΙΙΙ.
1551 170 1656 223 [CAP.
1679 179 1755 207 LIX-

220 297 360 337 Jerome:
506 292 633 338 Super
678 303 757 338 quo
805 289 1059 337 Jeronymus:
1115 290 1240 334 Tu1'1c7·
1273 289 1405 338 inquit,
1459 290 1533 324 duo
1573 296 1683 325 eruut
1722 289 1757 324 in

160 332 308 402 Ψξζῐῑῆἶ
325 336 427 393 rtnvggnt
447 361 565 398 agro,
619 349 768 397 quaudo
824 348 968 384 scilicet
1019 356 1193 397 tempore
1249 347 1593 384 consummacionis
1647 354 1760 395 atque

163 402 289 464 tliemfieli)
314 401 432 463 eadndnat
447 406 579 442 iudicii
609 407 682 442 duo
716 406 751 441 in
785 419 886 456 agro
915 406 1069 455 pariter
1101 406 1356 451 invenientur,
1389 405 1548 441 eundem
1583 405 1759 440 habentes

223 472 272 498 the
294 470 368 498 mill.
448 465 618 500 lahorem
653 471 687 499 et
718 465 829 513 quasi
854 476 991 513 parem
1024 471 1242 510 sementem,
1276 464 1344 499 sed
1366 463 1547 510 fructum
1583 463 1758 499 laborum

448 535 520 558 uon
553 534 644 571 eque
676 522 911 571 recipientes.
958 522 1045 557 Due
1083 533 1228 570 quoque
1266 521 1449 557 molentes
1486 521 1601 556 simul
1632 526 1794 557 erzcnt:5

448 580 572 616 altera
605 587 825 616 assumetur
857 588 892 615 et
923 580 1048 615 altera
1089 580 1337 628 relinquetur.
1378 580 1419 613 Iu
1453 579 1599 614 duobus
1629 579 1694 627 qui
1724 578 1760 613 in

447 650 548 688 agro
581 645 875 674 commorantur
918 646 952 673 et
983 638 1019 673 in
1054 638 1200 673 duobus
1232 649 1301 686 que
1327 637 1483 686 pariter
1523 636 1670 672 molunt
1702 636 1763 671 vel

447 696 715 747 signagogam
750 696 969 746 intelligere
1001 696 1179 731 dehemus
1212 703 1248 731 et
1281 695 1479 731 ecclesiam
1514 695 1615 743 quod
1645 694 1762 730 simul

449 754 594 790 molere
628 754 833 790 videantur
876 754 911 789 in
945 754 1032 804 lege
1064 761 1098 789 et
1131 754 1177 789 de
1208 754 1349 789 eisdem
1382 752 1589 802 scripturis
1621 751 1762 788 sanctis

447 812 629 860 farinam
654 820 788 848 texere
814 819 1086 861 preceptorum
1109 811 1196 858 Dei,
1238 812 1297 846 vel
1328 818 1475 847 ceteras
1508 810 1661 846 hereses
1691 822 1762 860 que
1782 827 1819 847 10

448 877 515 906 aut
549 871 595 906 de
627 878 788 920 utroque
812 877 1036 906 testamento
1069 877 1134 905 aut
1167 869 1213 905 de
1244 869 1369 905 altero
1403 868 1583 904 videntur
1615 868 1762 904 molere

449 929 631 977 farinam
666 928 932 965 doctrinarum
982 940 1156 974 suarum,
1201 934 1235 963 et
1278 939 1362 963 cum
1407 939 1522 962 unum
1562 925 1764 962 christiani

450 986 610 1022 nominis
638 986 881 1036 propositum
927 986 1066 1022 liabent
1109 998 1180 1021 non
1215 986 1372 1021 eandem
1416 985 1628 1021 mercedem
1663 984 1758 1020 reci-

445 1045 552 1094 pient
584 1045 671 1080 aliis
714 1044 924 1093 assumptis
956 1051 991 1080 et
1028 1043 1115 1080 aliis
1148 1043 1353 1079 derelictis.
1395 1044 1477 1079 Hec
1509 1044 1758 1090 Jeronymus.

198 1108 264 1149 Tlre
285 1109 400 1147 cliui-ch
507 1102 674 1139 Videtur
718 1102 836 1139 istum
870 1111 1052 1138 sanctum
1099 1113 1246 1138 nomen
1280 1100 1487 1137 militantis
1521 1099 1686 1137 ecclesie
1718 1099 1758 1135 in
1782 1103 1818 1135 15

192 1144 400 1206 dfflsslveedfflgo
452 1162 551 1197 duas
583 1169 716 1209 partes
750 1160 938 1205 dividere,
977 1159 1130 1197 scilicet
1162 1158 1493 1207 contemplativos
1528 1166 1564 1194 et
1597 1157 1760 1204 activos,

183 1213 421 1276 ⁶⁰ssteeff1³figss{5‚ve
454 1228 490 1255 et
534 1218 574 1254 in
617 1228 790 1267 utroque
820 1219 1002 1255 membro
1050 1226 1141 1254 sunt
1174 1218 1319 1266 gradus
1362 1216 1614 1264 multiplices,
1668 1215 1762 1264 quia

454 1276 620 1325 quidam
672 1277 808 1314 vivunt
852 1276 1026 1313 finaliter
1069 1276 1289 1312 secundum
1339 1275 1518 1323 regulam
1565 1273 1762 1322 scripture

454 1348 579 1381 sacre,
632 1344 671 1371 et
703 1335 866 1383 quidam
912 1334 1125 1371 immiscent
1158 1333 1373 1382 ypocrisim
1406 1333 1465 1369 vel
1488 1341 1653 1381 peccata
1686 1331 1764 1368 alia

456 1393 585 1430 finalis
618 1392 917 1441 impenitencie,
968 1401 1004 1428 et
1037 1391 1157 1440 primi
1202 1400 1457 1428 assumentur
1501 1392 1548 1427 ad
1595 1389 1764 1427 beatitu-
1782 1403 1823 1424 20

457 1451 590 1487 dinem
636 1461 673 1487 et
706 1451 773 1488 alii
806 1452 855 1487 ad
889 1450 1225 1498 dampnacionem
1266 1457 1503 1498 perpetuam
1538 1447 1764 1497 relinquen-

457 1518 534 1547 tur.
584 1511 760 1558 Uterque
793 1517 928 1545 tamen
961 1517 1086 1545 status
1120 1517 1176 1544 est
1209 1507 1303 1545 satis
1336 1506 1549 1544 laudabilis
1583 1506 1614 1542 si
1648 1505 1765 1542 fuerit

457 1566 497 1604 in
529 1567 695 1604 veritate
727 1566 956 1615 evangelica
990 1575 1264 1605 consumatus·

515 1625 711 1674 Exprimit
763 1634 895 1662 autem
940 1624 1188 1672 evangelium
1234 1633 1382 1660 statum
1416 1624 1635 1659 secundum
1669 1621 1765 1658 acti-

456 1696 597 1720 vorum
631 1683 670 1719 in
703 1695 847 1732 genere
878 1682 1070 1719 feminino
1109 1684 1159 1718 ad
1193 1683 1463 1718 denotandum
1499 1682 1608 1728 quod
1640 1688 1765 1716 status
1783 1682 1821 1714 25

457 1742 522 1778 ille
567 1741 846 1790 imperfeccior
898 1750 954 1778 est
998 1740 1124 1789 priori
1168 1739 1275 1776 iuxta
1319 1739 1415 1775 illud
1456 1741 1561 1775 Luce
1592 1739 1638 1784 X,
1691 1750 1765 1783 41:

458 1800 633 1843 Martha,
677 1801 851 1845 ΛἈανῐΙτα,
898 1799 1062 1836 sollicita
1096 1811 1134 1834 es
1166 1805 1200 1834 et
1232 1798 1405 1834 turbaris
1447 1809 1544 1847 erga
1579 1796 1765 1845 plurima⁷

454 1870 578 1907 porro
624 1871 738 1893 umam
786 1865 841 1894 est
884 1857 1154 1895 necessarium.
1207 1856 1339 1891 ,Μανία
1392 1855 1574 1904 optimam
1610 1861 1765 1903 partem

458 1916 588 1966 elegit,
634 1928 703 1964 que
746 1928 818 1952 non
851 1916 1056 1964 auferetur
1087 1915 1133 1950 ab
1166 1926 1220 1950 ea.
1276 1913 1333 1950 Illi
1366 1921 1499 1949 autem
1533 1911 1601 1960 qui
1634 1910 1766 1960 quiete

459 1982 496 2009 et
528 1973 699 2010 iocunde
723 1973 917 2021 colligunt
948 1973 1066 2009 flores
1090 1971 1447 2019 contemplacionis
1472 1970 1659 2006 dicuntur
1683 1980 1766 2005 esse
1783 1972 1825 2005 30

458 2031 498 2067 in
548 2044 643 2079 agro
689 2031 885 2078 scripture
930 2040 1137 2078 tamquam
1175 2029 1340 2066 masculi
1385 2029 1426 2064 in
1459 2037 1572 2077 parte
1612 2026 1766 2075 optima

459 2088 639 2137 quietati.
674 2092 760 2126 Non
793 2091 905 2125 obest
939 2097 1073 2125 autem
1107 2089 1174 2124 sed
1209 2095 1403 2124 consonat
1442 2086 1663 2133 intelligere
1695 2096 1766 2132 per

459 2146 546 2183 illas
579 2149 677 2183 duas
723 2148 850 2183 molas
889 2148 1017 2194 legem
1049 2154 1223 2183 veterem
1256 2154 1298 2181 ut
1346 2145 1493 2180 molam
1540 2144 1694 2191 pigram
1730 2150 1766 2177 et

459 2205 586 2252 legem
621 2205 753 2253 gracie
786 2214 829 2240 ut
863 2205 1010 2241 molam
1041 2203 1289 2252 superiorem
1325 2202 1491 2238 celerius
1515 2201 1766 2238 circumduc-

459 2271 555 2298 tam.
589 2265 670 2299 Nec
703 2271 899 2310 repugnat
932 2262 1154 2309 intelligere
1177 2274 1248 2309 per
1280 2261 1367 2296 illas
1401 2262 1499 2296 duas
1523 2259 1663 2305 molas,
1697 2270 1766 2306 per
1783 2260 1823 2293 35

460 2321 608 2357 molam
654 2321 808 2369 pigram
844 2320 1074 2356 inferiorem
1110 2328 1257 2355 statum
1292 2319 1548 2354 sublunarem
1582 2317 1642 2353 vel
1675 2328 1766 2363 pro-

459 2378 691 2426 speritatem
729 2379 988 2425 mundanam,
1023 2387 1060 2413 et
1093 2390 1162 2425 per
1202 2377 1349 2412 molam
1391 2375 1639 2424 superiorem
1673 2386 1767 2410 con-

460 2436 751 2473 sideracionem
806 2437 854 2472 de
899 2444 1005 2472 statu
1037 2434 1296 2471 beatitudinis
1329 2446 1453 2482 *quem
1499 2432 1682 2469 homines
1725 2430 1766 2467 in

460 2494 589 2541 patria
622 2494 895 2542 possidebunt.
929 2495 1003 2530 Per
1035 2494 1105 2530 has
1128 2501 1261 2529 autem
1297 2493 1396 2528 duas
1420 2489 1767 2528 consideraciones

530 2673 549 2691 1.
571 2666 598 2691 A
620 2665 648 2691 iu
671 2672 783 2700 marg:
805 2665 997 2700 jeronymus.
1106 2672 1135 2696 4,
1156 2664 1180 2691 5.
1204 2664 1247 2690 A:
1267 2661 1408 2699 fructum
1433 2662 1573 2689 lat-orum
1598 2667 1659 2688 non
1681 2667 1768 2695 eque.

461 2707 505 2726 20.
527 2700 570 2726 A:
592 2702 775 2726 assumetur.
857 2698 897 2727 35<
920 2700 964 2726 A:
986 2699 1063 2725 duas
1085 2698 1179 2725 deest.

535 2805 560 2825 1.
599 2795 736 2826 Corum.
764 2795 795 2825 in
823 2794 940 2826 Matth.
969 2795 991 2825 Ι.
1018 2805 1044 2825 c.
1074 2804 1155 2835 pag.
1184 2804 1259 2824 200.
