1986 3289
196 170 276 218 264

225 397 442 432 chrysostom.

209 1449 276 1476 The
298 1447 416 1475 reward
437 1448 463 1475 is

222 1486 272 1511 the
294 1491 378 1510 same
398 1483 446 1510 for

200 1519 321 1554 priests,
338 1518 471 1545 deacons

211 1554 269 1580 and
291 1554 411 1588 laymen
433 1552 458 1578 if

206 1589 255 1615 the
275 1588 335 1615 will
359 1588 394 1614 be
414 1588 464 1614 the

286 1631 380 1650 same.

204 2258 307 2285 Friars
323 2256 380 2283 and
398 2257 476 2283 their

272 2292 410 2327 begging.

804 177 922 209 OPUS
948 176 1284 208 EVANGELICUM
1313 175 1396 207 LIB.
1423 175 1476 207 111.
1572 162 1680 216 [CAR
1701 171 1793 199 LXX.

486 283 634 333 fidelis,
663 295 781 333 super
809 284 929 319 multa
963 290 997 318 te
1029 283 1269 321 constituam.
1307 283 1414 318 Intra
1438 282 1473 318 in
1497 282 1685 332 gaudium
1715 282 1795 318 Do-

484 354 573 377 mmz
607 349 673 380 tut.

542 400 670 446 Super
702 411 782 446 quo
816 398 1108 435 Crisostomus:
1156 398 1208 432 Et
1248 397 1282 434 si
1312 397 1439 433 minor
1471 397 1506 432 in
1540 409 1668 446 opere,
1724 409 1796 433 non

484 457 611 492 minor
643 458 678 492 in
713 457 917 492 voluntate.
959 456 1097 492 Videns
1120 463 1246 492 autem
1281 455 1458 491 dominus
1481 456 1566 503 quia
1595 467 1708 491 servo
1741 455 1799 490 illi

484 526 556 550 uon
591 515 771 550 voluntas
803 514 993 563 operandi
1022 514 1150 549 minor
1173 513 1269 561 fuit,
1310 513 1379 549 sed
1412 513 1534 548 virtus
1556 512 1668 563 fidei,
1708 512 1830 548 nam5

485 579 520 608 et
552 572 617 607 ille
651 572 770 608 voluit
801 572 982 608 similiter
1020 571 1182 620 operari
1213 571 1380 619 amplius
1412 571 1480 606 sed
1512 570 1666 620 magnis
1699 571 1796 606 desi-

486 629 604 665 deriis
647 630 728 665 eius
771 642 843 665 uon
881 629 1029 678 suffecit
1068 629 1219 664 modica
1240 629 1366 678 fides:
1413 628 1496 663 ideo
1529 628 1648 664 iustus
1680 628 1800 663 iudex

484 687 556 722 etsi
586 699 657 723 non
701 687 841 723 similia
890 687 998 723 lucra
1032 687 1197 736 suscepit
1241 687 1287 721 ab
1320 686 1386 721 illo
1419 693 1600 734 quantum
1634 686 1679 721 ab
1712 686 1798 731 isto,

486 753 611 781 tamen
664 745 719 781 sic
751 745 1017 781 benevolencia
1050 745 1158 780 illum
1205 744 1371 793 suscepit
1408 744 1730 792 quemadmodum
1764 751 1799 779 et

486 804 612 848 istum,
646 803 733 851 quia
763 802 943 838 Christus
975 815 1047 838 uon
1081 802 1210 852 magis
1243 809 1516 838 remunerator
1548 809 1603 837 est
1635 813 1796 850 operum
1818 811 1857 832 10

485 873 597 910 quam
641 861 892 896 voluntatum.
942 861 1024 897 Nec
1050 867 1160 909 putet
1192 872 1289 910 ergo
1332 859 1405 895 sibi
1448 860 1568 895 laicus
1600 859 1685 907 quia
1720 859 1799 895 dia-

486 931 618 964 conus,
651 931 702 954 ex
733 931 775 955 eo
808 919 911 967 quod
942 919 1126 954 diaconus
1158 925 1225 964 est,
1258 918 1414 953 beacior
1446 925 1502 953 est
1533 930 1646 966 quam
1679 917 1801 953 laicus

485 977 694 1014 studiosus.
749 977 836 1012 Non
877 977 975 1012 enim
1009 976 1183 1027 dignitas
1215 976 1321 1025 apud
1349 973 1353 1027 Ι
1382 976 1509 1011 Deum
1543 975 1801 1011 honorabitur
1843 974 1911 1014 430

486 1035 555 1070 sed
577 1035 765 1070 voluntas.
800 1035 881 1070 Nec
905 1035 1066 1070 diacono
1099 1046 1138 1070 se
1161 1034 1377 1069 heaciorem
1402 1034 1510 1069 debet
1527 1040 1670 1082 putare
1687 1045 1800 1082 pres-

486 1093 603 1143 byter
633 1103 684 1128 ex
718 1104 760 1128 eo
801 1093 903 1140 quod
930 1093 1143 1144 presbyter
1173 1099 1240 1138 est,
1284 1103 1397 1140 quam
1441 1091 1477 1126 si
1509 1091 1640 1140 fuerit
1682 1091 1857 1128 bonus15

487 1150 623 1197 laicus,
656 1163 743 1186 nam
773 1151 928 1200 gradus
951 1149 1156 1186 ministerii
1176 1161 1226 1186 ex
1248 1150 1332 1186 Deo
1365 1156 1434 1195 est,
1462 1150 1640 1198 perfecta
1673 1156 1799 1185 autem

488 1208 665 1244 voluntas
697 1220 748 1244 ex
779 1208 898 1246 nobis.
939 1208 1156 1258 Propterea
1190 1220 1263 1244 non
1295 1219 1427 1243 sumus
1460 1207 1667 1252 iudicandi,
1715 1207 1800 1255 quia

489 1278 561 1301 non
583 1266 757 1313 fecimus
788 1267 890 1314 quod
918 1266 954 1301 in
983 1273 1100 1315 parte
1131 1273 1265 1302 nostra
1298 1278 1371 1301 non
1404 1272 1459 1301 est
1491 1272 1532 1300 ut
1562 1265 1704 1309 simus;
1733 1265 1802 1301 sed

489 1335 539 1360 ex
571 1336 612 1360 eo
644 1336 777 1360 sumus
809 1324 1018 1371 iudicandi,
1050 1323 1136 1372 quia
1169 1324 1205 1359 in
1239 1323 1345 1360 nobis
1377 1330 1432 1359 est
1458 1323 1640 1372 possibile
1671 1323 1706 1359 si
1737 1335 1800 1358 vo-

490 1382 628 1417 lumus.
664 1383 748 1418 Hec
782 1381 1065 1419 CrisostomuS.
1819 1395 1861 1417 ’.ὀ

546 1439 715 1475 Videtur
748 1439 868 1476 istum
914 1448 1099 1476 sanctum
1134 1439 1325 1476 reducere
1371 1439 1631 1487 equalitatem
1667 1438 1801 1475 meriti

490 1498 541 1532 ad
573 1497 711 1542 laicos,
759 1497 950 1534 diaconos
985 1507 1105 1545 atque
1137 1498 1405 1545 presbyteros,
1460 1497 1600 1533 saltem
1642 1496 1673 1533 si
1708 1509 1801 1533 con-

489 1555 638 1591 formes
671 1554 818 1591 fuerint
848 1556 1066 1599 voluntate,
1101 1555 1202 1592 sicut
1235 1555 1291 1591 illi
1322 1554 1361 1591 in
1393 1554 1596 1602 primitiva
1620 1554 1801 1599 ecclesia,

490 1612 582 1649 licet
617 1614 831 1650 modernos
871 1613 1109 1650 excesserint
1154 1613 1193 1649 in
1226 1612 1484 1649 multitudine
1517 1625 1801 1649 conversorum

491 1679 527 1706 et
558 1670 599 1706 in
631 1671 999 1719 exemplacionibus
1041 1673 1144 1707 bone
1176 1670 1274 1716 vite3
1322 1672 1430 1719 quod
1463 1670 1627 1719 quidam
1661 1678 1803 1707 notant
1819 1674 1859 1707 25

491 1740 561 1776 per
595 1741 797 1765 excessum
838 1729 1042 1766 dualitatis
1087 1728 1262 1778 quinarii
1295 1741 1414 1776 super
1448 1730 1541 1775 duo,
1594 1728 1626 1765 si
1666 1737 1803 1765 tamen

491 1799 584 1834 pars
616 1787 734 1823 fuerit
768 1788 808 1823 in
840 1787 1045 1824 voluntate
1078 1786 1224 1832 meriti,
1273 1786 1518 1823 racionabile
1551 1795 1607 1823 est
1641 1795 1678 1823 et
1711 1798 1804 1822 con-

490 1844 653 1880 veniens
703 1845 833 1881 divine
882 1844 1157 1881 misericordie
1201 1845 1308 1893 quod
1343 1844 1542 1893 equaliter
1574 1844 1651 1881 sint
1684 1843 1802 1881 beati.

494 1902 533 1939 Si
568 1911 703 1939 autem
738 1902 887 1939 invidia
926 1903 987 1939 vel
1021 1902 1220 1951 cupiditas
1253 1902 1493 1939 laboraverit
1526 1902 1567 1938 in
1600 1901 1803 1939 modernis

491 1960 738 2007 doctoribus,
772 1974 854 1997 non
880 1960 1024 1997 mirum
1049 1961 1080 1997 si
1104 1960 1308 2008 extinguat
1331 1960 1517 1996 meritum
1543 1969 1580 1996 et
1602 1959 1802 2008 premium
1820 1964 1861 1997 30

493 2027 799 2066 consequenter.
846 2018 941 2055 Iusti
976 2018 1081 2055 enim
1115 2020 1291 2066 gaudent
1337 2020 1384 2054 de
1419 2017 1677 2054 multitudine
1711 2030 1803 2054 con-

490 2089 697 2113 versorum
733 2085 770 2113 et
804 2085 957 2125 quanto
990 2077 1125 2124 plures
1159 2076 1320 2123 fuerint,
1355 2078 1403 2112 de
1436 2085 1549 2112 tanto
1575 2089 1664 2113 cum
1698 2075 1803 2123 pari-

492 2136 564 2170 bus
599 2134 725 2182 magis
758 2136 946 2182 gaudent.
982 2136 1071 2170 Non
1105 2134 1210 2170 enim
1245 2142 1420 2182 querunt
1454 2134 1612 2170 lucrum
1646 2142 1804 2182 tempo-

492 2193 572 2228 rale
606 2192 862 2239 singulariter
895 2205 917 2228 a
948 2191 1114 2240 singulis
1147 2205 1248 2240 quos
1281 2192 1513 2238 informant⁷
1556 2191 1659 2228 sicut
1693 2203 1803 2227 men-

493 2249 672 2286 dicantes
717 2250 881 2298 quidam
929 2258 1104 2298 querunt
1149 2252 1198 2286 ab
1246 2249 1448 2286 auditorio
1481 2262 1554 2285 suo
1587 2248 1802 2297 pecuniam
1821 2254 1858 2285 35

492 2320 537 2343 ac
571 2308 601 2343 si
635 2309 865 2355 pedagogus
899 2317 1083 2356 quereret
1117 2308 1360 2355 stipendium
1402 2320 1423 2343 a
1456 2307 1535 2343 suis
1569 2306 1802 2353 scolaribus,

492 2366 551 2401 vel
599 2366 869 2402 mercenarius
915 2375 1101 2413 quereret
1146 2365 1390 2413 stipendium
1436 2364 1804 2413 proporcionaliter

561 2555 586 2584 3.
608 2557 635 2583 A
657 2556 686 2583 in
710 2565 823 2590 marga
847 2556 1062 2584 Crz'sostomus.
1154 2565 1180 2591 7.
1201 2557 1245 2584 A:
1272 2557 1338 2584 eius
1367 2556 1460 2583 deest.
1554 2555 1580 2583 8.
1609 2556 1647 2583 B:
1676 2558 1801 2590 quanto.

494 2599 527 2618 ιι.
555 2593 598 2618 Α;
621 2599 699 2626 ergo
720 2592 814 2618 deest.
889 2599 990 2618 11—12.
1011 2593 1055 2618 A:
1076 2591 1226 2618 diaconus
1240 2591 1332 2618 deest.
1408 2598 1445 2618 12.
1468 2591 1511 2617 A:
1533 2594 1576 2617 est
1597 2592 1680 2617 deest
1701 2590 1804 2617 before

493 2627 624 2653 beacsor.
734 2634 774 2658 14.
799 2626 834 2652 ¹3:
857 2626 1006 2652 diaconus
1026 2626 1206 2653 heaciorem.
1305 2626 1341 2653 15.
1369 2626 1413 2652 A:
1442 2628 1485 2652 est
1506 2625 1598 2652 deest.
1700 2633 1740 2659 19.
1764 2625 1802 2651 B:

493 2662 575 2694 quod
593 2661 623 2687 in
645 2661 741 2687 nobis.
846 2667 885 2687 21.
907 2662 934 2687 A
956 2661 985 2687 in
1008 2669 1122 2694 marga
1150 2660 1316 2687 „Iohanne-9.
1433 2660 1472 2686 25.
1504 2660 1541 2686 Β.-
1563 2660 1801 2690 cxemrlacione.

493 2703 538 2729 27.
562 2695 697 2722 Rectius:
716 2694 960 2731 paresfuerint.
1052 2695 1097 2721 30.
1119 2696 1162 2721 A:
1184 2695 1358 2722 mentitum.
1450 2694 1485 2728 34
1518 2696 1560 2721 A:
1583 2703 1600 2721 a
1623 2695 1714 2720 deest.

566 2780 593 2810 3.
622 2778 687 2819 Op.
716 2779 800 2819 Imp.
829 2779 847 2809 1.
877 2789 903 2809 c.
932 2789 1006 2820 pag.
1035 2778 1112 2820 965.
