1986 3289
218 215 307 243 CAP-
323 206 420 259 VIII]
587 219 647 250 DE
675 219 990 251 ANTICHRISTO
1020 220 1103 251 LIB.
1130 220 1168 251 ll.
1738 223 1781 259 3¹
1803 223 1812 245 ¹

218 325 406 360 Nostrum
440 332 495 360 est
528 325 693 360 donante
724 324 806 373 ipso
840 325 1094 361 mim'sterizmz
1128 326 1305 361 caritatis
1337 334 1372 361 et
1405 326 1528 361 humi-

218 382 335 417 litatis
367 382 570 417 adhihere:
607 382 711 418 illius
742 390 798 418 est
831 384 1022 419 exaudire
1053 396 1098 419 ac
1130 396 1198 419 nos
1230 384 1275 418 ab
1309 384 1414 419 omni
1440 396 1529 432 pec-

217 447 389 475 catorum
435 440 762 476 contuminacione
809 442 997 476 mundare
1039 454 1113 489 per
1165 441 1362 477 Christum
1409 449 1442 477 et
1495 442 1530 476 in

223 497 392 541 Christo,
428 504 467 532 ut
499 498 601 545 quod
631 498 718 533 aliis
751 498 869 533 eciam
906 499 1135 534 dimittimus
1158 499 1229 534 hoc
1261 507 1328 545 est,
1363 499 1398 533 in
1422 506 1529 534 leri-u

186 555 413 598 550l211‘nnts,
446 556 621 590 solvatur
653 556 688 591 in
721 556 815 592 celo.
850 558 932 592 Hec
964 556 1223 604 Augustinus.

722 738 857 779 CAP.
889 739 1021 779 VIII.

275 835 328 868 Ex
372 832 457 869 istis
505 842 614 880 patet
658 835 765 881 quod
800 842 857 869 est
891 833 1042 869 infideli
1078 834 1253 870 deterior
1298 835 1364 883 qui
1410 844 1528 883 negat
1578 839 1717 880 his-the
1738 846 1784 868 act

217 892 324 938 quod
348 893 423 927 hoc
445 891 593 927 factum
620 891 767 927 Christi
802 891 850 928 sit
874 892 1100 939 exemplum
1127 892 1294 928 ecclesie
1330 902 1526 929 annotan-
1552 875 1762 945 otgpnglnpssdaetl
1784 880 1813 902 to

215 950 323 985 dum.
369 948 495 985 Aliter
528 949 632 985 enim
667 949 847 985 Christus
894 962 1100 997 nunquam
1146 959 1325 998 surgeret
1370 953 1418 987 ab
1452 951 1528 987 ista
1555 943 1799 1014 iglfflsg'ssasseffl

164 1026 200 1046 10
216 1019 314 1042 cena
366 1006 564 1054 solempni
623 1016 660 1043 et
713 1008 931 1055 deponeret
991 1008 1241 1053 vestimenta,
1310 1017 1351 1044 ut
1417 1017 1526 1057 puta,
1624 1013 1672 1040 for
1693 1022 1738 1040 us-

214 1064 406 1110 tunicam,
441 1073 478 1100 et
510 1064 761 1112 precingeret
794 1077 833 1100 se
866 1065 1019 1101 lintheo
1053 1074 1089 1101 et
1120 1066 1273 1102 lavaret
1296 1067 1416 1113 pedes
1450 1066 1528 1102 dis-

214 1121 354 1169 cipulis
387 1119 433 1157 in'
457 1123 530 1158 hac
562 1123 706 1172 forma7
739 1135 812 1159 nec
846 1132 903 1159 est
934 1122 1040 1158 fideli
1073 1123 1248 1170 suspicio
1272 1124 1331 1160 vel
1354 1124 1528 1160 scintilla

215 1180 417 1216 evidencie
451 1182 558 1228 quod
592 1180 773 1216 Christus
818 1181 881 1216 hic
930 1180 1110 1228 loquitur
1142 1191 1390 1228 arroganter,
1438 1194 1525 1218 cum

91 1244 176 1287 43⁷4‘l
214 1237 263 1273 sit
295 1237 538 1285 principium
585 1238 676 1274 fidei
725 1240 834 1286 quod
868 1238 1048 1275 Christus
1093 1239 1142 1275 sit
1174 1251 1289 1275 verus
1318 1236 1322 1292 l
1353 1242 1457 1275 Deus
1491 1248 1528 1275 et

163 1305 328 1337 15verus
374 1297 493 1331 homo
539 1305 575 1331 et
608 1308 678 1343 per
711 1309 959 1344 consequens
998 1296 1203 1344 superbire
1252 1310 1333 1333 non
1380 1297 1527 1345 poterit

212 1353 272 1389 vel
305 1365 491 1401 peccare;
525 1366 661 1389 verum
686 1353 806 1401 igitur
830 1363 886 1390 est
919 1355 1026 1403 quod
1051 1354 1223 1402 apostoli
1253 1355 1309 1391 sic
1331 1364 1528 1391 vocarunt

214 1410 436 1448 Christum:
472 1413 504 1447 O
541 1411 729 1459 magister
762 1421 797 1448 et
822 1412 998 1455 domine,
1033 1425 1122 1448 cum
1153 1413 1455 1449 antonomatice
1479 1413 1528 1449 sit

212 1478 443 1517 utrumque.
479 1471 532 1504 Ex
556 1482 635 1517 quo
658 1479 842 1517 patenter
875 1471 1010 1506 fideles
1046 1470 1276 1507 conviciunt
1311 1472 1418 1519 quod
1452 1470 1527 1519 ipsi

213 1527 356 1562 debent
388 1527 520 1564 lavare
544 1527 747 1574 reciproce
771 1529 890 1575 pedes
912 1541 1017 1573 suos,
1052 1541 1141 1564 cum
1169 1529 1357 1565 dominus
1388 1528 1527 1564 mundi

157 1604 197 1624 20
213 1584 381 1632 exempli
414 1585 547 1632 gracia
581 1585 634 1620 ita
667 1584 773 1621 fecit.

271 1644 316 1677 Et
365 1655 407 1678 ex
455 1642 530 1679 isto
575 1643 711 1678 fideles
744 1645 920 1679 secundo
958 1644 1121 1680 eliciunt
1166 1645 1274 1692 quod
1320 1643 1525 1679 christiani

211 1699 353 1747 singuli
389 1701 532 1736 debent
566 1700 767 1736 Christum
792 1701 832 1737 in
864 1701 1041 1738 moribus
1065 1710 1101 1738 et
1126 1701 1352 1749 specialiter
1385 1701 1423 1737 in
1447 1713 1526 1737 ser-

210 1756 334 1794 vitute
367 1758 507 1793 humili
541 1758 705 1803 imitari,
752 1771 841 1794 cum
876 1760 1063 1806 magister
1099 1759 1276 1807 optimus
1322 1759 1385 1795 hic
1418 1759 1524 1795 dicat

211 1817 318 1862 quod
351 1816 426 1852 hoc
471 1816 561 1852 fecit
605 1818 653 1852 ad
689 1818 995 1864 exemplandum
1029 1817 1108 1853 suis
1143 1817 1339 1860 fidelibus,
1374 1825 1416 1852 ut
1449 1816 1524 1864 ipsi

155 1873 417 1921 251·eciproce
451 1873 506 1910 sic
539 1874 702 1910 faciant.

266 1933 320 1966 Ex
364 1944 443 1979 quo
491 1940 600 1979 patet
645 1933 753 1980 quod
786 1933 835 1968 ad
883 1945 1040 1968 sensum
1078 1932 1280 1968 misticum
1315 1931 1522 1968 christiani
1574 1934 1728 1996 washing
1748 1937 1782 1984 qs

211 1990 354 2025 debent
386 1990 517 2026 lavare
550 1989 752 2037 reciproce
786 2003 879 2026 suos
912 1992 1050 2037 pedes;
1098 1999 1134 2025 et
1182 1991 1256 2026 hoc
1290 1991 1406 2026 docet
1438 2002 1523 2026 ver-
1564 1975 1782 2039 heiffifflgegffgh

211 2048 302 2082 bum
338 2047 501 2083 Domini
532 2049 692 2096 quando
726 2047 839 2084 dicit:
874 2049 922 2084 Et
949 2061 1018 2084 vos
1052 2048 1203 2084 debetis
1236 2049 1336 2084 alter
1359 2048 1521 2084 alterius
1544 2039 1806 2101 ((ζᾟζῗᾈιξξςῇἓζᾞζ5

210 2105 342 2140 lavare
386 2106 519 2153 pedeS.
579 2105 619 2142 Si
670 2114 804 2142 autem
851 2105 1023 2153 apostoli
1071 2105 1138 2154 qui
1184 2114 1297 2142 erant
1336 2105 1521 2153 discipuli

155 2172 195 2204 30
211 2161 356 2198 Christi
401 2162 638 2210 dignissimi,
673 2165 747 2199 hoc
786 2165 983 2199 docebant
1017 2164 1221 2211 quomodo
1255 2172 1421 2211 possunt
1465 2163 1521 2198 in-

209 2219 374 2256 feriores
407 2220 490 2256 eius
524 2220 709 2268 discipuli
743 2222 790 2257 ab
824 2223 899 2257 hoc
934 2221 1157 2257 ministerio
1191 2221 1384 2259 excusari.
1433 2223 1522 2257 Non

211 2286 343 2313 autem
379 2278 562 2326 concipio
596 2280 703 2326 quod
728 2279 908 2314 Christus
944 2279 1006 2314 hic
1040 2280 1205 2315 mandat
1228 2280 1287 2315 vel
1317 2279 1520 2327 apostolos

210 2336 269 2371 vel
301 2345 512 2383 sequentes
558 2336 775 2384 discipulos
809 2337 942 2373 lavare
974 2336 1213 2384 generaliter
1245 2337 1449 2384 reciproce
1484 2345 1520 2372 ct

210 2394 471 2441 corporaliter
486 2407 577 2430 suos
601 2395 734 2442 pedes,
751 2396 820 2430 sed
838 2394 994 2430 mistice
1017 2396 1125 2442 quod
1148 2394 1293 2440 singuli
1314 2394 1519 2430 christiani

153 2450 343 2487 35iuvent
377 2460 529 2488 ceteros
569 2452 733 2488 ecclesie
766 2454 815 2488 ad
848 2452 1084 2488 affecciones
1129 2452 1261 2488 anime
1301 2464 1521 2500 expurgan-

210 2509 303 2543 dum
358 2518 394 2545 et
445 2522 525 2545 non
577 2509 765 2546 omittant
809 2519 1167 2558 quantumcunque
1213 2510 1361 2545 humile
1407 2510 1521 2545 mini-

208 2566 372 2602 steriun]
406 2567 499 2602 dum
534 2567 718 2615 congruit
751 2569 799 2603 ad
835 2567 938 2603 istud
974 2567 1159 2603 effectum
1197 2567 1438 2603 faciendum.
1473 2569 1521 2602 Et

278 2792 301 2820 5.
329 2794 373 2819 A:
399 2793 570 2820 solvantur.
708 2794 747 2821 18.
775 2795 803 2820 A
831 2794 860 2820 iu
883 2801 995 2827 marg:
1021 2802 1042 2819 l.
1170 2801 1209 2819 21.
1240 2794 1267 2819 Α
1289 2793 1318 2819 in
1344 2802 1456 2828 marg:
1488 2800 1514 2820 2.

209 2825 251 2853 35.
272 2828 314 2853 A:
337 2827 525 2862 effecct'ones.
