1986 3289
194 1149 309 1176 Lcsson
331 1157 364 1175 as
384 1152 415 1175 to

253 1183 353 1210 oathS.

265 1913 354 1941 ‘This

215 1948 404 1983 generation'

190 1983 327 2010 includes
348 1982 422 2010 both

209 2017 412 2051 predestinata

182 2053 239 2079 and
263 2053 433 2087 reprobate.

760 182 878 214 opus
904 183 1241 214 EVANGELICUM
1270 183 1353 215 [ΑΒ.
1380 184 1433 214 111.
1538 172 1644 226 [CAP.
1666 182 1757 209 μνη.

508 288 675 324 Videtur
728 288 847 324 istum
894 297 1076 324 sanctum
1123 297 1349 325 reverenter
1392 302 1597 338 exponere·
1640 291 1760 327 verba

453 346 681 394 evangelica
704 354 741 382 et
774 358 867 382 sane
898 346 1064 382 innuere
1095 348 1215 395 quod,
1250 346 1352 383 sicut
1385 360 1464 384 non
1498 356 1555 384 est
1587 347 1670 384 iota
1699 349 1759 384 vel

453 416 551 452 apex
593 403 633 439 in
679 403 883 451 evangelio
923 403 1006 440 sine
1039 404 1238 452 probabili
1272 404 1445 451 racione,
1493 405 1548 441 sic
1591 419 1672 442 non
1704 415 1762 442 est

452 461 615 497 omissio
661 461 899 509 cuiusquam
933 461 1041 497 verbi
1075 463 1134 498 vel
1179 462 1311 510 operis
1344 463 1426 499 sine
1459 463 1629 499 notabili
1662 463 1761 500 raci-

452 531 540 555 one.
574 521 622 555 Et
655 531 774 566 super
803 519 879 555 isto
913 519 1113 567 principio
1147 519 1239 556 fidei
1269 520 1466 557 laboravit
1497 520 1569 557 iste
1602 530 1762 558 sanctus

454 590 542 613 cum
589 576 676 612 aliis
721 576 905 613 fidelibus
946 577 1076 625 ipsum
1112 578 1382 627 sequentibus,
1428 578 1598 615 dicendo
1638 591 1762 627 quare

454 634 635 671 Christus
670 636 718 671 de
751 634 829 670 ficu
862 643 899 671 et
932 643 1056 671 estate
1090 635 1258 671 inseruit
1291 648 1403 672 suam
1437 637 1687 684 parabolam.
1720 638 1763 672 In

454 701 579 729 estate
612 692 774 740 quidem
809 693 961 729 fructus
994 701 1098 729 terre
1127 693 1384 730 nascencium
1420 703 1694 731 maturescunt
1727 703 1763 731 et

453 760 558 787 terra
613 759 670 787 est
701 749 837 786 viridis
882 759 919 787 et
952 750 1110 796 florida,
1157 764 1227 799 per
1260 753 1369 799 quod
1413 751 1594 800 signatur
1639 761 1764 789 status

454 808 581 856 patrie
628 807 666 844 in
701 807 837 845 beatis.
886 810 934 844 Et
978 817 1143 856 propter
1176 810 1277 845 hanc
1316 808 1520 846 racionem
1556 818 1667 846 notat
1700 810 1764 846 hic

454 874 614 902 sanctus
654 878 778 913 quare
812 865 992 902 Christus
1026 866 1216 903 dicendo:
1262 867 1381 903 Amen
1417 868 1501 903 dico
1535 867 1639 904 vobis
1670 868 1765 905 facit

455 923 701 960 racionabile
734 923 1027 967 iuramentum3
1081 924 1308 961 namrsicut
1352 926 1402 961 ad
1436 926 1613 961 dandum
1648 925 1764 962 certi-

455 980 635 1017 tudinem
669 981 890 1017 notabilem
925 984 973 1017 de
1006 994 1077 1017 sua
1110 982 1311 1019 sentencia
1346 982 1527 1019 Christus
1559 982 1614 1019 sic
1647 983 1764 1029 iurat,

455 1039 511 1075 sic
555 1038 595 1074 in
641 1040 847 1087 evangelio
891 1039 1084 1076 Johannis
1136 1048 1178 1075 ut
1231 1040 1367 1076 fideles
1412 1040 1638 1088 intelligant
1683 1041 1766 1077 eius

456 1105 643 1133 naturam
678 1096 879 1145 duplicem
932 1097 1108 1145 geminat
1153 1098 1386 1144 regulariter
1425 1100 1588 1135 verbum
1629 1099 1764 1138 Amen.

515 1156 562 1190 Et
596 1166 639 1190 ex
673 1154 748 1191 isto
797 1154 932 1191 fideles
966 1155 1129 1192 eliciunt
1169 1155 1242 1191 sibi
1276 1157 1468 1204 regulam,
1523 1158 1684 1204 quando
1730 1165 1767 1193 et

457 1212 628 1260 qualiter
662 1221 719 1249 est
752 1213 981 1249 iurandum.
1017 1215 1116 1250 Cum
1144 1213 1249 1250 enirn
1282 1215 1435 1250 nullum
1460 1216 1625 1251 verbum
1659 1227 1767 1251 crea-

456 1270 553 1306 toris
593 1271 710 1307 debet
755 1283 838 1307 esse
882 1270 1077 1316 ociosum,
1117 1284 1198 1307 non
1237 1273 1353 1308 debet
1387 1271 1518 1308 dicere
1563 1272 1623 1308 vel
1666 1280 1768 1308 certe

456 1328 517 1364 vel
549 1335 603 1364 est
655 1329 706 1363 ita
750 1329 811 1365 vel
856 1329 902 1364 de
933 1329 1048 1377 facto
1087 1342 1176 1365 cum
1216 1329 1344 1366 verbis
1383 1330 1468 1366 aliis
1519 1330 1667 1377 putatis
1700 1342 1768 1366 sue

458 1385 673 1432 sentencie,
706 1386 781 1422 nisi
815 1388 977 1434 quando
1012 1396 1069 1422 est
1102 1389 1280 1424 notanda
1304 1387 1413 1424 racio
1448 1400 1518 1423 cur
1551 1387 1607 1424 sic
1639 1396 1765 1436 putat.

458 1445 551 1480 Ideo
586 1445 836 1480 consuetudo
877 1443 1172 1480 irracionabilis
1210 1445 1249 1480 in
1282 1445 1366 1481 istis
1399 1445 1679 1482 locucionibus
1712 1454 1769 1481 est

458 1502 654 1546 tollenda3
700 1503 863 1549 quando
909 1511 1041 1538 autem
1077 1501 1247 1538 dicimus
1288 1503 1533 1539 sentenciam
1567 1503 1769 1540 auditorio

459 1560 734 1595 annotandum
782 1568 818 1595 et
863 1559 1125 1608 supponimus
1173 1562 1368 1608 quosdam
1417 1562 1463 1596 de
1509 1561 1595 1608 ipso
1644 1561 1769 1597 ambi-

459 1625 594 1664 gentes
629 1617 841 1653 certificari
874 1630 944 1665 per
977 1618 1075 1654 tales
1099 1617 1362 1664 adiecciones,
1397 1627 1491 1654 tunc
1524 1618 1676 1655 licitum
1712 1628 1768 1655 est

458 1674 574 1710 nobis
608 1677 867 1711 moderanter
899 1675 1056 1711 adicere
1088 1676 1147 1712 vel
1180 1675 1324 1713 iurare.

519 1734 566 1768 Et
600 1731 662 1768 hic
696 1733 907 1769 laudamus
932 1735 1057 1769 Deum
1093 1734 1199 1781 quod
1234 1742 1355 1770 restat
1377 1733 1493 1769 nobis
1516 1734 1578 1770 via
1611 1734 1768 1771 dicendi

461 1802 585 1837 quare
609 1790 791 1826 Christus
814 1790 1022 1827 inferendo
1054 1792 1173 1827 verba
1197 1791 1442 1839 evangelica:
1476 1792 1564 1828 Hoc
1595 1800 1650 1828 est
1681 1804 1767 1828 cor-

456 1860 531 1897 pus
553 1859 691 1895 meum,
725 1848 785 1884 lzic
807 1855 862 1884 est
883 1849 1044 1899 sanguis
1066 1861 1172 1885 meus
1194 1858 1417 1885 servaverat
1440 1849 1556 1886 istam
1582 1850 1766 1886 formam.

519 1906 704 1942 Secundo
752 1907 976 1942 notandum
1022 1915 1079 1942 est
1126 1919 1168 1943 ex
1212 1907 1343 1943 verbis
1378 1907 1615 1944 Crisostomi
1661 1909 1769 1956 quod

461 1963 668 2010 probabile
720 1963 876 2000 videtur
921 1964 1121 2001 Christum
1168 1964 1374 2001 intendere
1413 1966 1520 2013 quod
1563 1966 1770 2016 generacio

462 2021 529 2057 lzec
561 2021 730 2057 includit
760 2030 840 2057 tam
863 2022 1074 2058 salvandos
1108 2035 1228 2070 quam
1263 2024 1541 2070 dampnandos
1575 2036 1597 2059 a
1631 2023 1769 2059 mundi

462 2078 661 2127 principio
694 2091 820 2127 usque
853 2080 902 2115 ad
937 2080 1055 2116 finem
1086 2080 1208 2116 seculi
1243 2082 1469 2127 duraturos,
1503 2090 1540 2117 et
1573 2093 1662 2117 cum
1694 2082 1769 2117 hoc

462 2135 706 2172 adiutorium
753 2138 949 2173 bonorum
996 2138 1228 2185 angelorum
1262 2138 1489 2174 iuvancium
1524 2147 1560 2175 et
1593 2151 1769 2186 pugnam

463 2193 715 2231 diabolorum
768 2203 926 2231 sanctos
975 2195 1282 2232 exercitancium
1321 2218 1376 2222 ——
1422 2209 1516 2232 nam
1560 2196 1634 2233 ista
1678 2205 1769 2232 sunt

462 2252 687 2288 necessaria
722 2252 866 2299 media,
901 2261 942 2288 ut
976 2253 1112 2289 omnia
1144 2254 1221 2290 sint
1254 2255 1473 2290 secundum
1497 2253 1645 2290 Christi
1677 2266 1768 2302 pro—

462 2309 637 2357 positum
672 2319 926 2346 consumata:
962 2320 998 2346 et
1021 2311 1076 2347 sic
1109 2311 1340 2347 notabiliter
1372 2312 1468 2348 dicit
1500 2312 1564 2348 hic
1595 2320 1768 2358 sanctus,

464 2369 571 2415 quod
605 2368 645 2403 in
679 2367 871 2404 creaturis
910 2368 1098 2405 subiectis
1137 2368 1304 2405 vanitati
1338 2378 1394 2405 est
1425 2369 1631 2415 transitus,
1676 2369 1770 2418 quia

464 2425 663 2461 successio
697 2439 718 2462 a
750 2425 944 2473 preterito
978 2426 1017 2462 in
1050 2427 1242 2472 futurum,
1282 2427 1322 2463 in
1354 2427 1483 2463 verbis
1517 2436 1648 2463 autern
1673 2427 1768 2473 .Dei‚

465 2483 539 2519 hoc
573 2492 641 2529 est,
689 2483 729 2519 in
774 2496 845 2519 sua
889 2484 1092 2520 sentencia
1124 2497 1203 2520 non
1243 2493 1299 2521 est
1331 2484 1505 2521 variacio
1538 2483 1768 2521 huiusmodi

1780 522 1795 554 5

1785 821 1822 842 10

1787 1099 1823 1131 15

1785 1397 1826 1419 20

1786 1676 1825 1707 25

464 2540 718 2588 assignanda,
753 2541 844 2589 quia
879 2554 968 2577 cum
1009 2542 1239 2578 eternaliter
1272 2541 1366 2578 dicit
1392 2551 1536 2579 cuncta
1568 2555 1644 2591 que
1678 2550 1769 2579 sunt
1783 2556 1828 2587 40

540 2791 586 2811 ιι.
616 2780 732 2811 Manli.
759 2782 876 2820 XXIV,
906 2784 957 2819 31.
