1986 3289
137 221 207 247 {02

201 1082 338 1109 Jerome:

189 1440 312 1474 Danger
333 1438 367 1465 of

164 1475 326 1509 indulging
339 1473 375 1512 'in

185 1513 360 1547 prognosti-

212 1548 341 1571 canons.

172 2190 395 2225 chrysostom:

165 2225 300 2260 Enquiry
320 2233 353 2251 as
374 2228 404 2251 to

164 2261 213 2286 ilic
235 2260 289 2286 last
309 2259 412 2293 things

167 2294 355 2329 concerning
377 2302 421 2320 us.

732 216 850 248 opus
876 215 1211 247 EVANGELICUM
1242 215 1323 245 Lm.
1352 215 1403 245 111.
1470 203 1575 256 [cAr.
1598 211 1734 239 xxvm.

422 323 672 371 prestancior
725 334 895 369 corpore
953 321 1145 368 organico
1198 322 1306 369 quod
1367 320 1497 368 ipsum
1551 320 1735 368 spiritum

421 380 709 427 amministrat;
744 389 780 416 et
815 392 857 416 ex
891 379 968 415 fide
992 381 1097 415 Deus
1132 387 1188 414 est
1220 378 1386 426 spiritus
1411 377 1478 426 qui
1510 386 1566 414 est
1597 377 1737 414 melior

422 439 515 487 quia
548 438 766 475 fabricator
798 437 925 474 tocius
958 437 1074 472 huius
1108 436 1247 472 mundi
1280 435 1490 474 sensibilis.
1526 436 1737 472 Discamus

421 509 515 545 ergo
549 509 686 533 amare
726 496 815 544 plus
850 495 1019 531 meliora
1053 508 1175 543 quam
1208 494 1283 531 ista
1317 494 1546 542 corporalia
1579 493 1736 542 peiora,

421 563 458 592 et
481 563 576 591 tunc
599 567 681 591 non
705 554 826 590 nimis
849 554 1170 590 adulteraremur
1202 565 1290 588 cum
1316 551 1502 598 basilicis,
1538 551 1737 599 domibus,
1756 555 1771 586 5

420 612 675 661 ymaginibus
710 621 747 649 et
779 611 973 649 fenestris,

876 759 1016 800 CAP.
1048 758 1286 800 XXVIII.

480 856 670 905 Sequitur
702 855 742 891 in
781 863 890 892 textu
930 853 1144 902 evangelii:
1185 855 1348 890 Sedente
1387 862 1512 889 autem
1554 867 1595 890 eo
1626 867 1742 904 super

423 921 587 951 montem
627 914 770 950 Oliveti
805 921 1049 949 accesserunt
1085 913 1137 948 ad
1168 924 1251 948 eum
1286 912 1463 961 discipuli
1492 920 1652 959 secreto,
1686 913 1742 948 di-

423 980 569 1009 centes:
600 972 676 1008 Dic
708 972 815 1008 nohis
847 972 999 1020 quando
1033 971 1101 1006 lzec
1133 978 1265 1015 erunt,·
1295 971 1397 1019 quod
1428 977 1554 1005 autem
1586 970 1739 1021 signum
1764 986 1801 1006 10

423 1031 496 1066 erit
529 1031 717 1066 adventus
760 1029 816 1065 tui
857 1037 892 1065 et
936 1028 1280 1065 consummacionis
1325 1028 1455 1064 seculi.
1502 1029 1630 1076 Super
1663 1041 1742 1076 quo

423 1091 674 1135 Jeronymus.
722 1087 829 1123 Sedit
874 1088 909 1123 in
954 1094 1083 1127 monte
1120 1086 1271 1132 Oliveti,
1317 1086 1380 1121 ubi
1430 1086 1555 1122 lumen
1608 1099 1741 1122 verum

422 1146 582 1183 sciencie
619 1146 863 1192 nascebatur,
902 1152 937 1181 et
975 1145 1159 1181 accedunt
1191 1144 1243 1179 ad
1274 1156 1357 1179 eum
1393 1144 1569 1193 discipuli
1598 1152 1742 1180 secreto

425 1205 489 1254 qui
525 1204 698 1240 misteria
726 1205 964 1252 futurorum
1004 1210 1040 1239 et
1079 1202 1356 1238 revelacionem
1397 1214 1507 1238 nosse
1546 1202 1743 1251 cupiebant

426 1270 460 1299 et
505 1262 754 1313 interrogant
792 1261 882 1308 tria,
928 1273 999 1309 quo
1039 1268 1210 1309 tempore
1246 1260 1462 1295 Jerusalem
1509 1260 1799 1296 destrzcenda15

424 1328 533 1367 esset,
579 1332 651 1368 quo
692 1326 876 1356 venturus
913 1318 1104 1365 Christus,
1149 1330 1221 1366 quo
1260 1318 1503 1354 consumacio
1541 1318 1662 1354 seculi
1697 1318 1744 1354 sit

429 1380 588 1428 futura.
625 1379 709 1414 Hec
741 1378 993 1424 JeronymuS.

482 1435 652 1472 Videtur
703 1435 824 1471 istum
877 1442 1062 1471 sanctum
1116 1433 1282 1469 innuere
1336 1434 1443 1481 quod
1496 1432 1744 1481 predicando

429 1494 579 1542 populo
625 1494 760 1529 futura
808 1501 899 1528 sunt
946 1505 1035 1528 cum
1077 1491 1298 1539 prudencia
1341 1492 1605 1541 moderanda,
1652 1490 1745 1539 quia

428 1552 484 1588 sic
518 1551 609 1588 fecit
640 1552 830 1599 magister
853 1550 1031 1598 optimus
1062 1549 1102 1585 in
1125 1549 1200 1585 hiis
1223 1549 1364 1585 tribus.
1399 1550 1514 1585 Unde
1537 1557 1745 1585 narrantes
1763 1564 1804 1584 20

429 1618 593 1649 eventus
638 1609 716 1645 diei
755 1608 894 1645 iudicii
935 1617 971 1644 et
1011 1608 1143 1643 futura
1183 1620 1225 1643 ex
1264 1606 1612 1655 prenosticacione
1654 1619 1747 1643 con-

429 1667 708 1704 stellacionum
733 1679 826 1715 sepe
846 1666 1051 1714 decipiunt
1073 1678 1114 1702 se
1137 1665 1244 1713 ipsos
1268 1674 1304 1701 et
1327 1666 1542 1714 populum3
1576 1678 1616 1701 se
1639 1656 1747 1713 ipsos

430 1725 592 1774 quidem
638 1724 732 1773 quia
776 1724 1095 1773 prenosticantes
1140 1723 1372 1771 ambiguum
1414 1725 1522 1771 quod
1561 1723 1747 1771 ignorant

430 1792 594 1832 propter
639 1782 801 1819 inanem
849 1782 1017 1830 gloriam
1060 1781 1191 1817 divine
1235 1781 1406 1818 sciencie
1446 1781 1486 1817 in
1527 1780 1747 1818 mendaciis

431 1840 781 1877 inhonorabilibus
833 1853 873 1876 se
917 1840 1138 1885 involvunt,
1191 1848 1227 1875 et
1266 1839 1322 1876 sic
1372 1840 1529 1876 lucrum
1582 1843 1803 1888 propter25

432 1901 541 1948 quod
575 1898 850 1947 prenosticant
882 1898 979 1934 talia
1011 1910 1104 1946 sepe
1136 1899 1330 1945 perdunt3
1365 1906 1401 1933 et
1434 1897 1559 1934 tercio
1593 1906 1744 1934 certum

434 1966 491 1994 est
515 1958 623 2005 quod
647 1964 924 2004 presumentes
955 1968 997 1992 ex
1027 1955 1237 1992 luciferina
1271 1955 1459 2003 superbia
1493 1955 1748 1992 committere

434 2015 509 2051 ista
544 2014 769 2061 mendacia,
808 2016 982 2062 perdunt
1016 2013 1195 2062 graciam
1230 2022 1267 2049 et
1306 2013 1526 2061 adquirunt
1565 2013 1748 2061 indigna-

435 2073 590 2109 cionem
638 2072 878 2121 culpabilem
926 2072 997 2108 Dei
1043 2071 1115 2109 sui.
1164 2072 1387 2107 Caveamus
1432 2084 1527 2119 ergo
1572 2073 1620 2108 ab
1665 2071 1749 2108 istis

437 2130 670 2177 mendaciis,
705 2130 736 2167 si
770 2131 955 2167 volumus
988 2130 1154 2178 diligere
1186 2129 1409 2168 veritatem.
1767 2135 1808 2166 30

495 2188 765 2225 Crisostomus
816 2197 948 2225 autem
1002 2188 1057 2224 sic
1110 2187 1288 2236 loquitur
1333 2188 1382 2223 acl
1428 2187 1749 2223 declaracionem

437 2246 638 2283 sentencie
676 2246 792 2282 huius
832 2255 978 2283 textus:
1023 2246 1075 2281 Et
1108 2246 1297 2294 quomodo
1335 2245 1402 2281 hec
1441 2252 1565 2292 erunt,
1606 2252 1645 2280 ut
1678 2257 1750 2280 non

435 2313 509 2341 stet
549 2305 585 2341 in
618 2306 760 2354 templo
800 2305 898 2354 Iapis
935 2316 1052 2353 super
1091 2304 1271 2353 lapidem,
1316 2303 1412 2339 sicut
1445 2303 1556 2342 dixit.
1602 2302 1653 2337 Et
1686 2303 1751 2338 ad-

439 2364 581 2399 ducunt
614 2362 989 2413 interrogacionibus
1020 2362 1100 2398 suis
1132 2369 1167 2397 et
1199 2362 1381 2407 alterum,
1417 2368 1455 2396 ztt
1487 2361 1677 2411 significet
1700 2361 1752 2396 eis

437 2421 555 2457 eciam
589 2420 855 2470 seculifinem,
890 2420 996 2456 cuius
1024 2420 1202 2455 Christus
1231 2432 1303 2455 non
1315 2420 1475 2468 fecerat
1505 2419 1749 2454 mencionem.
1769 2423 1808 2456 35

509 2609 540 2627 11.
570 2602 613 2627 A:
640 2608 733 2634 super
758 2600 930 2634 quomodo;
960 2601 987 2626 A
1015 2600 1044 2627 in
1072 2608 1185 2634 marg:
1213 2602 1408 2635 «leronymus,
1501 2607 1541 2632 14.
1574 2599 1619 2625 A:
1651 2606 1753 2625 nosce.

440 2635 479 2662 18.
502 2636 529 2662 A
550 2635 579 2662 in
603 2643 715 2668 marg:
737 2636 907 2662 Jolzannes.
999 2642 1044 2661 20.
1068 2637 1094 2660 A
1115 2635 1144 2661 in
1169 2642 1282 2668 marga
1304 2643 1326 2661 1.
1419 2641 1463 2660 22.
1484 2634 1511 2660 A
1534 2634 1563 2660 in
1588 2641 1702 2667 marg:
1725 2639 1751 2659 2.

439 2671 484 2697 26.
506 2670 584 2731 Adii]
607 2678 720 2704 margs
744 2678 777 2704 3.
870 2668 908 2697 31.
939 2670 967 2696 A
996 2670 1025 2697 iu
1054 2677 1168 2704 marg:
1202 2669 1418 2696 Crisostomm.
1509 2667 1552 2695 32.
1579 2667 1684 2695 Recte:
1716 2666 1754 2694 Et

439 2712 519 2740 quan
546 2712 573 2731 ο.

509 2787 540 2819 8.
568 2787 687 2819 Matth.
713 2788 832 2827 XXIV,
861 2789 890 2827 3,
916 2797 948 2827 4.
1045 2797 1092 2818 12.
1122 2788 1261 2818 Comm.
1289 2787 1322 2817 in
1349 2786 1469 2818 Mat-th.
1501 2787 1523 2818 l.
1551 2797 1578 2817 c.
1610 2796 1643 2827 p.
1682 2795 1753 2829 19²·

444 2834 496 2867 31.
525 2834 591 2875 Op.
620 2835 704 2875 Imp.
733 2834 751 2864 1.
781 2844 808 2865 c.
836 2844 868 2875 p.
894 2844 961 2876 QAO
988 2834 1199 2873 (CXCVIII).
