1986 3289
197 232 284 259 CAP.
308 223 405 276 LIX]
565 235 621 266 DE
650 234 962 265 ANTICHRISTO
992 234 1074 265 ΗΒ.
1103 235 1124 265 1.

198 341 380 378 videntur
412 341 573 389 quidam
609 341 757 376 molere
787 340 953 375 farinam
991 339 1136 385 anime,
1170 348 1211 374 ut
1245 338 1506 387 spiritualiter

196 398 439 436 nutriantur.

252 456 497 504 Augustinus
530 464 661 491 autem
687 455 844 491 videtur
877 467 1073 502 exponere
1107 453 1350 503 complecius
1384 454 1502 490 istum
1564 461 1751 496 Augustine:

1520 496 1624 523 Those
1645 498 1715 523 who
1737 505 1787 524 are

197 522 345 550 textum
380 515 427 550 de
450 513 596 561 triplici
630 521 734 549 statu
759 512 923 549 ecclesie
957 512 1175 558 militantis,
1210 512 1380 560 primam
1417 525 1506 560 par-
1538 532 1778 558 taken>and1eft

164 577 275 608 5tem
322 573 369 607 de
419 570 753 619 predicatoribus,
788 583 958 618 quorum
1000 570 1079 606 vita
1113 570 1416 618 quodammodo
1450 579 1506 605 est

198 629 432 673 commixt33
474 630 690 665 secundam
725 637 880 676 partem
916 630 963 664 de
996 628 1308 675 laboratoribus,
1361 636 1397 663 et
1430 636 1506 663 ter-

197 687 299 723 ciam
333 696 488 735 partem
522 688 570 722 de
593 686 889 734 quiescentibus
913 687 961 722 ab
986 685 1070 731 istis
1103 687 1256 722 duobus
1280 685 1505 730 laboribus;

197 746 265 781 sed
290 744 602 792 contemplando
626 744 814 780 continue
837 753 980 791 rogant
1005 745 1148 782 Deum.
1176 744 1287 779 Unde
1310 743 1350 779 in
1374 743 1505 791 primo

197 811 371 839 tractatu
404 802 551 839 Psalmi
583 803 739 838 XXXVI
783 801 838 837 sic
878 801 1033 838 scribit:
1085 802 1171 836 Jam
1218 813 1309 837 vero
1351 801 1437 849 quia
1470 801 1505 836 in

143 876 182 898 ιο
197 872 416 910 quocunque
447 872 591 911 genere
635 860 709 895 vite
739 861 842 909 quod
874 859 985 895 habet
1024 859 1191 907 aliquam
1220 859 1505 908 professionem

197 930 269 954 non
303 930 432 955 omnes
463 918 706 953 inveniuntur
732 917 860 967 probi,
900 929 972 953 non
1010 929 1140 953 omnes
1172 917 1415 952 inveniuntur
1447 929 1507 952 re-

191 976 319 1025 probi,
353 988 404 1012 ex
435 976 507 1012 lzoc
528 983 705 1025 apparet,
738 975 823 1023 quia
855 976 901 1011 a'e
922 975 1149 1023 qmbusdam
1174 975 1368 1010 hominum
1391 987 1506 1024 gene-

197 1034 304 1070 ribus
345 1046 417 1083 que
444 1046 519 1082 per
549 1033 821 1069 similitudines
854 1033 889 1068 in
922 1033 1123 1082 evangelio
1157 1035 1272 1068 modo
1300 1033 1503 1082 proposita

195 1092 414 1127 audivimus
444 1092 498 1127 sic
521 1091 783 1127 concluditur:
823 1091 927 1126 Unus
948 1098 1169 1126 assumetur
1200 1098 1236 1126 et
1265 1091 1367 1126 alter
1389 1090 1504 1126 relin-

143 1154 178 1185 15
196 1157 342 1197 quetur.
376 1150 604 1185 Assumetur
633 1150 764 1195 bonus,
798 1148 1035 1197 relinquetur
1058 1149 1195 1195 malus,
1229 1148 1408 1184 videntur
1432 1149 1505 1183 duo

196 1207 232 1242 in
264 1219 378 1257 agro.
413 1207 561 1242 Eadem
590 1207 787 1256 professio
821 1213 877 1242 est
906 1207 976 1242 sed
1007 1218 1079 1242 non
1102 1206 1201 1241 idem
1236 1218 1317 1252 cor,
1346 1206 1503 1254 profes-

195 1265 337 1300 sionem
372 1265 500 1300 vident
533 1265 716 1311 homines,
750 1276 819 1300 cor
851 1264 953 1300 novit
986 1265 1115 1309 Deus;
1158 1264 1258 1312 quod
1290 1264 1377 1299 licet
1408 1276 1504 1314 ergo

195 1334 297 1372 agro
329 1323 519 1372 significet
566 1334 661 1358 unus
693 1329 912 1358 assumetur
955 1329 989 1357 et
1022 1334 1117 1358 unus
1160 1322 1400 1370 relinquetur
1432 1334 1504 1357 non

195 1380 305 1428 quasi
335 1380 495 1415 dimidia
522 1392 619 1428 pars
652 1387 871 1416 assumetur
909 1387 943 1415 et
977 1380 1134 1415 dimidia
1169 1379 1407 1428 relinquetur
1437 1380 1506 1415 sed

138 1452 179 1474 20
193 1449 338 1488 genera
371 1438 564 1473 hominum
590 1439 664 1473 aluo
688 1438 791 1484 dicit,
823 1445 858 1472 et
888 1438 921 1472 si
942 1438 1049 1472 aliud
1071 1450 1202 1474 eorum
1236 1438 1284 1473 sit
1316 1437 1351 1472 in
1369 1437 1506 1487 paucis

195 1495 302 1530 aliud
323 1495 358 1530 in
389 1495 530 1531 multis.
569 1496 672 1530 Unus
704 1502 925 1531 assumetur
957 1503 991 1530 et
1023 1508 1118 1531 unus
1151 1495 1400 1544 relinquetur,
1433 1495 1505 1531 sic-

194 1560 233 1588 ut
264 1553 299 1588 in
324 1553 419 1589 lecto
450 1553 562 1589 sicin
587 1553 817 1590 molendino.
851 1553 1080 1602 Expectatis
1100 1554 1281 1602 fortasse
1313 1553 1403 1601 quid
1434 1554 1504 1588 ista

191 1611 278 1646 sint.
320 1611 460 1646 Videtis
492 1618 588 1646 tecta
622 1623 702 1647 esse
733 1618 768 1647 et
798 1611 1109 1646 similitudinibus
1139 1611 1366 1659 quibusdam
1400 1611 1504 1646 invo-

194 1669 297 1713 luta,·
313 1676 441 1717 potest
463 1669 579 1704 michi
604 1669 712 1704 aliud
735 1668 870 1715 videri,
904 1669 1020 1704 alteri
1041 1669 1159 1715 aliud,
1192 1670 1261 1705 sed
1283 1681 1401 1717 neque
1432 1681 1505 1719 ego

137 1731 176 1762 25
194 1727 295 1774 quod
327 1726 466 1762 dixero
494 1727 695 1775 prescribo
725 1726 912 1762 alteriaci
935 1727 1132 1762 meliorem
1157 1727 1404 1773 intellectum,
1439 1739 1505 1762 nec

194 1784 258 1819 ille
290 1784 405 1819 michi
435 1790 580 1819 tantum
614 1784 647 1820 si
678 1791 881 1832 utrumque
912 1785 1173 1833 accipiendum
1206 1785 1267 1831 sit,
1301 1792 1505 1833 utrumque

194 1849 318 1877 tamen
339 1841 425 1891 fide
468 1842 683 1877 concordet.
748 1842 932 1877 Videntur
964 1843 1080 1878 miclzi
1118 1842 1154 1877 in
1186 1855 1288 1892 agro
1322 1843 1506 1877 laborare

194 1899 258 1947 qui
283 1906 445 1948 presunt
476 1899 655 1945 ecclesiis,
687 1900 783 1935 sicut
822 1900 913 1935 dicit
950 1900 1179 1949 Apostolus:
1223 1900 1299 1936 Dei
1329 1900 1503 1951 agricul-

195 1964 296 2001 tura,
343 1957 418 1993 Dei
460 1957 654 2006 edificacio
707 1957 806 1993 estis.
860 1958 961 1992 Nam
1008 1958 1258 1994 architectum
1309 1970 1349 1994 se
1393 1958 1503 2002 dixit,

140 2019 180 2051 30
195 2015 345 2062 quando
398 2015 489 2050 dicit
528 2022 567 2050 ut
597 2015 750 2064 sapiens
794 2015 1029 2051 architectus
1051 2016 1356 2064 szmdamentum
1392 2015 1508 2064 posui

196 2079 230 2107 et
261 2073 478 2122 agricolam
518 2085 557 2108 se
589 2073 700 2108 a'icit:
749 2073 839 2123 Ego
866 2073 1057 2121 plantavi,
1089 2073 1227 2122 Apollo
1261 2073 1408 2123 rigavit
1438 2074 1506 2109 sed

196 2130 303 2165 Deus
326 2130 600 2166 incrementum
636 2131 751 2168 dedit.
786 2132 827 2166 In
860 2131 1077 2166 molendino
1100 2138 1227 2166 autem
1263 2132 1359 2167 duas
1393 2131 1504 2176 dixit,

75 2189 157 2231 426¹>
196 2200 268 2222 non
303 2188 418 2231 duos;
450 2189 565 2224 credo
597 2189 700 2237 quod
732 2189 799 2224 hec
819 2188 961 2238 figura
994 2189 1045 2223 ad
1072 2189 1204 2237 plebes
1230 2189 1426 2237 pertineat
1455 2186 1460 2239 [
1492 2202 1506 2233 ,-

195 2245 281 2292 quia
308 2245 502 2293 prepositi
533 2252 687 2295 regunt,
717 2246 848 2294 plebes
881 2253 1005 2281 autem
1042 2254 1256 2296 reguntur,·
1295 2254 1329 2282 et
1361 2246 1503 2281 molen-

140 2305 179 2338 35
197 2303 325 2337 dinum
352 2310 446 2351 puto
480 2303 620 2338 dictum
645 2304 827 2339 mundum
861 2304 974 2339 istum
1009 2304 1072 2352 qui
1103 2311 1187 2340 rota
1210 2305 1376 2353 quadam
1410 2311 1503 2338 tem-

190 2372 353 2408 porum¹
379 2361 548 2396 volvitur
591 2368 625 2396 et
657 2369 852 2397 amatores
894 2373 984 2397 suos
1023 2362 1196 2398 conterit.
1250 2362 1357 2397 Sicut
1407 2373 1505 2411 ergo

195 2417 260 2466 qui
290 2418 335 2453 de
367 2418 584 2454 accionibus
629 2419 762 2454 mundi
803 2431 875 2454 non
909 2420 1104 2465 recedunt,
1155 2419 1224 2455 sed
1254 2432 1339 2455 cum
1373 2426 1408 2454 et
1440 2418 1507 2453 alii

278 2632 302 2660 3.
323 2634 351 2660 A
378 2633 407 2660 in
429 2641 543 2668 marg:
566 2634 768 2670 Augustinus.
889 2643 922 2662 11.
943 2637 986 2661 A:
1008 2635 1216 2661 invenientur.
1326 2642 1367 2668 14,
1390 2637 1426 2662 13.
1456 2635 1503 2662 A:

198 2671 226 2694 et
245 2676 322 2695 unus
343 2669 537 2704 relinquitur.
651 2677 691 2703 21,
712 2677 758 2696 22.
787 2670 831 2696 A:
860 2669 905 2696 sic
923 2669 953 2695 in
975 2670 1061 2696 lecto.
1169 2668 1214 2696 30.
1245 2670 1291 2696 A:
1323 2677 1388 2695 cum
1419 2669 1503 2696 dicit.

197 2701 242 2729 36.
265 2703 309 2730 A:
332 2702 409 2730 Sunt
430 2711 518 2739 ergo.
546 2704 568 2730 B
588 2704 617 2730 in
640 2712 753 2738 marg:
775 2704 917 2730 correxit.

266 2798 531 2839 9.S.Augustini
549 2798 805 2839 Opp.tom.lV‚
827 2809 851 2837 1,
867 2809 898 2840 p.
911 2797 1103 2840 258-259.
1133 2808 1184 2829 21.
1202 2798 1319 2829 Matth.
1334 2799 1452 2838 XXIV,
1471 2809 1504 2839 4.

200 2841 252 2873 28.
280 2843 302 2873 1.
330 2843 408 2874 Cor.
436 2844 489 2883 Ill,
515 2843 546 2874 6.
659 2845 711 2876 31.
739 2844 761 2875 Ι.
789 2845 868 2875 Cor.
894 2845 950 2882 Ill,
976 2844 1008 2876 6.

1547 574 1597 592 are
1618 566 1667 592 the
1687 566 1767 600 good

1584 601 1642 627 and
1667 600 1722 627 bad

1551 635 1760 670 respectively.
