1986 3289
180 189 266 217 CAP.
287 179 383 233 μιν]
557 193 616 223 DE
643 192 956 223 ANTiCHRlsro
986 192 1068 223 ΜΒ.
1096 192 1118 223 1.
1705 196 1780 232 199

178 298 389 334 voluerunt
433 299 591 333 beatum
628 297 864 345 Gregorium
910 307 1122 346 propterea
1163 299 1491 345 condempnasse.

178 357 298 392 Notet
338 367 431 403 ergo
485 355 612 391 fidelis
657 364 755 403 quot
804 355 985 392 homines
1032 363 1146 391 erunt
1192 368 1233 391 ex
1279 355 1494 403 fragilitate

178 413 331 461 peccati
364 413 483 461 primi
522 413 696 449 hominis
729 413 1013 461 condempnati
1054 422 1090 449 et
1123 414 1328 461 quomodo
1363 413 1493 449 multi-

177 472 274 507 tudo
299 471 657 508 beatificandorum
682 471 890 507 hominum
915 484 995 507 non
1019 471 1092 507 erit
1116 480 1330 519 propterea
1365 471 1494 506 mino—

146 532 282 574 5rata3
329 537 365 564 et
397 530 530 565 videre
563 529 707 577 poterit
752 531 957 577 quomodo
991 529 1203 566 occasione
1235 529 1389 577 peccati
1424 530 1493 564 du-

177 587 290 634 plicis
324 587 397 623 erit
431 587 645 623 multitudo
685 587 850 624 humani
883 587 1038 635 generis
1072 587 1112 623 in
1151 586 1368 635 suppositis
1401 600 1494 634 aug-

178 654 375 691 mentata;
429 655 466 681 et
511 658 598 681 cum
645 645 829 681 homines
873 645 1080 693 dampnati
1113 645 1292 693 undique
1324 653 1493 692 prosunt

176 712 313 739 sancte
364 703 481 739 matri
517 702 693 748 ecclesie,
742 712 849 751 patet
892 704 1098 751 quomodo
1131 712 1341 751 peccatum
1375 702 1494 750 primi

177 760 350 797 hominis
394 763 557 808 prodest
600 760 677 796 illis
711 761 778 809 qui
812 762 1033 797 secundum
1074 760 1326 809 propositum
1361 760 1493 797 vocati

125 828 267 855 105unt
310 818 451 855 sancti.
498 820 545 854 Et
578 827 688 866 patet
731 820 839 867 quod
884 818 985 855 sicut
1030 832 1111 855 non
1155 818 1353 867 sequitur:
1420 820 1494 855 [ste

175 876 269 912 facit
314 878 463 912 bonum
509 877 746 924 prodessens
791 877 968 922 ecclesie,
1014 889 1108 924 ergo
1154 878 1273 922 bene;
1326 876 1379 912 ita
1414 889 1494 913 non

176 934 371 982 sequitur:
406 935 534 970 Adam
569 934 661 970 fecit
684 936 831 971 bonum
867 936 1072 982 peccando
1095 936 1335 982 prodessens
1370 935 1493 970 eccle-

176 991 244 1038 sie,
298 1005 391 1040 ergo
424 1001 639 1039 propterea
686 1002 742 1028 est
773 993 1018 1038 laudandus;
1080 992 1166 1028 laus
1220 992 1325 1028 enim
1371 1005 1492 1039 quam

176 1051 325 1086 bonum
369 1050 475 1086 istud
522 1050 744 1097 promeruit
789 1059 845 1086 est
889 1050 1144 1086 attribuenda
1185 1050 1317 1097 gracie
1351 1049 1423 1086 Dei
1457 1059 1493 1086 et

124 1106 159 1138 15
177 1107 329 1144 domini
360 1109 451 1144 Jesu
485 1107 645 1144 Christi.

235 1167 440 1211 Quantum
465 1167 514 1201 ad
538 1165 719 1211 tercium,
744 1174 955 1213 peccatum
975 1167 1083 1213 quod
1107 1178 1176 1213 per
1199 1165 1491 1202 Antichristum
1507 1173 1573 1201 The
1589 1175 1781 1214 wicked-npss

176 1232 357 1271 tempore
380 1223 512 1271 gracie
542 1232 599 1259 est
629 1232 852 1273 causatum,
885 1232 994 1271 patet
1028 1225 1136 1271 quod
1170 1232 1396 1260 constantes
1420 1224 1492 1260 Dei
1514 1210 1777 1279 noxxgsivpersevffimg

177 1281 329 1329 pugiles
374 1281 586 1317 occasione
631 1280 738 1317 illius
783 1281 953 1329 amplius
1006 1290 1289 1329 promerentur
1341 1291 1376 1318 et
1421 1294 1491 1330 per
1532 1279 1758 1341 {acigssgffinmgf

177 1351 427 1387 consequens
472 1338 704 1375 universalis
752 1339 919 1375 ecclesia
965 1340 1083 1375 habet
1116 1348 1329 1387 propterea
1363 1339 1491 1376 maius
1594 1349 1693 1376 merit.

122 1405 162 1426 20
177 1398 340 1433 bonum.
394 1399 448 1432 Ex
489 1398 565 1433 hoc
599 1397 703 1432 enim
749 1396 914 1433 stabiliti
953 1406 1043 1433 sunt
1077 1396 1213 1433 fideles
1245 1397 1285 1432 in
1318 1397 1492 1434 Domino

176 1455 348 1503 amplius
381 1454 420 1490 in
469 1454 544 1490 fide
580 1454 733 1491 domini
764 1453 855 1491 Jesu
888 1454 1035 1491 Christi
1089 1463 1126 1491 et
1171 1453 1421 1491 delectantur
1453 1454 1493 1490 in

176 1512 334 1549 Christo
368 1512 435 1560 qui
468 1512 523 1549 sic
558 1512 809 1560 prophetavit
840 1512 1041 1549 versucias
1073 1512 1321 1549 Antichristi.
1356 1515 1403 1549 Et
1437 1513 1493 1549 sic

176 1579 232 1606 est
265 1570 363 1606 fides
396 1571 593 1618 scripture
636 1570 832 1620 undique·
860 1570 914 1606 eis
955 1571 1041 1618 plus
1074 1570 1215 1618 sapida
1248 1580 1285 1608 et
1328 1579 1421 1607 sunt
1454 1571 1493 1607 in

174 1628 261 1676 ipsa
294 1628 465 1676 amplius
500 1628 739 1665 confirmati.
775 1630 875 1664 Cum
910 1641 1003 1676 ergo
1027 1628 1189 1665 racione
1222 1628 1346 1665 rabiei
1380 1629 1492 1665 istius

119 1685 341 1722 25heretici
386 1686 521 1722 fideles
566 1685 606 1721 in
640 1685 813 1722 Domino
858 1686 1030 1734 amplius
1064 1696 1357 1734 promerentur,
1410 1700 1492 1723 non

176 1743 322 1779 mirum
355 1744 387 1779 si
420 1745 613 1780 adventus
646 1743 882 1780 Antichristi
927 1744 1119 1781 indirecte
1152 1745 1279 1792 prosit
1312 1745 1491 1781 ecclesie.

234 1803 281 1838 Et
313 1811 506 1850 quantum
541 1803 591 1838 acl
636 1810 838 1849 quartum,
884 1801 1036 1838 scilicet
1076 1802 1313 1839 divisionem
1350 1802 1491 1851 capitis
1518 1811 1583 1850 The
1605 1811 1721 1838 schism
1742 1811 1767 1838 is

174 1859 411 1895 Antichristi
442 1860 502 1896 vel
536 1859 825 1896 dissensionem
860 1859 1027 1896 istorum
1069 1862 1240 1896 duorum
1275 1873 1489 1909 paparum,
1523 1854 1769 1915 Ιηρᾞέὲζζῇνὲγς

174 1925 284 1964 patet
317 1919 424 1965 quod
460 1917 738 1965 multipliciter
783 1919 947 1965 prodest
984 1927 1122 1954 sancte
1157 1918 1273 1955 matri
1308 1918 1489 1955 ecclesie.

118 1975 159 2006 30
175 1976 267 2011 Ideo
300 1976 446 2011 debent
490 1975 625 2011 fideles
658 1975 698 2011 in
732 1976 807 2011 hoc
840 1976 1007 2011 laudare
1042 1977 1166 2012 Deum
1202 1976 1381 2013 dicentes
1414 1976 1488 2012 sibi

174 2032 377 2069 devocius:
412 2033 501 2069 Fiat
534 2034 712 2069 voluntas
744 2041 807 2068 tua
839 2034 935 2069 sicut
967 2034 1002 2068 in
1036 2035 1116 2070 celo
1149 2042 1183 2069 et
1216 2035 1252 2070 in
1285 2042 1405 2070 terra.

232 2092 363 2126 Unum
411 2103 504 2139 ergo
544 2092 693 2127 bonum
744 2092 851 2139 quod
897 2103 940 2126 ex
973 2090 1047 2126 ista
1081 2091 1328 2128 dissensione
1362 2092 1491 2129 evenit
1549 2089 1683 2151 Ῑςῑοξξᾊῗὲ
1701 2097 1736 2150 ils}

53 2152 135 2194 424³
173 2147 287 2183 nobis
332 2148 510 2185 occiduis
554 2157 631 2185 stat
676 2149 714 2184 in
743 2148 747 2196 Ι
777 2149 853 2185 isto
887 2150 995 2196 quod
1029 2149 1240 2186 confortati
1277 2163 1413 2186 sumus
1447 2162 1489 2186 ex
1578 2145 1699 2198 publ'i‘s‘h

175 2206 380 2242 debilitate
412 2206 645 2242 Antichristi
690 2206 896 2254 publicare
939 2207 1161 2243 sentencias
1197 2209 1341 2245 multas
1375 2221 1489 2244 evan-
1548 2194 1732 2263 Cgsssssfflffsa]

119 2270 157 2301 35
175 2263 320 2309 gelicas
345 2277 443 2312 quas
476 2273 606 2300 stante
629 2264 716 2312 ipso
751 2264 789 2299 in
823 2277 894 2300 suo
919 2266 1062 2300 robore
1096 2278 1176 2301 non
1208 2265 1264 2302 sic
1298 2266 1490 2302 disserere

175 2322 426 2358 auderemus.
464 2321 572 2358 Licet
606 2331 737 2358 autem
765 2331 934 2370 utraque
968 2336 1059 2370 pars
1084 2323 1316 2359 Antichristi
1352 2337 1491 2372 quam-

175 2379 231 2414 vis
265 2379 389 2416 divisa
414 2379 543 2429 fuerit,
579 2381 722 2416 habeat
748 2393 932 2427 magnam
962 2381 1237 2417 fortitudinem
1274 2391 1309 2417 et
1345 2383 1491 2417 multos

176 2437 403 2485 complices,
449 2447 585 2474 tamen
630 2450 650 2473 a
696 2438 894 2485 probabili
929 2438 1200 2475 Antichristus
1240 2440 1342 2476 foret
1374 2440 1490 2487 longe

175 2495 323 2531 forcior
355 2496 441 2543 ipso
474 2505 604 2532 stante
637 2496 676 2531 in
710 2508 781 2532 suo
816 2497 960 2532 robore
994 2496 1245 2533 inconcusso.

245 2683 282 2701 12.
304 2676 347 2701 A:
369 2675 479 2702 honum
494 2675 594 2707 deest;
618 2675 655 2702 B:
677 2675 773 2702 addit.
842 2676 873 2703 32
904 2676 988 2703 Unde
1003 2685 1093 2711 ergo.
1167 2675 1213 2703 36.
1235 2678 1262 2704 A
1286 2678 1314 2704 in
1336 2686 1449 2711 marga
1468 2685 1489 2704 1.

175 2707 221 2743 36,
242 2708 287 2744 37.
311 2710 348 2736 ss:
371 2711 509 2744 quamvis
529 2711 666 2737 diversa.

247 2806 299 2837 31„
325 2804 442 2836 Matth.
471 2806 528 2844 Vl,
561 2816 608 2836 10.
