1986 3289
126 205 199 230 110
734 198 851 233 opos
878 198 1213 233 EVANGELICUM
1243 199 1327 232 ΜΒ.
1354 200 1407 231 111.
1509 184 1614 241 [CAP.
1636 193 1730 224 xxx.

902 303 1041 346 CAP.
1074 303 1245 345 XXX.

145 398 370 462 (ἐξῑζέξθέξθῐῐῧῠῖ
470 400 740 437 Crisostomus
803 409 937 437 autem
999 400 1259 448 prosequitur
1311 398 1558 436 sentenciam
1613 398 1731 435 huius

129 454 381 507 copssummation
410 468 537 497 textus
584 457 778 506 evangelii
824 458 865 494 in
909 459 981 494 hec
1025 460 1164 495 verba:
1212 459 1253 493 In
1296 458 1440 507 primis
1483 458 1553 493 hoc
1598 457 1731 493 estimo

137 508 169 531 ⁰¹
188 504 238 531 the
258 503 369 530 world.
405 517 647 567 pretermitti
669 529 742 552 non
766 524 962 565 oportere,
998 524 1037 552 ut
1060 516 1349 552 consideremus
1371 516 1462 564 quid
1484 515 1733 566 interrogant

409 574 670 625 apostol1';'et
701 575 755 610 sic
789 574 927 610 melius
959 575 1224 625 intelligemus
1256 574 1347 622 quid
1379 574 1579 623 respondit
1609 574 1732 609 Jesus.
1751 575 1767 607 5

410 634 664 683 Interrogant
707 632 805 668 enim
853 633 921 668 hec
968 633 1042 668 duo
1086 633 1272 681 apostoli:
1310 632 1425 676 Quod
1460 632 1615 682 signum
1662 631 1735 667 erit

410 691 688 728 destruccionis
708 690 926 726 Jerusalem
951 698 986 726 et
1008 690 1164 740 signum
1198 690 1545 726 consummacionis
1568 689 1732 725 mundi?

411 750 452 784 In
486 748 821 785 consummacione
852 748 950 784 enim
983 749 1113 799 gentis
1144 749 1264 784 Judee
1285 748 1502 784 Jerusalem
1536 748 1734 784 destructa

410 814 479 853 est,
512 819 583 856 que
614 814 741 842 tamen
775 806 980 842 videbatur
1011 818 1092 842 esse
1120 806 1353 853 Jerusalem,
1393 818 1465 842 non
1497 813 1623 842 autem
1656 805 1736 841 eius

410 877 481 915 que
520 877 613 900 vera
647 872 743 901 erat.
786 865 828 900 In
862 865 1200 900 consummacione
1237 871 1364 900 autem
1403 864 1539 900 mundi
1576 863 1794 900 ecclesiam

411 931 477 959 aut
511 923 684 959 desolata
737 929 803 958 aut
850 922 1063 958 desolanda
1107 930 1184 968 est,·
1229 922 1357 957 adhuc
1388 929 1516 958 tamen
1561 921 1628 957 illa
1667 933 1737 970 que

412 981 616 1017 videbatur
660 981 831 1026 ecclesia,
883 993 956 1017 non
1002 988 1128 1017 autem
1176 993 1247 1029 que
1285 992 1378 1016 vera
1422 987 1507 1016 erat
1557 987 1623 1015 aut
1667 986 1735 1016 est.

413 1039 605 1076 Dominus
636 1046 764 1074 autem
797 1051 870 1075 non
902 1039 1115 1088 separatim
1151 1039 1252 1074 dixit
1278 1050 1351 1087 que
1379 1038 1493 1089 signa
1518 1037 1738 1087 pertineant

413 1098 465 1133 ad
504 1097 809 1134 destruccionem
842 1097 1060 1133 Jerusalem
1099 1104 1135 1133 et
1166 1108 1238 1146 que
1275 1097 1327 1132 ad
1365 1096 1736 1132 consummacionem

415 1155 560 1202 mundi,
606 1155 784 1190 videlicet
822 1162 862 1190 ut
898 1155 1014 1206 signa
1054 1156 1187 1191 eadem
1222 1154 1424 1203 pertinere
1464 1154 1671 1190 videantur
1703 1156 1794 1189 et15

414 1214 466 1249 ad
502 1213 860 1261 manifestacionem
901 1213 1178 1249 destruccionis
1208 1213 1426 1249 Jerusalem
1466 1220 1501 1248 et
1532 1213 1583 1248 ad
1614 1211 1737 1248 mani-

415 1271 674 1321 festacionem
692 1271 1037 1308 consummacionis
1060 1271 1204 1316 mundi,
1221 1271 1307 1319 quia
1324 1283 1396 1306 non
1415 1271 1523 1319 quasi
1537 1270 1737 1306 historiam

410 1342 487 1381 per
509 1329 684 1366 ordinem
718 1330 897 1378 exposuit
929 1329 994 1376 eis,
1028 1330 1219 1377 quomodo
1253 1342 1315 1365 res
1347 1337 1459 1365 erant
1490 1329 1641 1379 agende
1671 1328 1739 1364 sed

412 1387 643 1438 prophetico
676 1399 786 1423 more
810 1388 989 1436 predixit
1020 1387 1073 1423 eis
1102 1399 1172 1435 que
1205 1399 1267 1423 res
1300 1394 1412 1423 erant
1443 1387 1605 1438 agende.
1641 1386 1739 1422 Pro-

412 1446 551 1496 phecia
596 1453 722 1482 autem
767 1458 922 1494 semper
954 1458 1028 1495 per
1069 1445 1282 1481 misterium
1322 1445 1466 1481 dicitur
1498 1452 1533 1480 et
1560 1456 1636 1494 per
1668 1443 1738 1479 mi-
1756 1456 1797 1477 20

416 1504 576 1540 sterium
619 1504 865 1553 intelligitur.
914 1504 1018 1548 Quid
1056 1503 1209 1554 igitur?
1247 1503 1331 1539 Hec
1363 1503 1476 1554 signa
1511 1504 1557 1539 de
1584 1501 1740 1551 flsama,
1783 1500 1868 1545 415⁶

420 1563 466 1598 de
497 1562 607 1598 bellis
639 1569 673 1598 et
707 1563 753 1597 de
784 1569 1010 1608 terremotu,
1049 1562 1084 1598 si
1121 1562 1173 1597 ad
1200 1562 1357 1612 plenum
1392 1560 1653 1610 spiritualiter
1684 1560 1739 1595 in-

417 1620 598 1671 telligere
643 1620 894 1663 voluerimus,
940 1631 1013 1656 non
1041 1626 1205 1669 possunt
1239 1619 1440 1669 pertinere
1482 1619 1534 1654 ad
1577 1618 1741 1666 manife-

418 1679 627 1715 stacionem
664 1678 943 1714 destruccionis
974 1678 1207 1724 Jerusalem,
1242 1678 1327 1726 quia
1361 1685 1450 1713 tunc
1481 1674 1742 1726 spiritualiter

417 1749 514 1787 gens
547 1744 681 1773 contra
713 1743 868 1787 gentem
904 1749 975 1772 non
1007 1736 1197 1782 surrexit,
1243 1736 1282 1771 id
1314 1743 1382 1782 est,
1429 1735 1575 1771 heresis
1606 1741 1741 1770 contra
1759 1737 1799 1769 25

419 1795 600 1831 heresim.
634 1795 736 1830 Nam
771 1802 944 1843 tempore
973 1795 1241 1844 apostolorum
1266 1793 1536 1830 tantummodo
1559 1793 1745 1829 seminate

419 1860 507 1889 sunt
521 1853 688 1899 hereses,
713 1860 888 1902 tempore
910 1860 1037 1888 autem
1061 1852 1167 1903 regis
1190 1851 1743 1901 christianigerminaverunt,

421 1911 565 1947 nostris
609 1918 735 1947 autem
782 1911 1018 1960 temporibus
1062 1917 1336 1946 maturuerunt
1375 1917 1410 1945 et
1447 1909 1742 1958 prevaluerunt.

427 1970 531 2006 Tunc
555 1969 651 2005 enim
673 1970 810 2018 sames
840 1981 913 2005 non
947 1976 1032 2005 erat
1063 1968 1290 2018 spiritualis,
1322 1969 1391 2004 sed
1417 1980 1562 2018 magna
1592 1967 1746 2003 ubertas

422 2028 469 2063 de
508 2040 580 2076 qua
616 2027 810 2076 propheta
851 2027 1020 2063 dicebat:
1072 2026 1245 2062 Visitasti
1282 2033 1432 2062 terram
1473 2033 1508 2061 et
1547 2023 1746 2061 inebriasti
1763 2029 1804 2061 30

424 2098 521 2132 eam,
557 2085 827 2134 multiplicasti
858 2085 985 2121 ditare
1018 2097 1114 2120 eam.

480 2144 588 2189 Item,
619 2144 653 2180 si
683 2143 920 2180 voluerimus
958 2143 1026 2179 hec
1063 2143 1175 2193 signa
1215 2150 1361 2178 tantum
1396 2141 1660 2191 corporaliter
1691 2140 1746 2176 in-

423 2202 602 2252 telligere
625 2214 697 2237 non
716 2201 926 2251 proficiunt
949 2202 1000 2237 ad
1024 2201 1379 2250 manifestacionem
1404 2199 1748 2236 consummaciom's

424 2260 571 2296 mundi.
611 2260 712 2295 Nam
753 2267 788 2295 et
827 2260 925 2295 bella
966 2260 1034 2295 hec
1074 2259 1296 2308 corporalia
1335 2271 1489 2307 semper
1509 2258 1682 2306 fuerunt
1714 2263 1748 2292 et

423 2330 577 2366 semper
609 2325 743 2362 erunt,·
781 2324 815 2353 et
838 2317 974 2365 fames
1013 2324 1077 2352 aut
1117 2323 1351 2353 terremotus
1383 2315 1564 2352 carnales
1595 2318 1805 2363 semper35

414 2376 532 2424 fiunt.
568 2376 655 2411 Non
684 2382 813 2424 potest
845 2387 926 2411 esse
958 2375 994 2410 in
1026 2375 1181 2426 signum
1215 2374 1377 2410 alicuius
1410 2374 1621 2422 reisuture
1648 2373 1750 2421 quod

425 2434 674 2483 semperfuit
696 2434 731 2469 in
748 2446 831 2481 usu,
854 2434 923 2469 sed
944 2434 1045 2482 quod
1067 2445 1205 2469 novum
1229 2433 1277 2468 sit
1299 2432 1396 2467 illud
1420 2431 1561 2467 dicitur
1580 2431 1746 2481 signum.

498 2622 518 2641 1.
542 2615 562 2641 B
584 2614 613 2641 in
638 2622 751 2649 marg:
773 2621 826 2648 30.
918 2620 942 2639 2.
964 2615 993 2641 A
1013 2613 1044 2640 in
1065 2621 1179 2647 marga
1209 2612 1427 2640 Crisostonzus.
1545 2611 1570 2638 5.
1600 2610 1640 2637 B:
1668 2610 1752 2645 quod

429 2649 603 2684 respondet.
683 2658 698 2683 7
731 2650 773 2675 A:
797 2652 825 2675 et
844 2649 926 2683 quod
944 2649 1077 2684 signum.
1160 2647 1243 2682 8—9.
1265 2647 1383 2674 Codd.:
1405 2647 1554 2673 liz—esse
1577 2645 1749 2672 Jerusalem

429 2684 523 2710 deest.
598 2692 625 2717 ς),
648 2692 687 2710 10.
709 2684 752 2710 A:
775 2683 840 2710 cius
860 2691 918 2718 que
938 2683 1032 2710 deest.
1106 2683 1214 2716 16—17.
1237 2682 1274 2708 B:
1297 2680 1654 2708 destruccioms—mani
1668 2679 1748 2706 'esta-

429 2719 547 2779 cionaem
574 2719 667 2745 deest.
753 2719 796 2745 20.
820 2718 858 2745 13:
887 2721 1005 2745 tantum
1030 2717 1121 2745 mocio
1148 2718 1377 2744 seminaverunt
1402 2720 1548 2750 tempore.
1638 2715 1682 2748 17.
1704 2715 1748 2741 A:

429 2761 488 2787 quo
531 2756 642 2780 nolum.

504 2827 531 2857 3.
560 2825 659 2866 Opus
688 2824 822 2866 Imperf.
850 2824 871 2855 l.
900 2835 926 2855 c.
955 2834 985 2865 p.
1014 2834 1074 2867 ‘34¹
1108 2823 1319 2865 (CXCVHI).
1382 2824 1434 2855 ‘jf-
1462 2822 1589 2852 Psalm.
1616 2820 1670 2861 (34,
1703 2831 1751 2851 10.
