1986 3289
210 242 297 270 CAP.
322 235 384 288 [AL]
603 245 661 275 DE
690 244 1001 275 ANTICHRISTO
1030 244 1112 275 ΜΒ.
1141 245 1162 274 1.

212 352 414 388 Christum
460 351 556 386 false
601 363 670 398 per
703 350 833 385 media
867 350 963 386 falsa
1010 358 1046 386 et
1080 350 1314 396 blasphema
1348 361 1424 395 que
1457 361 1522 384 ne-

213 422 320 446 cesse
353 417 410 445 est
434 408 607 445 Domino
641 407 863 455 displicere.
899 408 991 443 Ideo
1024 407 1097 443 ista
1132 406 1336 443 conclusio
1368 406 1523 442 videtur

213 479 257 503 ex
289 467 366 503 fide
400 466 593 514 evangelii
627 467 840 513 depurata;
881 474 917 501 et
949 465 1003 501 ita
1037 477 1126 501 cum
1162 464 1211 500 sit
1243 472 1353 500 tante
1387 465 1523 499 catho-

212 524 289 561 lica
331 537 470 561 omnes
516 524 651 560 fideles
697 532 733 559 et
778 523 1005 571 specialiter
1058 531 1232 570 quatuor
1285 521 1521 557 clericorum

180 582 410 619 §maneries
458 583 604 618 debent
648 581 856 617 exercitari
901 581 941 616 in
973 580 1141 617 veritate
1186 579 1303 616 huius
1337 578 1429 614 fidei
1461 592 1523 615 or-

211 641 395 689 thodoxe,
440 649 476 675 et
509 652 597 676 cum
628 638 880 675 taciturnitas
913 638 962 674 sit
995 639 1167 686 quedam
1201 636 1399 674 maneries
1433 650 1525 673 con-

212 710 347 734 sensus
381 697 590 734 hominum
623 697 664 732 in
698 698 771 733 hoc
805 709 911 739 casu,
952 696 1108 732 videtur
1141 696 1248 744 quod
1280 696 1452 731 tacendo
1485 695 1524 730 in

213 764 361 803 puncto
405 764 486 791 tarn
520 754 746 791 necessario
779 763 871 790 sunt
910 754 1073 790 heretici
1106 766 1151 789 ex
1183 765 1391 790 consensu,
1444 754 1525 789 Nec

214 822 370 850 moveat
403 814 511 861 quod
543 812 675 849 clerici
710 811 824 848 multi
857 820 948 848 sunt
980 811 1083 858 laici,
1118 820 1160 847 ut
1193 820 1303 859 patet
1336 811 1383 846 de
1416 823 1525 847 exor-

161 888 198 907 10
214 870 322 907 cistis
356 880 393 907 et
426 870 512 907 aliis
536 870 603 918 qui
638 870 799 906 racione
822 869 950 918 prime
983 878 1145 906 tonsure
1179 869 1368 905 dicuntur
1392 868 1524 905 clerici

213 928 374 975 literati,
415 928 508 977 quia
540 928 635 976 ipsis
669 927 924 964 existentibus
947 927 1093 975 ydiotis
1128 936 1164 963 et
1188 927 1375 963 existente
1408 939 1525 974 opor-

213 986 385 1022 tunitate
429 985 660 1034 requirendi
708 986 808 1022 alios
852 985 1079 1033 superiores
1124 985 1288 1021 clericos
1321 997 1402 1020 non
1435 993 1525 1020 sunt

214 1044 287 1080 rite
332 1044 511 1092 requisiti
557 1057 578 1080 a
622 1043 733 1079 laicis
772 1045 819 1079 de
856 1042 972 1079 huius
1012 1043 1234 1091 questione.
1297 1043 1397 1078 Cum
1432 1054 1525 1090 ergo

213 1103 400 1138 sacerdos
431 1102 491 1138 vel
524 1101 596 1138 sibi
630 1101 859 1149 equivalens
893 1102 1009 1137 debet
1040 1102 1260 1137 secundum
1300 1099 1523 1136 doctrinam

162 1165 198 1198 15
215 1159 321 1195 Petri
355 1172 438 1195 esse
471 1168 634 1207 paratus
667 1160 716 1195 ad
749 1160 924 1195 dandum
968 1159 1170 1195 racionem
1206 1159 1254 1194 de
1286 1170 1525 1206 quacunque

217 1217 425 1265 questione
449 1217 553 1263 fidei,
577 1225 687 1264 patet
709 1217 825 1252 huius
847 1216 992 1253 veritas
1016 1215 1306 1261 conclusionis3
1338 1224 1374 1251 et
1400 1216 1525 1251 multo

218 1275 445 1312 evidencius
467 1275 647 1323 sequitur
670 1275 745 1311 hoc
778 1276 825 1310 de
848 1287 965 1322 papa,
1001 1273 1211 1322 episcopis,
1246 1273 1525 1309 claustralibus

219 1342 256 1369 et
303 1333 479 1381 prelatis.
533 1332 610 1381 Ipsi
655 1332 760 1368 enim
794 1345 838 1368 ex
871 1333 946 1368 hoc
980 1333 1124 1368 debent
1175 1344 1257 1368 esse
1302 1332 1526 1379 superiores

218 1391 382 1427 ecclesie
433 1392 539 1439 quod
585 1392 730 1426 debent
774 1402 857 1426 esse
909 1391 959 1426 ad
1013 1390 1321 1426 ministrandum
1368 1388 1442 1424 sibi
1487 1389 1527 1425 in

159 1448 413 1496 20spirituali
459 1448 683 1485 ministerio
727 1447 1004 1496 prompciores
1051 1457 1087 1484 et
1120 1448 1160 1483 in
1193 1447 1525 1483 concernentibus

216 1515 364 1554 puncta
409 1506 501 1543 fidei
534 1506 752 1543 doeciores.
801 1507 900 1541 Cum
948 1518 1042 1553 ergo
1076 1505 1196 1542 hodie
1229 1513 1384 1541 tantum
1418 1505 1526 1541 inva-

216 1564 326 1600 lescit
375 1564 521 1600 heresis
554 1564 594 1600 in
627 1565 702 1600 isto
735 1572 884 1611 puncto
919 1563 1119 1600 contraria
1167 1562 1259 1599 fidei
1291 1563 1525 1607 orthodoxe,

217 1630 326 1670 patet
349 1624 455 1670 quod
488 1623 585 1658 tales
619 1621 752 1658 clerici
775 1621 996 1658 similantes
1030 1621 1148 1657 hodie
1178 1620 1216 1656 in
1248 1622 1527 1668 respondendo

217 1679 281 1715 isti
316 1680 481 1716 materie
504 1688 673 1728 peccant
705 1680 877 1727 graviter
900 1692 944 1715 ex
968 1692 1183 1723 consensu;
1219 1687 1255 1714 et
1288 1687 1398 1726 patet
1430 1691 1528 1726 quo-

162 1741 200 1773 25
220 1738 338 1774 modo
361 1738 458 1774 tales
482 1750 525 1774 ex
548 1750 742 1774 consensu
758 1737 905 1773 heresis
938 1737 1201 1786 probabiliter
1225 1745 1315 1772 sunt
1339 1735 1524 1784 suspecti.

275 1797 458 1832 Secunda
491 1795 694 1832 conclusio
739 1795 849 1831 illata
882 1808 925 1831 ex
968 1795 1043 1831 ista
1086 1793 1340 1842 quadruplici
1380 1807 1526 1841 propo-

217 1851 367 1889 sicione
400 1853 627 1901 evangelica
658 1862 735 1889 stat
766 1852 808 1889 in
840 1853 935 1889 isto:
976 1853 1067 1889 licet
1098 1861 1265 1900 uterque
1298 1864 1402 1900 papa
1436 1864 1524 1887 cum

218 1910 405 1946 omnibus
438 1911 518 1947 suis
563 1910 834 1947 cardinalibus
880 1911 959 1947 sive
992 1910 1192 1958 aliquibus
1227 1922 1365 1946 eorum
1398 1909 1524 1945 vicem

218 1967 446 2015 gerentibus
478 1970 655 2017 sepultus
679 1968 797 2005 fuerit
829 1968 869 2004 in
901 1969 1071 2014 inferno,
1105 1977 1241 2004 tamen
1271 1967 1423 2004 viantes
1457 1980 1527 2015 po-

161 2031 202 2063 30
217 2034 351 2062 terunt
408 2040 489 2063 non
537 2026 666 2063 minus
718 2026 888 2063 faciliter
940 2026 1230 2062 beatitudinem
1291 2025 1524 2073 promereri.

219 2085 331 2120 Patet
364 2096 407 2120 ex
440 2085 515 2120 hoc
556 2086 664 2132 quod
697 2098 802 2133 papa
835 2093 872 2120 et
905 2084 1128 2121 cardinales
1161 2084 1319 2119 fuerant
1351 2096 1432 2119 non
1464 2095 1526 2118 or-

218 2141 343 2178 dinati
377 2154 397 2178 a
431 2142 607 2179 Domino
654 2144 719 2179 sed
754 2155 824 2190 per
868 2142 1073 2179 diabolum
1120 2141 1339 2177 introducti
1373 2150 1409 2177 et
1442 2149 1525 2176 tum

218 2211 289 2246 per
312 2212 572 2248 consequens,
607 2213 696 2236 cum
720 2213 802 2236 non
825 2200 1025 2236 intrarunt
1058 2212 1128 2248 per
1152 2199 1352 2236 Christum
1379 2198 1525 2235 ostium

218 2256 257 2292 in
297 2257 518 2302 ecclesiam,
564 2267 655 2294 sunt
701 2271 744 2294 ex
788 2258 865 2294 fide
904 2257 1097 2305 evangelii
1141 2258 1228 2293 Joh.
1269 2258 1301 2292 X
1345 2257 1450 2292 fures
1491 2264 1527 2291 et

162 2314 391 2350 35latrones
414 2315 638 2362 specialiter
672 2317 804 2363 quoad
837 2318 940 2352 bona
973 2314 1197 2363 spiritualia
1229 2313 1394 2350 ecclesie
1428 2313 1529 2349 mili-

217 2372 347 2410 tantis.
381 2374 422 2408 In
456 2373 567 2408 cuius
591 2373 748 2421 signum
772 2386 920 2409 nornen
954 2386 1056 2421 pape
1086 2381 1122 2409 et
1157 2372 1420 2408 cardinalium
1447 2384 1527 2407 non

218 2429 405 2465 inseritur
428 2430 467 2466 in
490 2430 699 2478 scriptura,
734 2432 802 2467 sed
827 2434 885 2475 (ut
909 2431 1159 2467 cronicantes
1183 2430 1372 2475 referunt)
1396 2428 1528 2477 primo

218 2488 380 2534 quando
407 2500 603 2524 venenum
639 2489 806 2524 effusum
838 2497 895 2525 est
923 2489 963 2524 in
999 2488 1177 2533 ecclesia,
1213 2496 1270 2523 est
1307 2487 1526 2523 inventum.

219 2545 319 2580 Cum
355 2557 447 2593 ergo
480 2554 562 2582 tam
595 2546 636 2582 in
668 2547 753 2594 lege
785 2546 907 2582 veteri
941 2559 1061 2595 quam
1095 2554 1278 2593 tempore
1311 2546 1359 2581 ab
1393 2556 1528 2580 ascen-

160 2601 329 2651 40sione
373 2603 535 2639 Domini
578 2616 704 2652 usque
748 2606 797 2640 ad
842 2612 999 2651 tempus
1039 2603 1155 2639 huius
1187 2614 1383 2639 venenose
1417 2603 1528 2637 dota-

219 2658 352 2695 ciones
386 2660 550 2697 ecclesie
593 2661 763 2709 longius,
803 2661 966 2709 spissius
1001 2674 1122 2709 quam
1158 2662 1277 2696 modo
1322 2659 1529 2695 christiani

290 2801 329 2820 10.
346 2794 389 2820 A:
405 2802 471 2829 que.
528 2802 574 2822 20,
589 2795 632 2821 A:
649 2795 795 2822 misterio.
869 2793 910 2822 23.
927 2796 970 2822 A:
986 2795 1170 2823 similantes:
1186 2794 1224 2820 ita
1238 2794 1306 2820 cod.
1356 2792 1472 2825 24—25.
1485 2793 1529 2819 A:

219 2830 249 2854 et
277 2831 364 2863 patet
394 2833 620 2856 et—consensu
653 2830 746 2856 deest.
846 2830 892 2856 20.
926 2832 953 2856 A
982 2830 1010 2855 iu
1041 2837 1154 2863 marg..-
1188 2827 1330 2855 Secunda
1365 2828 1530 2854 conclusio.

220 2861 261 2889 32.
284 2863 321 2889 B:
344 2866 404 2889 lum
425 2863 516 2890 deest,
540 2862 584 2893 38,
606 2865 649 2891 A:
672 2864 704 2890 id
723 2867 776 2890 est,

1736 235 1808 281 187

1558 759 1616 786 We
1638 759 1713 786 need
1737 764 1789 786 not

1539 794 1608 821 take
1628 799 1762 821 account
1783 796 1814 821 ot

1587 830 1633 865 lay
1652 829 1759 856 clerks.

1577 1807 1603 1827 2.
1625 1800 1708 1834 Pope
1728 1804 1781 1827 not

1569 1843 1731 1871 necessary
1750 1839 1780 1862 to

1558 1878 1616 1896 our
1637 1870 1796 1897 salvation.

1594 2388 1677 2423 Pope
1699 2388 1757 2415 and

1566 2423 1720 2449 cardinals
1742 2427 1794 2449 not

1566 2457 1742 2484 mentioned
1763 2458 1792 2484 iu

1595 2492 1765 2527 Scriptum.
