1986 3289
217 215 304 242 CAP·
327 204 423 260 XIII-]
596 217 654 248 DE
682 216 996 248 ANTICHRISTO
1025 217 1108 248 LIB.
1136 217 1174 247 II.
1740 221 1820 257 329

214 330 350 372 pectus
371 323 473 367 Jesu⁷
509 322 601 358 dicit
632 323 683 358 ei:
717 323 895 369 Domine⁷
927 323 1011 371 quis
1044 323 1130 358 est?
1161 323 1374 371 Respondit
1403 323 1534 359 Jesus:

218 381 288 416 Ille
315 387 382 425 est,
414 380 476 415 cui
502 380 699 416 intinctum
719 392 862 429 panem
887 392 959 430 ego
977 391 1214 429 porrexero.
1249 381 1301 416 Et
1329 387 1418 430 post
1446 381 1533 416 buc-

218 438 354 473 cellam
388 445 477 473 tunc
527 438 699 473 introivit
732 438 767 473 in
802 450 884 473 eum
917 445 1085 474 satanas.
1136 439 1263 485 Super
1289 451 1369 486 quo
1400 439 1533 486 Augu·
1588 458 1777 492 Augustino:

217 495 363 531 stinus:
397 496 485 531 Hoc
517 496 711 546 evangelii
741 495 950 544 capitulum
974 496 1135 543 fratres
1182 496 1231 531 ita
1265 496 1371 532 nobis
1415 508 1533 544 expo·
1576 491 1702 553 }Jgssdseite
1718 493 1793 554 1¹2⁰ss

186 554 381 589 §nendum
430 554 501 589 hac
546 554 710 589 leccione
746 553 992 602 propositum
1039 561 1107 599 est,
1152 561 1191 589 ut
1225 553 1299 589 iam
1333 554 1452 589 eciam
1488 554 1534 589 de
1565 561 1648 587 weed
1670 566 1724 588 out
1743 562 1793 588 the

217 611 409 646 traditore
459 611 620 646 Domini
654 623 731 660 per
768 623 908 660 panem
954 611 1112 646 tinctum
1158 611 1263 659 eique
1304 619 1531 659 porrectum
1559 596 1739 657 tareswtfganti
1759 597 1809 623 the

216 670 311 704 satis
342 668 538 704 evidenter
569 680 756 717 expresso
789 668 935 717 aliquid
967 669 1095 704 dicere
1128 669 1345 705 debeamus.
1390 669 1443 704 Et
1488 670 1534 704 de

217 725 283 761 illo
307 726 471 774 quidem,
503 727 606 775 quod
637 738 721 762 eum
753 726 827 761 iam
862 727 1199 762 demonstraturus
1220 727 1330 762 Jesus
1356 727 1533 762 turbatus

217 791 272 819 est
303 784 441 832 spiritu
470 784 662 832 preterito
694 795 872 820 sermone
900 784 1078 831 disserui,
1112 785 1182 820 sed
1203 784 1318 831 forte
1351 785 1452 833 quod
1483 784 1534 819 ibi

164 857 201 877 10
216 853 289 876 non
323 841 409 877 dixi
451 842 569 877 eciam
604 842 671 877 hec
715 842 820 878 nobis
851 841 1041 877 Dominus
1084 842 1245 892 signare
1275 854 1343 878 sua
1372 850 1531 891 pertur-

217 899 372 935 bacione
404 899 588 949 dignatus
626 907 692 945 est,
725 900 828 948 quod
858 900 1002 935 scilicet
1030 899 1165 947 falsos
1191 901 1350 948 fratres
1388 908 1423 936 et
1465 901 1531 935 do-

216 956 345 992 minici
375 957 469 1006 agri
498 957 563 992 illa
603 957 780 1009 {iqannia
813 957 864 992 ita
901 969 1051 993 necesse
1083 965 1139 993 est
1171 970 1286 1006 usque
1318 958 1370 993 ad
1398 958 1532 993 messis

215 1020 365 1063 tempus
396 1015 496 1050 inter
516 1015 725 1062 frumenta
764 1015 941 1058 tolerari,
974 1022 1014 1050 ut
1044 1016 1197 1063 quando
1231 1027 1282 1051 ex
1313 1015 1367 1051 eis
1398 1015 1528 1063 aliqua

214 1072 395 1121 separari
424 1072 543 1108 eciam
568 1079 654 1108 ante
687 1084 847 1108 messem
872 1085 1019 1122 urgens
1051 1085 1167 1109 causa
1208 1073 1415 1122 compellit,
1433 1073 1532 1122 fieri

162 1135 197 1168 15
213 1129 295 1165 sine
318 1130 474 1166 ecclesie
490 1130 792 1179 perturbacione
814 1142 886 1166 non
905 1130 1040 1179 possit.
1065 1130 1179 1166 Hanc
1189 1131 1528 1180 perturbacionem

212 1195 436 1224 sanctorum
469 1200 626 1224 suorum
655 1200 729 1237 per
761 1188 1026 1224 schismaticos
1067 1196 1101 1224 et
1132 1189 1322 1225 hereticos
1344 1189 1529 1237 futuram

213 1246 496 1293 quodammodo
524 1246 786 1295 prenuncians
819 1246 1010 1282 Dominus
1034 1246 1300 1296 prefiguravit
1322 1247 1413 1282 inse
1447 1246 1529 1295 ipso

213 1315 297 1339 cum
331 1303 486 1339 exituro
507 1304 608 1339 Juda
643 1304 794 1339 homine
815 1304 918 1340 malo
943 1311 977 1339 et
998 1304 1310 1340 commixtionem
1331 1304 1532 1353 frumenti

213 1360 249 1396 in
287 1372 359 1409 qua
399 1361 462 1396 diu
490 1362 631 1410 fuerat
668 1362 856 1397 toleratus
893 1362 1144 1410 separacione
1181 1362 1426 1410 apertissima
1467 1374 1528 1398 re-

158 1434 199 1455 20
215 1418 355 1454 licturo
387 1419 565 1455 turbatus
604 1425 660 1455 est
705 1431 776 1455 non
821 1431 939 1455 carne
980 1420 1050 1455 sed
1090 1420 1241 1468 spiritu.
1297 1419 1529 1468 Spirituales

215 1476 312 1512 enim
356 1476 435 1512 eius
478 1477 514 1512 in
559 1477 780 1513 huiusmodi
808 1477 1005 1513 scandalis
1049 1489 1122 1513 non
1161 1477 1423 1526 perversitate
1460 1478 1530 1513 sed

215 1534 380 1570 caritate
422 1535 641 1581 turbantur,
694 1547 738 1570 ne
776 1535 891 1582 forte
933 1535 970 1571 in
1013 1535 1265 1584 separacione
1308 1535 1527 1584 aliquorum

214 1591 479 1645 {izanniorum
512 1593 627 1628 simul
657 1593 816 1641 aliquod
847 1593 1069 1629 eradicetur
1099 1600 1134 1628 et
1166 1593 1350 1629 triticum.

279 1650 471 1686 Turbatus
503 1650 630 1698 itaque
660 1658 716 1686 est
746 1651 856 1686 Jesus
887 1651 1028 1699 spiritu
1062 1657 1095 1686 et
1125 1658 1366 1700 protestatus
1398 1658 1454 1686 est
1495 1657 1529 1685 et

159 1712 199 1745 25
217 1707 337 1743 dixit:
367 1708 487 1744 Amen
520 1720 630 1744 amen
665 1708 749 1744 dico
783 1708 889 1744 vobis
929 1708 1014 1756 quia
1055 1721 1150 1744 unus
1182 1720 1232 1744 ex
1264 1708 1370 1744 vobis
1400 1708 1529 1743 tradet

216 1776 286 1801 me.
326 1765 430 1802 Unus
462 1777 512 1802 ex·
545 1767 650 1802 vobis
682 1778 855 1811 numero,
890 1778 963 1802 non
997 1766 1146 1811 merito,
1182 1779 1277 1802 unus
1309 1778 1360 1802 ex
1390 1765 1527 1815 specie,

215 1835 288 1858 non
312 1823 465 1870 virtute,
498 1824 778 1860 commixcione
806 1824 1015 1872 corporali,
1048 1836 1121 1860 non
1145 1824 1296 1860 vinculo
1319 1823 1528 1873 spirituali,

215 1880 344 1917 carnis
371 1882 628 1928 admixcione,
660 1894 733 1917 non
756 1881 885 1917 cordis
906 1882 1033 1918 socius
1065 1882 1225 1918 unitate:
1257 1882 1423 1930 proinde
1455 1893 1526 1917 non

214 1938 280 1987 qui
309 1949 360 1974 ex
398 1940 503 1975 vobis
541 1947 597 1976 est
633 1940 712 1987 sed,
753 1939 817 1988 qui
857 1951 907 1975 ex
945 1939 1051 1974 vobis
1088 1940 1265 1975 exiturus
1303 1946 1370 1976 est.
1424 1939 1525 1974 Nam

160 1997 405 2045 3oquornodo
449 1997 522 2033 erit
566 2009 699 2033 verum
744 1997 846 2045 quod
884 2004 1126 2046 protestatus
1170 2004 1225 2033 est
1256 1997 1448 2033 Dominus
1493 2004 1528 2032 et

216 2054 335 2090 dixit:
372 2055 475 2091 Unus
507 2066 558 2091 ex
590 2055 715 2091 vobis:
757 2054 792 2090 si
836 2067 968 2091 verum
1003 2062 1057 2090 est
1089 2055 1189 2103 quod
1231 2055 1285 2090 ait
1317 2055 1415 2090 idem
1448 2054 1528 2103 ipse

215 2111 250 2146 in
283 2112 441 2161 epistola
473 2125 560 2160 sua,
592 2112 698 2148 cuius
730 2120 785 2148 est
817 2113 888 2148 hoc
920 2113 1187 2162 evangelium:
1218 2112 1286 2148 Ex
1317 2112 1424 2148 nobis
1446 2112 1526 2148 exi-

215 2177 327 2205 erunt
356 2171 426 2206 sed
456 2182 529 2206 non
562 2178 673 2206 erant
705 2182 755 2206 ex
787 2170 914 2209 nobis:
944 2183 1031 2205 nam
1069 2170 1293 2218 sifuissent
1324 2181 1375 2205 ex
1406 2169 1525 2215 nobis,

215 2227 445 2263 mansissent
477 2228 602 2276 utique
635 2228 840 2266 nobiscum.
876 2228 963 2263 Non
996 2228 1113 2277 igitur
1150 2235 1235 2263 erat
1267 2240 1317 2263 ex
1355 2227 1431 2263 illis
1459 2227 1526 2262 Ju—

161 2290 199 2323 35
217 2284 307 2329 das;
338 2285 539 2321 mansisset
570 2286 666 2321 enim
700 2298 784 2321 cum
818 2286 906 2331 illis,
939 2285 973 2320 si
1003 2292 1098 2321 esset
1131 2297 1181 2321 ex
1212 2285 1299 2321 illis.
1341 2285 1445 2328 Quid
1472 2292 1526 2320 est

215 2354 333 2391 ergo:
370 2343 473 2378 Unus
505 2355 556 2379 ex
588 2343 693 2379 vobis
725 2343 846 2378 tradit
878 2355 955 2378 me:
987 2343 1061 2378 nisi
1081 2355 1177 2379 unus
1200 2355 1250 2379 ex
1274 2343 1378 2378 vobis
1400 2343 1526 2378 iturus

216 2407 270 2435 est
312 2401 376 2449 qui
417 2401 546 2436 tradet
578 2413 657 2445 me,·
700 2401 785 2448 quia
824 2392 859 2436 et
891 2401 956 2435 ille
987 2401 1051 2448 qui
1080 2401 1153 2435 ait:
1197 2401 1240 2435 Si
1271 2400 1443 2448 fuissent
1475 2412 1526 2436 ex

216 2458 334 2501 nobis,
367 2459 595 2494 mansissent
617 2459 742 2506 utique
774 2458 981 2505 nobiscum,
1014 2459 1089 2493 iam
1122 2459 1297 2494 dixerat:
1331 2458 1398 2494 Ex
1420 2457 1525 2494 nobis

286 2660 310 2688 3,
333 2662 361 2689 A
381 2661 411 2688 in
434 2670 547 2696 marg:
576 2661 777 2697 Augustinus.
886 2669 913 2696 ς),
943 2663 989 2688 A:
1016 2662 1069 2688 sed
1093 2660 1251 2693 fortassis.
1360 2669 1462 2689 11-12.
1483 2660 1521 2687 B:

217 2696 344 2723 Domini
361 2698 447 2731 agri.
555 2696 597 2723 25.
618 2699 664 2723 A:
687 2704 765 2723 unus
784 2703 821 2722 ex
841 2696 916 2723 after
936 2697 1047 2722 merito
1069 2697 1162 2722 deest.

288 2780 386 2819 3-4.
413 2780 445 2811 S.
472 2780 687 2821 Augustinus
712 2779 734 2810 1.
761 2790 787 2810 c.
815 2790 894 2821 pag.
920 2778 997 2811 666.
1134 2790 1182 2811 11.
1210 2779 1328 2810 Matth.
1355 2780 1440 2818 XIII,
1471 2780 1524 2811 30.

220 2826 270 2858 32.
299 2826 321 2856 Ι.
348 2825 425 2857 Joh.
453 2825 491 2865 ΙΙ,
523 2835 570 2867 19.
