1986 3289
183 228 271 256 CAP.
295 219 419 273 mous}
571 229 629 261 DE
657 229 971 260 ANTICHRISTO
1000 229 1083 260 ΜΒ.
1110 229 1132 260 1.
1698 217 1777 264 269

182 338 457 374 estimaverunt
489 336 650 373 credere
685 335 882 371 Christum
913 335 1144 385 crucifixum
1169 346 1277 383 quem
1311 334 1377 370 lex
1409 347 1490 369 ma-

182 396 360 432 ledictum
384 394 652 439 annunciabat,
686 405 758 429 non
782 393 1040 443 intelligentes
1062 393 1149 441 quia
1174 399 1346 429 nostram
1372 392 1490 427 male-

183 453 388 489 diccionem
434 453 470 487 in
505 452 612 502 ligno
643 458 866 500 susceperat
905 458 945 486 ut
977 463 1045 487 nos
1077 451 1261 486 liberaret
1294 450 1341 485 de
1373 450 1491 485 male-

183 511 363 557 diccione,
397 522 507 558 quam
532 521 827 558 susceperamus
845 521 920 558 per
943 509 1113 559 lignum:
1146 515 1180 544 et
1211 508 1265 544 sic
1287 508 1404 556 facta
1437 514 1492 543 est

149 569 235 605 5eis
267 580 398 604 mensa
433 580 580 611 eorum,
613 567 653 602 id
684 574 751 610 est,
783 567 982 615 scriptura
1016 566 1114 617 legis
1147 578 1280 602 eorum
1314 566 1350 601 in
1382 577 1492 601 scan—

183 626 326 665 dalum.

239 685 347 730 Item⁷
392 683 563 719 videntes
607 695 690 718 eum
735 682 769 717 in
821 682 989 718 sabbatis
1027 689 1264 732 operantem,
1319 682 1493 730 leprosos

182 748 418 792 tangentem,
467 754 488 776 a
536 741 668 789 quibus
713 740 887 776 omnibus
937 740 1131 776 abstinere
1175 740 1241 776 lex
1285 740 1494 789 diligenter

180 799 417 849 precipiebat
449 798 705 849 scandalizati
734 805 821 833 sunt
854 798 889 833 in
923 810 1006 833 eum
1042 798 1227 834 dicentes:
1270 798 1347 833 Hic
1379 797 1492 833 homo

131 866 256 893 10non
289 865 344 894 est
375 869 426 893 ex
458 857 541 892 Deo
574 856 638 904 qui
674 856 875 892 sabbatum
911 868 982 891 non
1015 856 1193 902 custodit,
1248 867 1320 891 non
1353 855 1493 891 intelli-

181 923 317 966 gentes
349 915 434 963 quia
468 914 676 964 corporale
708 914 857 962 quidem
891 914 1077 960 solvebat,
1131 913 1335 962 spirituale
1366 921 1493 949 autem

185 973 379 1022 implebat.
433 972 485 1008 Et
517 973 587 1008 hoc
625 972 738 1008 modo
761 973 879 1020 facta
918 979 975 1008 est
1006 972 1058 1008 eis
1091 983 1221 1007 mensa
1255 984 1402 1018 eorum,
1456 971 1495 1006 id

183 1038 249 1075 est,
297 1031 493 1079 scriptura
539 1030 637 1080 legis
669 1041 801 1065 eorum
841 1030 877 1065 in
909 1030 1150 1066 scandalum.
1204 1030 1319 1079 Ergo
1365 1042 1495 1065 mensa

183 1095 239 1125 est
271 1089 394 1125 omnis
425 1088 621 1137 scriptura
668 1087 796 1123 divina
829 1087 865 1123 in
897 1100 971 1137 qua
1001 1085 1143 1137 {panis
1185 1087 1294 1124 verbi
1324 1087 1496 1123 nutriens

131 1146 331 1182 15animas
360 1146 510 1195 positus
553 1153 607 1182 est
639 1157 759 1194 supra
792 1157 904 1193 quam
950 1158 1081 1182 omnes
1112 1145 1314 1182 christiani
1346 1158 1495 1181 recum-

183 1205 273 1240 bunt
316 1212 350 1240 et
393 1204 599 1253 epulantur
636 1204 671 1238 in
704 1203 856 1252 spiritu.
909 1204 1176 1239 Nummularii
1217 1210 1342 1239 autem
1372 1203 1496 1251 presi-
1615 1223 1682 1251 The

184 1263 313 1298 dentes
345 1274 472 1298 mense
502 1261 561 1297 illi
590 1268 678 1297 sunt
704 1262 928 1297 sacerdotes
948 1262 1092 1311 fideles
1124 1269 1160 1298 et
1186 1262 1399 1310 prudentes
1430 1261 1496 1310 qui
1515 1259 1780 1321 ῑῐὲἳὲθᾷξξέὓᾶξξᾶδ

183 1332 267 1356 cum
302 1318 469 1356 viderint
490 1320 614 1369 fidem
648 1326 683 1355 et
722 1326 830 1355 actus
862 1319 1179 1366 christianorum,
1218 1319 1409 1368 accipiunt
1441 1319 1495 1354 iu·
1511 1328 1630 1356 faithful
1653 1328 1777 1364 priestS.

185 1378 324 1413 dicium
370 1379 416 1413 de
446 1377 652 1427 scripturis
684 1377 794 1425 quasi
824 1377 870 1412 de
908 1390 1037 1413 mensa
1071 1384 1105 1413 et
1132 1378 1355 1426 ponderant
1387 1390 1429 1413 ea
1462 1384 1497 1413 et

128 1444 168 1465 20
185 1436 364 1472 estimant
396 1443 430 1471 et
462 1435 682 1486 intelligunt
713 1435 747 1470 si
779 1435 889 1485 digni
917 1443 1005 1471 sunt
1027 1436 1111 1471 Deo
1144 1443 1210 1471 aut
1241 1435 1276 1471 si
1306 1448 1378 1471 non
1410 1443 1498 1471 sunt

186 1493 308 1544 digni.
348 1493 400 1529 Et
430 1493 465 1529 si
485 1494 622 1529 habent
651 1493 881 1543 charagma,
915 1501 1003 1529 sunt
1035 1493 1154 1542 ipsius
1185 1501 1220 1529 et
1253 1500 1403 1543 oportet
1435 1506 1498 1529 eas

185 1552 381 1587 adducere
418 1551 505 1588 huic
534 1563 672 1597 mense,
707 1551 772 1599 qui
803 1563 886 1586 cum
911 1551 1084 1587 amiserit
1102 1551 1227 1601 fidem
1252 1564 1360 1587 suanz
1385 1563 1495 1599 quam

185 1609 403 1661 baptiqatus
433 1609 603 1658 suscepit
634 1622 655 1644 a
694 1608 864 1653 Christo,
912 1617 951 1644 ut
983 1609 1019 1645 in
1053 1609 1212 1645 ecclesia
1252 1616 1496 1658 permaneat,

184 1667 400 1716 scripturas
444 1674 509 1702 aut
553 1667 659 1717 legat
690 1674 755 1701 aut
788 1667 921 1702 audiat
964 1667 1200 1703 incessanter
1238 1679 1289 1703 ex
1308 1667 1407 1717 fide,
1461 1674 1500 1702 ut

129 1731 167 1762 25
186 1725 484 1761 allocucionibus
516 1725 761 1760 sacerdotum
801 1737 1008 1773 numquam
1033 1725 1263 1773 fraudetur.
1317 1725 1499 1774 Impossi-

185 1783 258 1818 bile
289 1782 386 1818 enim
421 1790 475 1818 est
507 1790 546 1818 ut
578 1795 651 1819 non
690 1782 968 1831 multiplicetur
987 1775 1094 1832 fides
1126 1783 1257 1832 ipsius.
1303 1783 1498 1819 Paulatim

186 1841 282 1876 enim
318 1841 363 1876 de
396 1841 455 1876 die
486 1841 522 1876 in
556 1841 654 1876 diem
678 1841 796 1876 timor
829 1841 975 1877 domini
994 1848 1222 1891 generatur⁷
1254 1853 1388 1878 sensus
1422 1841 1501 1877 eius

186 1898 439 1940 illuminatur,
470 1898 632 1934 sciencia
655 1899 734 1934 eius
757 1899 908 1945 crescit,
941 1899 1196 1948 confirmatur
1218 1899 1253 1934 in
1275 1900 1374 1949 fide,
1398 1899 1501 1935 exci-

188 1963 294 1992 tatur
326 1957 377 1992 ad
410 1956 645 1992 desiderium
679 1956 796 2006 regni
825 1957 996 2001 celestis;
1040 1964 1078 1992 ut
1111 1958 1378 2006 apprehendat
1417 1970 1500 1993 eum

130 2021 171 2052 30
187 2014 293 2066 {elus
324 2014 571 2062 antiquorum
594 2021 818 2050 sanctorum
853 2026 946 2062 quos
980 2011 1093 2064 legit;
1125 2015 1321 2051 excitatur
1353 2022 1388 2051 et
1421 2016 1502 2064 ipse

182 2072 414 2121 plerumque
457 2073 508 2107 ad
554 2072 706 2108 easdem
742 2071 915 2109 virtutes.
976 2072 1086 2108 Vides
1126 2080 1308 2122 quantam
1342 2086 1500 2109 usuram

190 2130 295 2178 facit
323 2137 572 2179 augmentata
595 2130 714 2179 fides,
749 2130 840 2164 data
863 2130 915 2165 ad
936 2142 1106 2166 mensam
1130 2138 1353 2167 sanctarum
1377 2132 1502 2180 scrip-

189 2195 380 2223 turarum.
418 2188 524 2223 Sicut
546 2187 642 2223 enim
670 2187 833 2236 pecunia
867 2188 934 2223 hec
957 2189 1177 2237 corporalis
1207 2189 1359 2237 quidem
1390 2189 1425 2225 si
1454 2189 1503 2225 sit

189 2245 224 2280 in
247 2245 400 2282 sacculo
424 2245 569 2281 inclusa
603 2245 686 2294 ip'sa
719 2252 775 2281 est
796 2257 961 2294 semper,
994 2246 1029 2281 si
1049 2253 1175 2282 autem
1199 2247 1329 2295 suerit
1351 2247 1501 2298 agitata

132 2308 172 2342 35
190 2303 236 2338 de
267 2316 380 2339 manu
414 2303 449 2340 in
481 2316 635 2338 manum
670 2302 752 2352 ipso
785 2315 853 2338 usu
876 2304 1170 2352 multiplicatur,
1205 2305 1304 2341 unde
1326 2313 1360 2340 et
1383 2317 1503 2341 usura

190 2361 332 2397 dicitur
362 2362 407 2397 ab
432 2373 513 2406 usu,
547 2361 601 2397 sic
633 2368 668 2396 et
687 2361 793 2410 fides
828 2360 986 2407 Christi,
1018 2362 1205 2411 siquidem
1240 2363 1369 2399 ociosa
1401 2371 1502 2399 tene—

189 2426 280 2454 atur
324 2419 360 2454 in
393 2420 510 2455 corde
557 2431 629 2455 non
662 2418 786 2454 solum
832 2419 913 2467 ipsa
961 2427 1088 2455 manet
1119 2432 1190 2469 que
1219 2421 1305 2468 fuit
1334 2422 1403 2457 sed
1434 2422 1504 2456 aa'-

191 2477 263 2512 huc
296 2477 516 2513 minoratur
560 2477 595 2512 in
629 2476 709 2512 ocio
743 2483 778 2512 et
809 2477 993 2524 torpescit
1038 2485 1072 2513 et
1103 2478 1233 2528 segnis
1267 2479 1437 2528 efficitur
1469 2486 1504 2515 et

127 1086 140 1103 d

55 1089 124 1128 43‘0

260 2700 298 2719 10,
325 2693 361 2718 ss:
384 2700 403 2718 a
427 2692 501 2719 Deo.
596 2692 635 2720 18.
658 2694 702 2720 A:
724 2696 835 2720 actum.
927 2698 970 2726 19.
993 2694 1034 2721 A:
1058 2701 1118 2720 eos.
1217 2700 1256 2720 ει.
1277 2694 1321 2719 Α;
1343 2692 1384 2720 Et
1402 2693 1502 2726 deest3

190 2726 230 2753 ib.
253 2728 295 2753 A:
318 2734 393 2753 eam.
468 2734 502 2761 29
514 2726 586 2754 —30.
609 2729 651 2754 A:
672 2727 885 2762 apprehendat
899 2728 986 2764 zelus.
1067 2727 1108 2754 33.
1133 2728 1175 2754 A:
1196 2727 1251 2754 sed
1267 2728 1316 2754 sit.
1390 2726 1436 2761 34.
1459 2729 1502 2754 A:

191 2763 292 2787 autem
314 2761 406 2788 deesr.
498 2761 537 2789 35.
560 2763 604 2788 A:
625 2770 682 2796 pro
703 2769 768 2789 usu.

261 2855 292 2886 s).
318 2843 394 2875 Joh.
421 2844 475 2883 IX,
507 2844 555 2876 16.
