1986 3289
233 393 301 421 The
322 397 419 421 worst

205 429 314 464 heresy
331 428 360 467 *is
381 428 446 455 that

195 470 382 498 concermng
401 464 452 490 the

282 498 362 525 hosn

222 1262 375 1290 Evidence
395 1264 431 1291 of

195 1298 330 1326 Christ's
351 1298 455 1326 words

227 1337 257 1360 at
277 1333 328 1360 the
347 1332 420 1361 Last

257 1368 390 1404 Suppes.

796 188 914 220 OPUS
940 188 1276 220 EVANGELICUM
1306 188 1391 221 LIB.
1418 188 1471 219 ΙΙΙ.
1525 176 1632 230 [CAP-
1654 186 1790 214 XXXIX.

924 290 1063 332 CAP.
1097 291 1346 334 XXXIX.

536 388 637 423 Cum
686 388 907 424 secundum
957 386 1248 424 Crisostomum
1304 387 1483 436 insurget
1537 388 1793 437 episcopatus

477 458 598 493 supra
644 445 921 493 episcopatum
976 454 1013 482 et
1065 445 1372 482 seminabuntur
1424 445 1582 494 spissim
1635 447 1793 484 hereses

476 516 549 552 pro
597 512 781 551 tempore
825 503 1065 540 Antichristi
1110 503 1218 540 dicto
1262 503 1405 540 leniter
1445 505 1493 540 de
1527 506 1697 553 superba
1732 518 1793 542 ex-

477 561 679 598 altacione
730 561 849 597 unius
902 562 1157 610 episcopatus
1216 574 1337 610 supra
1388 561 1511 598 alium
1564 575 1690 611 usque
1743 565 1826 602 ad5

477 622 704 656 Romanum
750 619 998 668 pontificem,
1052 619 1120 668 qui
1173 619 1213 656 in
1266 628 1403 656 nostra
1449 629 1633 657 contrata
1684 629 1794 658 tenet

476 677 741 726 probabiliter
772 678 940 725 gradum
976 691 1195 721 summum,
1234 687 1357 715 restat
1396 691 1564 726 parvum
1599 679 1648 715 de
1682 680 1790 716 here-

475 735 584 773 sibus
624 736 916 772 disserendum.
962 738 1010 772 Et
1049 735 1206 772 videtur
1238 737 1347 784 quod
1387 736 1535 773 heresis
1575 738 1622 773 de
1662 737 1794 774 hostia

475 802 710 831 consecrata
743 803 877 831 teneat
909 796 1077 842 gradum
1113 807 1332 840 summum,
1366 794 1457 831 ideo
1488 796 1536 831 de
1566 793 1641 831 ista
1665 795 1794 832 heresi

476 861 534 890 est
566 865 709 901 parum
745 852 871 889 lacius
918 853 1264 901 pertractandum.
1310 854 1488 900 Negatur
1533 852 1638 889 enim
1685 866 1793 890 com·
1814 871 1852 892 10

476 911 652 947 munirer
690 910 730 947 in
770 910 919 947 nostris
958 911 1138 959 partibus
1176 919 1386 959 tamquam
1427 910 1649 947 hereticum
1683 912 1793 960 quod

475 969 562 1017 ipsa
595 968 726 1006 hostia
759 969 809 1006 sit
843 982 988 1017 corpus
1013 968 1161 1005 Christi
1194 968 1234 1005 in
1267 969 1397 1005 forma
1429 968 1545 1017 panis
1567 969 1629 1006 vel
1661 982 1794 1006 sacra-

477 1036 658 1064 mentum
693 1027 828 1064 calicis
860 1027 944 1064 eius
974 1027 1136 1075 sanguis
1166 1027 1207 1063 in
1230 1027 1360 1063 forma
1383 1026 1476 1073 vini,
1511 1028 1580 1063 sed
1603 1027 1794 1064 asseritur

476 1085 664 1122 accidens
703 1085 788 1122 sine
828 1085 1010 1122 subIecto
1048 1086 1108 1122 vel
1147 1084 1272 1122 nichil
1311 1085 1351 1121 in
1384 1085 1515 1121 forma
1546 1084 1706 1133 nichili3
1756 1094 1793 1122 et

476 1143 581 1180 istud
615 1143 872 1181 mendacium
912 1143 1134 1181 hereticum
1174 1152 1282 1181 tenet
1320 1143 1423 1180 inter
1461 1155 1600 1180 omnes
1633 1144 1850 1183 hereses15

477 1214 576 1251 quas
610 1202 836 1239 audivimus
870 1201 1158 1251 principatum.

535 1260 669 1297 Primo
703 1269 836 1297 autem
871 1268 1031 1309 oportet
1054 1273 1125 1308 per
1148 1260 1266 1297 fidem
1298 1258 1495 1308 scripture
1518 1268 1794 1296 transcurrere

477 1326 514 1355 et
561 1318 696 1355 videre
741 1318 837 1367 quid
881 1320 922 1355 in
965 1318 1040 1355 ista
1085 1318 1254 1355 materia
1299 1319 1417 1354 docet
1457 1317 1643 1354 dominus
1682 1319 1794 1354 Jesus

477 1376 673 1422 Christus,
713 1389 806 1413 narn
841 1377 984 1415 Matth.
1017 1378 1151 1422 XXVI,
1188 1378 1253 1422 26,
1291 1387 1356 1423 27,
1399 1379 1449 1413 28
1490 1376 1546 1412 sic
1585 1375 1791 1412 scribitur:

481 1435 713 1471 Cenantibus
745 1443 872 1471 autem
906 1436 983 1472 illis
1021 1435 1169 1484 accepit
1204 1435 1316 1471 Jesus
1354 1447 1490 1483 panem
1531 1441 1566 1470 et
1597 1434 1794 1471 benedixit
1810 1442 1852 1463 20

475 1505 521 1529 ac
557 1494 694 1544 fregit
739 1494 917 1542 deditque
969 1493 1168 1542 discipulis
1217 1493 1297 1529 suis
1341 1500 1377 1529 et
1419 1493 1492 1528 ait.-
1543 1491 1715 1542 Accipite
1759 1499 1794 1528 et

476 1552 675 1588 comedite.
721 1552 810 1588 Hoc
854 1560 911 1588 est
954 1564 1097 1601 corpus
1135 1563 1274 1587 meum.
1320 1551 1373 1586 Et
1414 1551 1604 1600 accipiens
1636 1551 1792 1587 calicem

474 1610 636 1660 gracias
669 1610 750 1661 egit
789 1617 824 1646 et
864 1610 968 1646 dedit
1000 1610 1078 1645 illis
1110 1609 1260 1646 dicens:
1304 1609 1430 1645 Bibite
1463 1621 1514 1645 ex
1545 1609 1616 1645 hoc
1647 1621 1791 1645 omnes.

476 1668 553 1704 Hic
596 1675 652 1705 est
694 1668 856 1719 sanguis
900 1680 1007 1705 meus
1050 1668 1140 1704 novi
1181 1667 1400 1704 testamenti
1439 1667 1506 1717 qui
1542 1679 1619 1716 pro
1659 1666 1793 1703 multis

475 1726 696 1775 effundetur
727 1727 763 1762 in
797 1726 1023 1763 remissione
1049 1733 1316 1776 peccatorum.
1808 1722 1848 1755 25

535 1786 590 1820 Ex
635 1797 714 1833 quo
762 1793 871 1821 textu
914 1785 1033 1833 plane
1078 1792 1187 1832 patet
1232 1783 1417 1820 fidelibus
1462 1783 1570 1831 quod
1611 1782 1792 1819 Christus

476 1841 570 1878 fecit
615 1855 763 1891 panem
811 1842 893 1879 eius
939 1855 1086 1890 corpus
1131 1851 1169 1879 et
1211 1841 1349 1878 vinum
1403 1840 1486 1877 eius
1539 1840 1791 1889 sanguinem,

477 1900 603 1947 petito
648 1902 725 1937 hoc
770 1900 877 1937 fideli
921 1900 1141 1949 porismate
1186 1901 1296 1948 quod
1340 1898 1541 1947 scriptura
1585 1911 1699 1936 sacra
1743 1898 1793 1935 sit

476 1970 568 1995 vera
614 1967 651 1995 et
695 1958 924 2007 specialiter
968 1959 1008 1995 in
1054 1958 1129 1994 hiis
1173 1957 1304 1995 verbis
1357 1956 1717 1994 sacramentalibus
1770 1969 1791 1993 a

477 2016 651 2053 Domino
685 2017 740 2054 sic
774 2016 945 2053 assertis.
1809 2015 1851 2047 30

535 2077 584 2111 Et
617 2074 723 2111 idem
757 2084 866 2123 patet
900 2074 1025 2112 Marci
1048 2076 1147 2120 XIV,
1183 2084 1365 2120 22—-24‚
1400 2073 1467 2110 ubi
1500 2072 1556 2109 sic
1586 2072 1792 2111 scribitur:

475 2133 528 2168 Et
560 2133 880 2170 manducantibus
911 2134 993 2170 illis
1024 2133 1171 2182 accepit
1190 2133 1301 2169 Jesus
1328 2144 1469 2181 panem
1503 2139 1538 2167 et
1571 2131 1794 2167 benedicens

468 2191 616 2241 fregit,
670 2199 705 2227 et
750 2192 854 2227 dedit
899 2191 976 2228 illis
1019 2199 1055 2227 et
1097 2191 1171 2227 ait:
1214 2190 1382 2235 Sumite;
1432 2190 1504 2226 hoc
1555 2197 1610 2225 est
1653 2201 1794 2238 corpus

477 2261 615 2287 meum.
661 2249 713 2285 Et
757 2257 912 2298 accepto
960 2249 1080 2286 calice
1121 2249 1283 2299 gracias
1325 2259 1446 2298 agens
1491 2247 1595 2283 dedit
1637 2247 1714 2283 illis
1758 2255 1794 2283 et

477 2307 652 2343 biberunt
685 2319 736 2344 ex
767 2320 810 2343 eo
844 2319 985 2343 omnes.
1020 2307 1072 2343 Et
1103 2307 1156 2342 ait
1188 2307 1285 2343 illis.-
1316 2306 1393 2342 Hic
1424 2313 1480 2342 est
1500 2305 1665 2356 sanguis
1687 2317 1793 2341 meus
1808 2305 1848 2338 35

476 2365 567 2401 novi
608 2366 838 2411 testamenti,
882 2365 947 2414 qui
983 2378 1060 2414 pro
1105 2365 1235 2401 multis
1279 2364 1507 2412 effundetur.
1558 2363 1625 2399 Ille
1658 2371 1791 2399 autem

478 2424 577 2459 foret
611 2422 911 2459 infidelissimus
945 2423 1142 2460 hereticus
1177 2422 1244 2471 qui
1277 2421 1522 2458 discrederet
1544 2420 1628 2458 istis
1650 2420 1792 2458 verbis.

537 2483 642 2517 Luce
683 2490 816 2517 autem
859 2483 976 2526 XXII,
1018 2493 1180 2528 19-20
1213 2480 1268 2516 sic
1301 2479 1507 2516 scribitur:
1553 2479 1605 2514 Et
1638 2486 1792 2528 accepto

472 2551 577 2588 pane
607 2539 769 2589 gracias
801 2539 882 2590 egit
914 2547 949 2575 et
969 2539 1105 2589 fregit
1137 2546 1172 2575 et
1207 2538 1311 2574 dedit
1343 2538 1396 2574 eis
1430 2538 1579 2574 dicens:
1618 2537 1706 2573 Hoc
1738 2543 1793 2573 est

549 2728 567 2746 ι.
590 2720 634 2746 Α;
659 2719 733 2754 Cap.
755 2718 925 2751 XXXVIII;
946 2719 984 2746 B:
1007 2726 1052 2754 39
1162 2726 1186 2744 2.
1208 2719 1236 2745 A
1258 2718 1286 2745 in
1309 2725 1423 2752 marga
1444 2716 1613 2744 lohannes.
1706 2724 1744 2751 17.
1766 2717 1793 2743 A

478 2755 506 2781 in
530 2762 643 2788 marg:
666 2762 687 2780 1.
797 2753 840 2780 23.
863 2755 906 2781 A:
929 2754 1052 2780 docens.
1163 2753 1209 2780 ΖΓ».
1234 2754 1262 2779 A
1289 2752 1318 2779 in
1347 2760 1461 2786 ψει-,εμπ
1491 2751 1533 2778 De
1559 2751 1661 2778 nostia
1689 2759 1794 2777 conse-

478 2792 567 2816 crata
586 2797 643 2823 per
663 2791 769 2815 totum.
791 2788 829 2815 Et
849 2788 917 2816 vide
937 2788 973 2814 de
993 2788 1052 2815 ista
1074 2789 1205 2815 viatoria
1225 2795 1320 2822 supra
1342 2787 1420 2813 libro
1442 2786 1471 2813 II
1491 2786 1565 2820 Cap.
1594 2785 1648 2812 XII
1667 2788 1696 2812 et
1716 2784 1792 2812 XIII.

478 2823 520 2850 32.
543 2824 570 2850 A
591 2823 620 2851 in
644 2831 757 2857 marg:
782 2830 806 2850 2,
893 2822 938 2850 38⁷
960 2824 987 2851 A
1008 2823 1036 2849 in
1061 2831 1173 2858 marga
1195 2831 1229 2858 3.
1322 2821 1367 2856 33,
1389 2820 1434 2855 39.
1456 2822 1500 2848 A:
1522 2821 1652 2856 Accepto
1670 2828 1792 2855 panem.
