1986 3289
113 160 164 204 84
720 165 837 196 OPUS
863 164 1197 195 EVANGELICUM
1227 164 1308 195 ΜΒ.
1330 164 1382 195 111.
1477 152 1584 205 [CAP.
1605 161 1712 189 xxm.

401 273 480 309 suis
511 273 607 308 bona
626 272 860 321 promittens
883 272 990 307 Deus
1008 283 1084 320 per
1099 271 1316 320 prophetas
1339 271 1390 306 ad
1412 270 1715 306 consolacionem

402 331 577 380 ipsorum
627 329 824 365 Christum
871 329 923 365 eis
961 329 1216 378 prophetavit
1259 335 1475 374 venturum,
1520 335 1560 363 ut
1600 335 1718 377 puta.-

400 389 453 424 Et
491 387 719 423 constituam
764 387 907 423 iudices
945 394 1030 422 tuos
1072 386 1170 422 sicut
1210 386 1344 435 prius;
1388 393 1476 422 tunc
1520 386 1718 423 vocaberis

401 446 536 482 civitas
579 445 737 480 iusticie.
784 445 900 494 Ergo
940 444 1123 493 promisit
1174 444 1338 492 quidem,
1390 456 1462 480 non
1513 451 1638 479 autem
1683 451 1718 480 et

397 502 592 552 prestitit,·
610 502 783 551 prestitit
798 509 924 538 autem
948 502 1166 538 novissimis
1187 502 1341 539 sanctis.
1367 502 1429 537 Sic
1446 514 1522 550 per
1541 501 1717 552 singulas
1734 503 1750 535 5

401 561 679 612 generaciones
699 560 945 609 peccantibus
959 561 1062 595 mala
1073 560 1306 608 promittens
1324 560 1432 595 Deus
1450 560 1501 595 ad
1522 566 1715 596 terrorem

402 631 548 665 eorum,
595 618 695 653 hunc
739 618 792 654 eis
819 618 1046 667 prophetice
1089 618 1309 653 minabatur
1353 617 1565 662 interitum,
1606 629 1715 666 quem

401 676 510 712 Iudei
539 684 627 712 sunt
650 676 770 725 passi,
804 683 843 711 ut
870 683 987 724 puta:
1015 676 1138 711 Terra
1160 683 1287 711 vestra
1313 676 1465 711 deserta
1499 682 1567 711 etc.
1601 675 1716 725 Ergo

404 735 571 770 minatus
618 741 673 769 est
718 734 933 770 hominibus
977 734 1161 780 omnibus,
1206 746 1279 769 non
1318 740 1444 783 autem
1478 741 1513 769 et
1545 733 1716 769 reddidit

401 793 470 828 sed
514 792 687 827 reddidit
732 791 985 842 generacioni
1033 791 1250 827 novissime.
1299 791 1406 827 Sicut
1447 803 1544 841 ergo
1589 791 1774 827 omnia1o

403 851 501 886 bona
533 862 604 898 que
636 850 671 885 in
703 850 869 900 singulis
891 849 1212 899 generacionibus
1236 862 1257 885 a
1281 849 1553 885 constitucione
1585 849 1718 884 mundi

403 920 533 944 omnes
577 907 702 943 sancti
746 908 1009 952 merebantur,
1061 907 1138 943 illis
1182 907 1398 943 novissimis
1441 914 1530 942 sunt
1574 907 1717 942 donata

403 966 466 1014 qui
497 973 724 1015 receperunt
753 965 967 1013 Christum,
1006 965 1060 1001 sic
1089 965 1215 1001 omnia
1249 965 1351 1000 mala
1384 977 1453 1013 que
1485 965 1520 1000 in
1553 964 1719 1015 singulis

401 1035 548 1074 genera
578 1020 582 1075 Ι
611 1024 781 1059 cionibus
827 1036 848 1058 a
888 1023 1160 1059 constitucione
1198 1023 1331 1058 mundi
1356 1023 1445 1072 pati
1494 1029 1719 1058 meruerunt
1755 1025 1840 1065 4¹3³

404 1093 534 1118 omnes
577 1081 694 1131 iniqui
741 1089 776 1117 et
807 1089 1029 1117 sanctorum
1075 1081 1356 1129 interfectores,
1409 1093 1526 1129 super
1575 1080 1773 1116 Judeos15

405 1139 633 1175 novissimos
666 1147 863 1185 venerunt,
896 1139 982 1187 quia
1021 1138 1217 1175 Christum
1252 1139 1487 1188 repulerunt.

124 1201 173 1228 No
195 1200 269 1227 such
291 1208 382 1239 {352oe
462 1198 538 1232 Aut
570 1197 643 1233 ita:
686 1197 892 1246 Nunquam
937 1197 983 1232 ab
1031 1197 1142 1232 inicio
1187 1197 1321 1232 mundi
1362 1204 1427 1232 aut
1460 1196 1548 1232 talis
1579 1196 1717 1246 gracia

115 1236 383 1297 hagiefgergnaffivren
407 1255 482 1291 Dei
512 1256 653 1291 donata
699 1262 754 1291 est
797 1255 1012 1291 hominibus
1056 1255 1180 1303 qualis
1224 1255 1260 1290 in
1305 1254 1477 1301 Christo,
1521 1261 1587 1289 aut
1631 1254 1718 1289 talis

159 1304 273 1338 Christ,
293 1313 351 1332 nor
406 1313 581 1349 interitus
621 1313 720 1348 venit
761 1325 880 1362 super
919 1312 1055 1361 impios
1087 1312 1210 1360 qualis
1268 1313 1368 1348 venit
1417 1324 1536 1361 super
1575 1311 1718 1347 Judeos

155 1340 358 1409 punsilgffiwnt
412 1371 569 1406 Christo
615 1371 782 1420 repulso.
835 1371 1033 1419 Exempla
1078 1370 1302 1419 corporalia
1357 1370 1441 1406 dico
1494 1382 1562 1418 que
1608 1369 1775 1418 passi20

127 1417 372 1471 ἃῗὴὲἃὰῐὲἓνέᾃὲξ
405 1436 493 1465 sunt
524 1441 545 1464 a
569 1429 767 1467 Romanis.
807 1428 884 1472 Qui
903 1428 999 1464 enim
1025 1428 1163 1464 melior
1194 1436 1250 1464 est
1281 1436 1315 1463 et
1347 1428 1499 1477 sapiens
1530 1427 1718 1463 abstineat

140 1479 187 1507 his
210 1478 366 1513 rejection.
405 1499 445 1523 se
476 1487 522 1522 ab
562 1486 659 1532 illis;
702 1487 736 1522 si
772 1494 899 1522 autem
945 1486 1179 1522 incontinens
1214 1486 1355 1534 fuerit,
1395 1493 1522 1534 potest
1565 1485 1716 1533 quidem

406 1545 531 1580 Deum
565 1544 600 1579 in
639 1556 806 1593 corpore
836 1544 1099 1580 advenientem
1132 1544 1340 1593 suscipere.
1384 1545 1460 1579 Aut
1492 1543 1581 1592 quid
1606 1543 1718 1591 peius

406 1602 630 1652 contingere
656 1609 784 1651 potest
813 1614 925 1650 quam
950 1602 1158 1638 Dominum
1193 1614 1276 1637 cum
1311 1609 1416 1637 tanta
1449 1600 1717 1637 misericordia

407 1668 441 1696 et
473 1660 689 1696 humilitate
733 1661 942 1696 venientem
989 1660 1041 1695 ad
1071 1672 1110 1695 se
1142 1672 1215 1695 non
1259 1659 1456 1709 suscipere
1491 1660 1560 1695 sed
1590 1659 1717 1694 adhuc
1733 1661 1772 1693 25

407 1718 622 1767 interficere
664 1725 699 1753 et
741 1718 811 1753 tali
853 1718 967 1753 modo
1005 1718 1251 1767 interficere?
1302 1718 1406 1753 Pone
1448 1729 1544 1767 ergo
1589 1717 1715 1752 Deum

407 1776 535 1812 dicere
566 1776 618 1810 ad
648 1776 747 1812 alios
769 1776 833 1824 qui
863 1782 1089 1824 receperunt
1119 1775 1338 1811 Christum:
1369 1775 1471 1811 Ecce
1502 1787 1575 1825 ego
1608 1775 1716 1811 mitto

407 1835 557 1869 advos
588 1833 719 1883 filium
767 1846 892 1869 meum
937 1834 972 1869 in
1017 1845 1183 1882 corpore
1226 1834 1392 1869 velatum
1432 1841 1467 1869 et
1510 1832 1718 1882 discipulos

410 1892 489 1927 eius
532 1892 567 1926 in
613 1892 763 1927 nomine
806 1892 924 1940 ipsius
969 1898 1003 1926 et
1048 1891 1240 1940 recipietis
1287 1903 1350 1927 eos
1394 1899 1429 1926 et
1473 1890 1638 1927 credetis
1681 1890 1716 1925 in

408 1962 506 1995 eum⁷
540 1956 580 1984 ut
624 1949 750 1984 veniat
795 1962 912 1998 super
956 1961 1022 1985 vos
1069 1949 1191 1985 omnis
1236 1949 1385 1984 iusticia
1424 1961 1494 1997 que
1515 1949 1630 1997 facta
1664 1955 1719 1984 est
1735 1952 1775 1984 30

408 2008 454 2043 ab
477 2007 572 2043 Abel
603 2019 720 2056 usque
741 2007 793 2042 ad
815 2007 1060 2043 Zachariam.
1095 2007 1232 2042 Nonne
1254 2019 1386 2042 verum
1421 2006 1540 2042 dicit?
1578 2006 1717 2041 Verum

409 2073 535 2100 tamen
581 2073 762 2113 quantum
807 2066 859 2100 ad
902 2065 1207 2115 magnitudinem
1255 2065 1394 2114 gracie
1440 2075 1510 2113 que
1542 2064 1633 2099 data
1665 2070 1720 2099 est

410 2123 625 2159 hominibus
647 2122 683 2158 in
712 2123 881 2169 Christo,
915 2135 987 2158 non
1018 2123 1155 2168 dicam,
1189 2122 1311 2158 omnis
1334 2122 1481 2158 iusticia
1509 2122 1720 2171 preceden-

411 2181 507 2217 cium
541 2188 766 2217 sanctorum
800 2193 870 2229 que
902 2181 947 2216 ab
980 2181 1090 2216 inicio
1113 2181 1229 2228 sacta
1263 2187 1317 2216 est
1349 2180 1448 2216 venit
1470 2192 1588 2229 super
1620 2179 1719 2225 illos⁷

412 2239 480 2275 sed
506 2246 616 2288 puto,
656 2239 822 2274 omnium
856 2245 1078 2274 sanctorum
1113 2238 1257 2274 iusticie
1289 2245 1435 2273 tantum
1473 2237 1618 2273 mereri
1647 2241 1774 2273 nonss}

408 2304 620 2345 potuerunt
647 2304 829 2346 quantum
863 2297 939 2332 illis
972 2297 1152 2332 donatum
1187 2303 1252 2332 est.
1288 2296 1350 2331 Sic
1382 2303 1416 2331 et
1442 2307 1559 2344 super
1579 2295 1721 2330 Judeos

412 2355 477 2403 qui
521 2355 801 2404 crucifixerunt
838 2355 1035 2390 Christum
1080 2362 1115 2389 et
1152 2354 1349 2402 persecuti
1389 2361 1476 2389 sunt
1513 2353 1721 2401 discipulos

413 2413 492 2448 eius
525 2413 714 2448 venientes
746 2413 797 2447 ad
827 2425 880 2459 se⁷
924 2419 1104 2461 quantum
1142 2413 1194 2447 ad
1225 2411 1529 2462 magnitudinem
1564 2411 1621 2446 ire
1651 2422 1722 2459 que

413 2471 530 2518 effusa
564 2478 619 2506 est
650 2482 769 2519 super
800 2483 875 2517 eos,
911 2483 982 2506 non
1017 2471 1155 2517 dicam,
1195 2470 1280 2518 quia
1314 2469 1479 2505 omnium
1514 2469 1719 2518 impiorum

483 2658 508 2686 7.
532 2650 570 2676 B:
585 2651 664 2678 hinc
684 2651 736 2678 eis.
810 2650 846 2677 13.
869 2652 912 2677 A:
935 2658 1002 2684 auc.
1095 2659 1134 2679 ιι.
1157 2651 1199 2676 A:
1221 2650 1427 2677 merebantur.
1519 2657 1558 2679 17.
1579 2650 1623 2676 A:
1642 2657 1722 2676 nunc

414 2685 467 2712 ita.
540 2684 649 2713 21—23.
676 2686 719 2713 A:
762 2685 1031 2720 Quifflsuscipere
1060 2685 1154 2712 deest.
1182 2684 1272 2711 Deest
1299 2689 1325 2711 et
1351 2684 1380 2711 in
1407 2688 1487 2711 textu
1509 2684 1622 2719 Operis
1642 2684 1719 2719 Imp.

486 2769 583 2800 3.1s.
610 2768 664 2808 62,
698 2779 744 2799 12.
819 2768 849 2799 8.
878 2769 918 2799 Is.
946 2769 967 2808 Ι,
995 2779 1024 2810 7.
