1986 3289
199 234 287 262 CAP-
314 225 443 279 XVIII-J
564 237 622 268 DE
649 235 964 267 ANTICHRISTO
993 235 1076 266 LIB.
1104 235 1126 266 1.

198 355 330 379 eorum
355 342 390 378 in
405 342 595 393 sanguine
610 342 907 391 prophetarum.
929 342 1089 390 Semper
1101 340 1216 376 Judei
1224 340 1504 389 preteritorum

197 408 419 437 sanctorum
458 401 626 437 cultores
658 401 828 448 fuerunt
865 406 900 435 et
926 399 1171 448 presencium
1210 405 1506 447 contemptores,

198 458 326 508 magis
358 465 482 494 autem
523 465 797 507 persecutores
841 464 876 492 et
907 456 1050 492 inimici
1081 456 1293 492 vivencium
1326 463 1362 491 et
1393 455 1508 491 amici

198 523 453 552 mortuorum.
499 516 585 551 Non
631 515 727 550 enim
760 514 987 550 sustinentes
1019 514 1306 563 increpaciones
1332 513 1505 562 prophe-

166 565 327 609 5tarum
372 585 530 610 suorum
571 573 904 622 persequebantur
946 583 1011 607 eos
1049 579 1083 608 et
1115 571 1349 608 occidebant.
1403 571 1504 606 Nam

199 631 411 667 volentibus
462 631 563 666 male
616 630 744 666 vivere
786 641 942 679 semper
986 629 1184 665 contraria
1230 629 1384 665 videtur
1426 640 1507 664 esse

197 689 411 738 correpcio,
457 689 603 724 dicente
636 688 863 723 Salomone:
906 688 1043 737 Argue
1079 687 1288 736 sapientem
1328 694 1362 722 et
1401 699 1506 721 ama-

201 746 253 781 bit
275 754 322 791 te,
352 746 589 796 insipientem
614 753 650 781 et
671 745 809 781 adiciet
831 745 972 782 odiose.
998 745 1136 780 Postea
1158 752 1285 780 autem
1310 752 1507 780 nascentes

197 803 280 853 filii
309 804 575 854 intelligebant
612 803 746 852 culpas
780 810 942 852 patrum
975 815 1149 849 suorum,
1204 809 1239 838 et
1283 802 1367 838 ideo
1398 802 1508 851 quasi

146 879 183 900 10
199 862 244 897 de
276 869 402 897 morte
444 861 703 897 innocencium
744 861 1030 910 prophetarum
1076 860 1247 902 dolentes
1278 859 1507 909 edificabant

199 919 426 955 memoriam
459 931 595 966 eorum
634 926 669 954 et
700 919 775 968 ipsi
804 926 930 954 tamen
967 918 1147 954 similiter
1173 918 1508 967 persequebantur

197 984 233 1012 et
263 977 540 1026 interficiebant
581 988 672 1013 suos
699 977 927 1025 prophetas,
972 976 1214 1024 increpantes
1251 987 1315 1011 eos
1341 982 1508 1024 propter

191 1042 366 1083 peccata,
411 1035 498 1084 quia
530 1035 631 1070 alter
661 1035 824 1070 alterius
855 1035 1008 1083 culpam
1041 1034 1115 1069 cito
1149 1033 1343 1083 intelligit,
1395 1045 1505 1069 suam

196 1099 323 1128 autem
365 1092 538 1142 difficile,
577 1092 664 1142 quia
694 1092 809 1128 homo
842 1092 878 1127 in
911 1104 1029 1127 causa
1058 1091 1221 1127 alterius
1253 1091 1506 1139 tranquillum

144 1157 265 1190 15cor
296 1150 420 1197 habet,
464 1150 500 1186 in
544 1162 614 1186 sua
659 1157 785 1186 autem
830 1150 1040 1185 turbatum.
1094 1149 1347 1185 Perturbacio
1379 1156 1505 1184 autem

196 1208 326 1244 cordis
376 1220 448 1245 non
482 1208 676 1257 permittit
718 1208 908 1243 hominem
947 1207 1198 1243 considerare
1235 1207 1337 1254 quod
1368 1207 1506 1242 bonum

196 1273 262 1301 est.
316 1266 380 1301 Sic
423 1278 520 1316 ergo
558 1278 633 1314 per
675 1265 853 1315 singulas
883 1265 1160 1315 generaciones
1190 1264 1305 1300 Judei
1334 1265 1508 1300 colebant

198 1323 286 1359 illos
317 1324 429 1372 quasi
457 1330 623 1370 sanctos,
654 1335 749 1372 quos
775 1331 912 1372 patres
945 1335 1078 1359 eorum
1112 1322 1223 1371 quasi
1253 1323 1376 1358 malos
1407 1322 1506 1358 occi-

198 1381 349 1420 derant.
400 1381 488 1417 Hoc
531 1388 656 1417 autem
695 1381 820 1430 fiebat
852 1393 925 1417 non
958 1388 999 1416 ut
1042 1392 1262 1429 unaqueque
1300 1380 1508 1431 generacio

141 1451 304 1476 20suam
355 1439 613 1476 innocenciam
657 1439 888 1485 ostenderet,
931 1439 1000 1475 sed
1038 1446 1078 1474 ut
1116 1439 1275 1474 invicem
1307 1450 1348 1474 se
1379 1438 1507 1474 dome-

195 1496 310 1533 sticos
330 1497 511 1547 filiorum
534 1497 672 1533 iudicio
701 1497 1040 1545 condempnarent.
1080 1496 1175 1541 Quis
1197 1496 1295 1532 enim
1328 1496 1510 1532 estimare

191 1562 319 1603 potest
362 1555 576 1591 innocentes
608 1555 671 1603 qui
701 1567 722 1590 a
746 1554 845 1602 filiis
875 1554 955 1591 suis
993 1555 1103 1603 quasi
1141 1554 1199 1590 rei
1233 1555 1507 1603 dampnantur.

199 1612 262 1648 Sic
292 1613 408 1649 Judei
436 1613 501 1662 qui
521 1613 690 1661 fuerant
728 1619 900 1662 tempore
937 1612 1086 1648 Christi
1110 1612 1326 1661 prophetas
1357 1611 1507 1660 quidem

197 1670 371 1706 colebant
402 1678 437 1706 et
468 1671 594 1706 Deum
628 1671 973 1720 persequebantur,
1025 1682 1160 1706 servos
1202 1670 1444 1705 honorabant
1475 1677 1510 1705 et

141 1733 179 1765 25
199 1726 409 1764 Dominum
425 1729 753 1778 contempnebant.
771 1729 1002 1764 Naturalem
1022 1727 1330 1764 consuetudinem
1341 1727 1509 1763 omnium

198 1786 390 1822 malorum
430 1786 624 1822 hominum
663 1786 843 1822 Christus
881 1785 1050 1835 exponit.
1097 1786 1198 1821 Nam
1231 1784 1349 1823 Judei
1385 1785 1510 1821 corri-

192 1844 356 1892 piuntur
386 1856 408 1879 a
445 1844 591 1891 Judeis,
635 1845 703 1880 sed
736 1856 834 1893 pene
865 1844 901 1879 in
935 1844 1108 1880 omnibus
1152 1844 1265 1879 malis
1297 1843 1512 1879 hominibus

197 1901 453 1948 adinvenitur,
493 1910 533 1937 ut
564 1902 661 1938 alios
691 1902 843 1951 quidem
885 1901 1037 1950 culpent
1069 1909 1246 1938 errantes
1297 1908 1333 1936 et
1370 1901 1444 1950 ipsi
1474 1900 1510 1936 in

197 1960 349 1995 eosdem
383 1967 545 1995 currant
577 1972 746 1997 erroreS.

1740 226 1788 261 65

1568 981 1628 1009 We
1649 990 1699 1010 are
1720 983 1756 1010 all

1535 1017 1628 1053 ready
1648 1022 1677 1044 to
1700 1018 1799 1044 blame

1601 1053 1718 1086 others,

142 2023 183 2055 30
255 2017 357 2053 Ecce
387 2017 422 2053 si
452 2025 490 2053 tu
522 2018 660 2054 audias
691 2018 855 2066 aliquem
890 2018 936 2053 de
974 2017 1138 2066 antiquis
1169 2016 1357 2065 episcopis
1391 2028 1509 2065 quan-
1525 2026 1578 2052 but
1597 2028 1708 2052 cannot
1729 2024 1801 2052 bear

197 2082 276 2110 tum
310 2075 374 2111 ille
406 2076 549 2123 (nescio
582 2075 664 2124 quis
695 2075 759 2122 sit)
787 2082 1011 2124 peccantem
1031 2075 1219 2124 populum
1247 2075 1365 2110 libere
1387 2074 1510 2110 incre-

192 2133 326 2181 pabat,
376 2133 431 2169 sic
468 2146 660 2182 personas
706 2133 868 2168 divitum
916 2145 988 2169 non
1039 2132 1259 2181 aspiciebat,
1309 2133 1379 2168 sed
1429 2132 1510 2168 uni-

198 2190 330 2239 cuique
361 2203 451 2226 vere
482 2191 642 2238 dicebat,
675 2191 804 2227 statim
838 2178 1152 2226 collaudas'eum
1187 2197 1221 2225 et
1251 2190 1446 2239 beatificas
1476 2187 1511 2225 et

199 2249 294 2284 dicis
325 2248 410 2297 quia
434 2249 523 2285 talis
556 2249 663 2284 debet
687 2261 767 2284 esse
799 2249 834 2284 in
863 2249 1009 2297 populo
1043 2249 1191 2284 doctor.
1226 2248 1278 2283 Et
1309 2248 1344 2283 si
1373 2247 1511 2283 audias

143 2311 182 2345 35
199 2306 285 2354 quia
318 2306 457 2354 aliquis
501 2307 629 2343 extitit
661 2306 883 2355 increpatus
915 2314 950 2341 et
972 2306 1075 2354 fecit
1107 2306 1167 2341 illi
1197 2305 1377 2340 iniuriam
1412 2305 1510 2341 vitu-

195 2376 341 2412 perans
374 2364 492 2400 dicis:
535 2364 668 2407 Quare
700 2376 773 2400 non
806 2364 984 2400 sustinuit
1017 2363 1310 2412 increpantem?
1351 2363 1442 2413 Ego
1479 2363 1514 2398 si

201 2433 319 2458 essem
353 2429 389 2457 et
421 2434 479 2458 me
501 2422 639 2470 aliquis
666 2434 742 2471 pro
766 2434 849 2457 mea
873 2421 984 2470 culpa
1018 2421 1247 2469 corriperet,
1281 2432 1354 2456 non
1386 2420 1509 2456 solum

201 2492 272 2515 non
317 2480 513 2515 irascerer
554 2480 622 2516 sed
653 2479 782 2529 magis
812 2480 1043 2530 gauderem.
1089 2479 1195 2514 Sicut
1227 2478 1325 2514 enim
1349 2478 1511 2526 familia

271 2691 305 2711 11.
326 2684 370 2711 A:
392 2686 421 2711 et
440 2686 541 2710 tamen
560 2691 690 2718 semper.
781 2691 828 2717 24.
848 2684 893 2710 A:
914 2682 1114 2710 honorabant
1132 2682 1225 2709 deest.
1311 2688 1358 2716 29.
1380 2680 1422 2708 B:
1445 2688 1511 2708 cur-

201 2721 280 2745 rent.
381 2717 425 2752 35,
445 2717 493 2746 36.
514 2718 554 2746 B:
575 2718 740 2753 increpans
759 2718 846 2745 dicis.
937 2717 981 2752 37.
1004 2718 1041 2744 ss:
1062 2725 1109 2744 me
1128 2717 1222 2744 deest.
1296 2715 1340 2743 38.
1361 2716 1405 2743 A:
1436 2716 1513 2742 iras-

201 2753 297 2786 cerit;
316 2753 356 2780 ib.
378 2753 416 2780 B:
436 2754 516 2780 sicut
534 2756 645 2780 autem.

271 2858 302 2889 7.
329 2848 431 2879 Prov.
460 2849 513 2888 IX,
541 2849 572 2879 8.

1600 2060 1740 2094 reproof·

1577 2095 1744 2121 ourselves.
