1986 3289
136 208 208 233 120
731 206 848 237 orus
876 206 1209 236 EVANGI=31,J(;1JM
1243 207 1322 236 12115.
1352 207 1402 237 ιιι.
1469 195 1575 248 [ων.
1599 205 1733 232 xxxiii.

416 312 580 349 virtutes
619 311 865 359 evangelicas
905 320 941 348 et
990 311 1281 348 dimitteremus
1321 312 1562 362 superbiam,
1617 315 1736 350 extol·

415 370 587 407 lenciam
621 382 666 405 ac
698 369 956 406 indueremus
989 369 1271 416 humilitatem,
1307 372 1428 407 modo
1452 384 1531 419 quo
1556 371 1735 408 Christus

418 427 567 473 docuit,
603 427 737 463 statim
773 427 847 463 ista
882 427 1076 464 dissensio
1110 430 1329 466 sedaretur.

136 459 394 531 ῡειῆἓέειξῃὲδι-Οοεκ
476 488 524 521 Et
572 487 709 521 eodem
758 487 878 521 modo
925 485 1124 522 credimus
1169 488 1216 522 de
1261 485 1454 522 divisione
1499 487 1573 523 hac
1612 487 1736 524 tercia

129 528 522 590 betfffffgdessssqtgssssaninter
555 545 703 579 Grecos
744 552 780 579 et
814 543 977 580 Latinos
1018 556 1064 580 ac
1101 545 1148 580 de
1189 544 1382 580 divisione
1427 544 1591 581 iniciata
1632 545 1736 581 inter

233 597 292 624 and
420 614 546 650 papas
582 603 807 638 Romanum
842 610 878 637 et
910 601 1191 638 Avinonicum.
1226 602 1417 638 Omnium
1453 602 1558 638 enim
1592 602 1733 639 talium

214 640 252 652 -0

147 634 387 694 alssxgffingffissgd
421 669 478 697 est
526 672 647 696 causa
690 672 885 695 venenum
941 660 1127 708 superbie
1171 660 1363 697 iniectum
1409 672 1479 708 per
1527 660 1731 697 diabolum

191 703 228 738 by
249 702 345 735 pride.
421 718 525 754 inter
546 717 748 765 ypocritas
772 717 1003 754 militantes.
1043 719 1091 754 Et
1114 718 1321 766 quodlibet
1347 718 1515 754 istorum
1546 719 1736 755 fundatur

421 777 461 812 in
494 776 622 812 heresi
657 777 838 812 doctrine
877 776 1103 824 evangelice
1137 777 1245 824 quod
1286 776 1502 812 militantes
1542 776 1734 813 deficiunt

422 835 461 870 in
495 834 659 882 sequela
693 842 730 870 et
762 833 802 869 in
836 834 1015 870 moribus
1050 833 1203 870 domini
1235 836 1323 870 Jesu
1359 833 1520 872 Christi.
1568 836 1660 871 Ideo
1693 843 1735 870 ut

422 905 512 928 vere
558 893 734 928 declarat
779 892 1024 939 Augustinus
1076 892 1115 928 in
1154 894 1210 928 De
1248 894 1351 928 Vera
1392 891 1596 940 Religione
1631 889 1635 944 Ι
1672 904 1735 928 ca-

422 950 549 998 pitulo
582 951 721 986 XXXV
760 962 832 985 non
871 958 926 986 est
966 950 1150 999 possibile
1194 951 1421 986 militantem
1464 962 1631 999 peccare
1678 950 1737 986 vel

422 1008 694 1044 dissensionem
728 1008 828 1044 inter
867 1009 1013 1044 viantes
1052 1009 1152 1044 oriri
1189 1009 1263 1044 nisi
1293 1020 1344 1044 ex
1377 1009 1446 1044 hoc
1479 1009 1579 1057 quod
1610 1008 1735 1044 altera

417 1079 516 1116 pars
561 1067 620 1102 vel
664 1066 792 1102 verius
839 1074 1002 1115 utraque
1041 1066 1169 1115 deficit
1207 1066 1242 1101 in
1280 1067 1432 1114 sequela
1474 1066 1620 1102 domini
1647 1066 1735 1102 Jesu

427 1125 575 1161 Christi
619 1125 678 1160 vel
711 1124 900 1172 faciendo
934 1125 1035 1172 quod
1076 1125 1156 1173 ipse
1201 1125 1401 1173 prohibuit
1434 1124 1493 1159 vel
1530 1124 1736 1160 omittendo

423 1183 596 1218 virtuosa
630 1195 749 1231 opera
783 1194 852 1230 que
880 1183 1066 1231 precepit.
1115 1183 1244 1218 Causa
1278 1191 1412 1218 autem
1446 1194 1592 1230 magna
1625 1181 1737 1217 istius

422 1240 681 1277 dissensionis
726 1249 817 1276 sunt
855 1241 961 1288 leges
1002 1249 1037 1276 et
1079 1240 1314 1276 extollencia
1348 1242 1527 1276 Romane
1561 1239 1736 1285 ecclesie,

422 1298 516 1347 quia
560 1299 648 1346 plus
693 1300 904 1334 attendunt
948 1298 1004 1334 illi
1044 1299 1111 1346 qui
1156 1299 1267 1334 lucra
1307 1297 1446 1334 mundi
1487 1298 1647 1346 sapiunt
1689 1298 1737 1333 ad

138 1360 204 1407 Th}2
225 1359 309 1409 chief
327 1359 400 1386 fauit
421 1358 525 1404 leges
566 1359 745 1393 Romane
798 1356 978 1403 ecclesie,
1024 1369 1099 1404 que
1151 1365 1241 1392 sunt
1286 1355 1528 1392 tradiciones
1573 1355 1739 1392 subdole

133 1394 669 1461 Rolffmliiltglltiiich,Antichristi,
704 1427 824 1462 quam
860 1415 1071 1451 attendunt
1105 1416 1154 1450 ad
1187 1415 1313 1462 legem
1350 1413 1542 1461 evangelii
1576 1422 1642 1450 aut
1664 1414 1740 1450 vir-

422 1481 524 1509 tutes
587 1472 743 1509 domini
794 1474 884 1508 Jesu
937 1472 1099 1518 Christi,
1163 1473 1257 1520 quia
1308 1472 1339 1508 si
1393 1473 1739 1520 preponderarent

423 1530 690 1567 humilitatem
726 1530 902 1576 Domini,
943 1543 1024 1567 non
1058 1532 1344 1567 contenderent
1384 1530 1488 1566 circa
1527 1529 1740 1577 dignitates

423 1588 712 1625 ecclesiasticas
758 1588 797 1624 in
838 1591 1020 1625 Romana
1060 1588 1183 1638 curia,
1229 1601 1302 1625 nec
1347 1588 1413 1624 illa
1453 1588 1603 1624 foveret
1642 1589 1740 1624 tales

424 1647 720 1692 contenciones,
755 1648 822 1683 sed
856 1646 961 1694 ipsas
994 1646 1236 1694 extingueret
1269 1646 1370 1682 sicut
1404 1646 1595 1684 Christus.

869 1830 1008 1871 CAP.
1039 1829 1284 1870 XXXIII.

483 1925 673 1974 Sequitur
724 1926 763 1961 in
815 1934 923 1961 textu
969 1924 1181 1973 evangelii:
1243 1925 1344 1960 Tunc
1392 1925 1548 1961 tradent
1593 1935 1658 1959 vos
1704 1924 1738 1958 in

424 1984 715 2020 tribulacionem
761 1991 795 2019 et
840 1984 1011 2019 occident
1057 1996 1136 2028 vos,
1189 1991 1224 2018 et
1268 1983 1375 2018 eritis
1428 1982 1514 2018 odio
1567 1981 1740 2019 omnibus

425 2043 603 2092 gentibus
631 2049 799 2091 propter
830 2053 964 2079 nomen
998 2054 1134 2076 meum.
1170 2041 1221 2076 Et
1250 2048 1338 2076 tunc
1370 2039 1740 2092 scandalizabuntur

425 2100 536 2135 multi
579 2107 613 2135 et
652 2100 809 2135 invicem
851 2101 1004 2135 tradent
1042 2107 1078 2135 et
1115 2099 1201 2134 odio
1243 2099 1432 2134 habebunt
1470 2098 1642 2134 invicem.
1688 2097 1740 2132 Et

426 2158 537 2194 multi
578 2158 915 2207 pseudoprophete
964 2165 1128 2207 surgent
1179 2165 1214 2192 et
1265 2158 1443 2192 seducent
1488 2155 1641 2191 multos.
1687 2155 1740 2190 Et

425 2216 601 2264 quoniam
626 2214 834 2251 abundabit
857 2216 1047 2264 iniquitas,
1079 2215 1311 2264 refrigescet
1340 2214 1484 2250 caritas
1513 2214 1737 2250 multorum.

431 2274 507 2317 Qui
536 2281 661 2309 autem
689 2274 1005 2322 perseveraverit
1035 2285 1151 2321 usque
1182 2273 1217 2308 in
1239 2273 1375 2322 finem,
1410 2271 1468 2307 hic
1490 2271 1621 2306 salvus
1654 2270 1736 2306 erit.

425 2332 477 2367 Et
511 2332 782 2380 predicabitur
821 2333 890 2367 hoc
930 2332 1173 2381 evangelium
1209 2330 1323 2380 regni
1360 2330 1395 2365 in
1436 2329 1614 2365 universo
1648 2328 1740 2364 orbe

425 2390 460 2425 in
502 2390 756 2425 testimonium
791 2389 964 2425 omnibus
995 2389 1185 2439 gentibus,
1226 2396 1260 2424 et
1292 2396 1380 2424 tunc
1413 2387 1532 2423 veniet
1564 2398 1738 2423 consum-

427 2459 559 2483 macto.

493 2651 525 2692 ‚25
558 2652 630 2690 ss.i¹¹
653 2659 764 2686 marga
787 2659 845 2685 33.
936 2651 1053 2685 26-27.
1076 2651 1119 2678 A:
1143 2651 1277 2678 iit-vos
1297 2651 1391 2678 deest.
1482 2649 1528 2685 34.
1552 2650 1595 2677 A:
1617 2652 1644 2677 et
1664 2652 1736 2677 lunc

426 2690 527 2714 reniet
546 2691 642 2713 twice.

499 2816 539 2847 ΞΓ)
578 2816 694 2847 Matlh.
720 2817 838 2856 XXIV,
865 2828 921 2859 0-
942 2827 988 2856 ¹4-

1756 849 1793 869 10

1773 954 1857 995 416⁴¹

1758 1127 1792 1159 15

1757 1427 1796 1448 20

1756 2159 1797 2191 30

1754 2442 1793 2476 35
