1986 3289
181 237 269 264 CAP.
291 227 370 281 LX]
577 239 635 269 DE
664 237 979 269 ANTlCHRISTO
1009 238 1091 268 [ΑΒ.
1118 237 1141 267 1.

179 353 304 382 autem
338 346 441 381 mala
475 345 625 393 quidem
661 344 799 393 deponi
829 344 875 379 ab
909 344 973 389 eis,
1012 344 1108 379 bona
1141 350 1267 378 autem
1303 355 1374 378 non
1407 355 1488 378 sus-

179 404 280 453 cipit7
315 403 381 438 ille
412 403 555 438 dicitur
585 410 739 451 apertos
771 402 912 437 habere
944 401 1134 438 introitus.
1174 401 1389 449 Propterea
1424 413 1488 435 va-

178 469 308 498 cantes
336 473 399 497 eos
432 460 625 496 inveniens
658 460 833 495 inimicus
867 460 985 494 intrat
1020 460 1070 495 ad
1105 459 1287 495 animam.
1324 459 1489 507 Propter

179 519 280 568 quod
323 531 417 567 opus
461 525 516 554 est
560 525 598 552 ut
630 518 694 554 isti
724 518 906 553 introitus
951 530 1023 553 non
1067 517 1191 553 solum
1237 528 1310 552 non
1355 523 1490 552 vacent

147 578 214 613 5in
247 576 371 623 malis,
404 577 473 612 sed
504 576 622 612 eciam
647 583 687 611 ut
707 575 781 611 sint
803 575 926 611 clausi
946 582 981 610 et
1007 575 1116 623 pleni
1136 582 1172 610 et
1203 574 1361 623 oppilati
1382 574 1489 610 bonis

176 635 367 670 adversus
409 635 525 679 mala,
579 641 619 669 ut
662 633 787 669 malus
833 633 993 681 spiritus
1037 645 1109 668 non
1153 632 1319 668 inveniat
1363 632 1486 667 locum

176 692 409 728 introeundi.
468 692 575 727 Unde
605 692 800 740 sapienter
832 691 972 727 Petrus
1017 691 1107 726 dicit
1150 691 1201 726 ad
1239 689 1487 736 Clementem,

176 751 365 799 quomodo
419 750 527 785 debet
571 750 653 796 quis
695 749 931 785 incessanter
974 760 1043 797 que
1075 748 1151 784 Dei
1191 755 1278 783 sunt
1322 748 1426 797 loqui
1455 755 1491 783 et

177 808 368 859 cogitare,
402 807 580 856 quoniam
614 807 648 842 si
679 819 784 842 mens
807 807 938 854 fuerit
970 807 1005 841 in
1039 806 1111 841 hiis
1143 813 1328 855 occupata
1363 805 1489 841 malus

125 878 250 902 1onon
283 866 425 901 invenit
470 866 593 901 locum
640 865 692 900 ad
724 872 900 900 mentem.
961 864 1245 912 Consequenter
1292 864 1489 912 propheta

177 935 250 959 non
284 923 384 959 dixit
416 931 588 958 tantum:
632 923 777 958 Beatus
823 923 883 957 vir
916 922 980 971 qui
1018 934 1091 958 non
1137 922 1229 957 abiit
1261 922 1297 957 in
1330 921 1488 957 concilio

178 981 380 1030 impiorum
414 988 449 1017 et
482 981 517 1016 in
552 981 610 1016 via
639 988 891 1029 peccatorum
926 992 998 1016 non
1030 979 1132 1015 stetit
1164 987 1199 1015 et
1231 979 1267 1015 in
1300 980 1487 1015 cathedra

171 1039 393 1087 pestilencie
424 1051 496 1074 non
529 1039 639 1085 sedit,
682 1039 751 1073 sed
788 1038 959 1073 addidit:
1011 1038 1088 1073 Sed
1131 1038 1166 1072 in
1213 1038 1299 1087 lege
1332 1036 1490 1072 Domini

178 1097 356 1132 voluntas
400 1097 479 1133 eius
526 1104 560 1132 et
605 1096 640 1131 in
675 1096 761 1147 lege
793 1096 871 1132 eius
916 1096 1164 1131 meditabitur
1197 1095 1257 1131 die
1289 1107 1333 1130 ac
1365 1102 1484 1131 nocte.

124 1159 160 1191 15
177 1155 228 1189 Et
260 1155 406 1190 Paulus
446 1167 529 1190 cum
571 1154 735 1190 diceret:
779 1154 865 1190 Non
898 1161 953 1189 est
997 1154 1103 1199 nobis
1135 1153 1386 1189 colluctuacio
1419 1154 1487 1188 ad-

178 1224 311 1248 versus
343 1224 499 1248 carnem
524 1219 558 1247 et
581 1212 824 1261 sanguinem,
858 1224 929 1247 non
965 1212 1065 1247 dixit
1097 1218 1264 1246 tantum:
1300 1211 1490 1259 Deponite

176 1270 279 1306 mala
323 1270 392 1305 sed
427 1270 607 1319 suscipite
638 1277 883 1305 armaturam
920 1270 1006 1313 Dei,
1051 1276 1090 1304 ut
1117 1269 1275 1317 possitis
1308 1269 1490 1304 resistere

176 1328 211 1363 in
245 1328 305 1363 die
337 1328 453 1374 malo,
487 1328 526 1363 id
565 1335 631 1373 est,
680 1328 806 1363 omnia
840 1328 935 1363 bona
957 1327 1096 1376 facite.
1153 1327 1258 1362 Sicut
1290 1327 1385 1362 enim
1421 1339 1488 1362 vas

176 1385 357 1434 quamdiu
401 1392 456 1421 est
484 1386 640 1434 plenum
682 1386 727 1421 de
758 1385 885 1433 aliquo
919 1397 990 1420 non
1025 1385 1161 1433 recipit
1193 1384 1487 1433 supermissum,

120 1458 161 1479 20
175 1444 207 1479 si
237 1450 363 1479 autem
398 1456 559 1479 vacuum
581 1443 724 1492 fuerit,
759 1443 893 1492 recipit
926 1455 1037 1478 omne
1068 1443 1169 1490 quod
1207 1442 1391 1478 mittitur:
1434 1442 1488 1478 sic

177 1502 288 1537 lzomo
321 1501 501 1549 quamdiu
531 1508 735 1550 occupatus
758 1508 813 1537 est
845 1501 970 1546 malis,
996 1513 1067 1536 non
1102 1500 1236 1549 recipit
1268 1502 1419 1546 bonum,
1454 1507 1489 1535 et

175 1560 209 1595 si
233 1566 519 1608 preoccupatus
554 1559 686 1607 fuer.'t
729 1559 835 1594 bonis
878 1558 1029 1607 repellit
1072 1558 1239 1593 malum:
1289 1558 1323 1593 si
1360 1565 1486 1593 autem

176 1629 242 1653 nec
264 1617 334 1653 isto
371 1629 436 1653 nec
469 1617 533 1652 illo
558 1616 803 1665 occupaverit
837 1623 998 1652 mentem
1033 1616 1154 1652 omnis
1175 1615 1336 1664 spiritus
1368 1615 1488 1650 intrat

174 1675 210 1710 in
243 1687 341 1710 eum.

118 1737 157 1769 25
232 1733 386 1768 Intrans
418 1740 543 1768 autem
583 1744 655 1768 non
692 1732 821 1768 statim
863 1732 966 1768 ducit
998 1732 1049 1767 ad
1076 1739 1277 1780 peccatum
1310 1731 1378 1767 sed
1404 1731 1487 1779 pri-

175 1803 277 1825 mum
312 1790 476 1826 delectat
508 1802 591 1825 cum
626 1790 739 1825 malis
771 1797 806 1825 et
838 1801 989 1825 sensum
1030 1789 1254 1825 carnalibus
1286 1788 1488 1824 desideriis

173 1848 314 1898 alligat
345 1860 428 1884 eum
452 1855 487 1883 et
514 1855 649 1896 postea
683 1847 786 1883 ducit
809 1847 861 1882 ad
885 1854 1101 1896 peccatum,
1134 1847 1286 1895 quando
1309 1846 1384 1882 iam
1419 1846 1490 1882 etsi

174 1905 355 1956 intelligit
388 1906 531 1941 malum
565 1917 646 1941 esse
666 1906 769 1954 quod
789 1905 895 1953 facit
928 1917 999 1940 non
1027 1911 1153 1953 potest
1184 1904 1367 1940 resistere
1398 1916 1486 1940 con-

174 1971 235 1998 tra
269 1964 425 2000 malum.
471 1963 514 1998 Si
544 1975 641 2014 ergo
689 1971 724 1998 te
767 1963 991 2013 negligente
1024 1963 1180 1998 domum
1223 1962 1402 2011 corporis
1434 1962 1490 1997 tui

118 2027 159 2060 30
175 2022 245 2057 hoc
277 2022 391 2057 modo
423 2033 586 2057 seruare
617 2021 817 2071 ingressus
838 2021 969 2069 fuerit
990 2020 1071 2068 fur
1103 2020 1278 2056 diabolus
1310 2027 1345 2055 et
1366 2021 1487 2069 sura-

174 2086 234 2115 tus
256 2079 387 2127 fuerit
426 2078 648 2115 vestimenta
682 2079 908 2128 nupciarum
954 2078 1088 2127 quibus
1126 2085 1160 2114 te
1194 2085 1417 2114 renovatum
1452 2078 1488 2112 in

174 2137 363 2186 baptismo
402 2137 525 2172 induit
556 2137 675 2180 Deus,
720 2137 754 2172 si
786 2136 1129 2185 fici-atunauruin
1175 2136 1390 2172 intellectus
1422 2136 1487 2181 tui,

172 2195 207 2230 si
246 2195 464 2230 divinorum
509 2194 747 2243 eloquiorum
793 2201 1001 2244 argentum
1047 2195 1148 2242 quod
1178 2194 1357 2242 forsitan
1402 2205 1486 2229 cum

174 2252 293 2288 multo
314 2252 529 2300 fabricasti
559 2253 704 2297 labore,
737 2253 770 2287 si
801 2252 1021 2287 linteamina
1042 2252 1288 2302 graciarum,
1321 2263 1392 2300 que
1422 2251 1491 2287 tibi

118 2312 157 2345 35
176 2310 279 2346 dedit
300 2310 419 2356 Deus,
452 2322 536 2346 cum
561 2317 597 2346 te
618 2311 824 2359 adoptaret
845 2310 880 2345 in
893 2310 1040 2359 filium,
1073 2316 1294 2359 ceterasque
1327 2309 1489 2345 virtutes

173 2367 396 2416 spirituales
428 2368 567 2403 tollens
598 2368 649 2403 ad
680 2375 715 2403 te
748 2368 998 2403 dormientem
1023 2368 1171 2416 fecerit
1204 2374 1239 2403 te
1271 2367 1485 2403 mendicum

175 2432 210 2461 et
246 2426 388 2461 nudum
411 2425 508 2461 sicut
537 2437 697 2475 serpens
717 2425 863 2461 Adam:
894 2425 984 2475 quid
1005 2425 1165 2474 facies?
1196 2425 1386 2472 quomodo
1419 2437 1487 2459 nu-

176 2484 247 2519 dus
269 2490 355 2519 ante
376 2489 617 2532 conspectum
641 2483 803 2519 Domini
824 2483 899 2519 Dei
929 2483 985 2518 tui
1006 2483 1195 2519 accedes?
1226 2483 1279 2518 Et
1310 2482 1375 2517 ille
1406 2482 1485 2530 qui-

176 2542 259 2577 dem
293 2541 418 2577 nudus
449 2541 649 2577 abscondit
691 2553 731 2577 se
762 2541 861 2577 inter
900 2541 1008 2591 ligna
1036 2540 1236 2590 paradisi:
1287 2547 1326 2575 tu
1360 2547 1485 2575 autem

245 2741 264 2760 1.
285 2733 328 2760 A:
358 2733 497 2766 deponis.
593 2733 618 2760 3.
641 2734 684 2760 A:
707 2740 760 2760 eos
780 2732 875 2760 deest.
977 2732 1017 2767 18,
1039 2741 1080 2768 19.
1102 2734 1146 2760 A:
1168 2740 1221 2760 vas
1241 2740 1332 2767 quam
1353 2731 1485 2759 Domini.

175 2766 219 2795 38.
242 2768 286 2794 A:
307 2770 380 2794 ante
390 2766 521 2803 faciem.

250 2862 297 2882 11.
326 2851 452 2882 Psalm.
481 2852 503 2891 Ι,
534 2862 559 2891 1,
588 2861 617 2882 2.
695 2851 743 2882 15.
771 2850 859 2892 Eph.
889 2853 943 2891 VI,
976 2861 1024 2891 12,
1056 2853 1104 2884 13.

1590 1725 1687 1763 VVary

1521 1761 1708 1796 proceeding
1727 1762 1762 1789 of

1531 1796 1581 1823 the
1600 1800 1741 1831 temptes.
