1986 3289
189 204 277 231 CAP.
299 194 392 247 [ιιι]
571 206 629 237 DE
657 206 969 237 ANTICHRISTO
999 207 1081 237 ΜΒ.
1109 206 1131 237 1.
1715 211 1789 248 195

190 313 368 349 notanda
402 320 437 348 et
470 313 666 349 servanda
691 320 747 348 est
771 311 918 348 Christi
942 312 1158 358 sentencia,
1193 314 1356 361 quando
1389 313 1502 350 dicit:

188 371 319 407 Nolite
357 370 467 405 exire
498 378 533 406 et
572 370 687 406 nolite
725 370 897 408 credere.
943 370 1073 406 Nolite
1111 370 1276 419 inquam
1322 370 1425 408 exire
1457 373 1505 407 de

189 429 266 464 fide
299 436 428 464 vestra
462 427 689 475 evangelica
721 429 811 463 Jesu
842 427 990 464 Christi
1023 428 1139 464 sectis
1173 428 1405 465 melioribus
1438 430 1506 465 ad-

188 487 377 531 herendo,
403 498 493 521 eum
510 498 589 522 non
612 485 661 521 sit
677 485 866 533 possibile
882 498 964 521 esse
979 494 1129 522 sectam
1150 486 1269 522 aliam
1286 486 1506 526 meliorem.

155 546 170 577 5
245 546 293 579 Et
326 552 521 591 quantum
556 544 607 579 ad
640 543 927 591 promissiones
951 544 1114 591 papales
1148 545 1195 580 de
1231 544 1506 592 spiritualibus
1530 551 1606 590 ‚Fut
1626 560 1665 579 no
1685 556 1765 579 trust

186 601 452 649 indulgenciis
484 601 563 638 sive
607 601 686 636 suis
719 600 915 648 suffragiis
949 601 1079 638 Nolite
1119 603 1301 648 credere;
1343 603 1412 638 sed
1445 614 1504 638 se·
1528 594 1558 613 ¹¹¹
1579 587 1792 621 mdulgenceS.

188 660 364 695 cundum
420 659 598 706 regulam
647 658 742 706 legis
774 660 865 694 Jesu
911 658 1041 695 nostri
1074 659 1233 707 operari
1272 661 1421 696 bonum
1456 661 1505 696 ad

187 717 412 765 profectum
449 716 626 759 ecclesie,
674 716 934 753 conformiter
977 729 1047 753 sue
1080 717 1156 765 legi
1202 726 1239 754 et
1271 717 1506 766 proporcio-

187 774 372 811 nabiliter
404 776 454 811 ad
487 776 575 820 hoc7
622 775 697 810 hoc
738 782 807 820 est,
842 776 891 810 ad
923 774 1043 811 vitam
1088 784 1260 812 vestram
1298 775 1505 824 propriam

136 846 173 867 10
189 841 225 868 et
259 845 403 878 mores,
437 845 459 869 a
492 834 574 868 Deo
609 831 718 868 eritis
751 832 950 879 premiati.
985 835 1033 869 Et
1065 832 1137 869 ista
1173 834 1358 870 doctrina
1391 846 1507 870 evan-

189 890 314 938 gelica
347 891 448 926 foret
480 890 684 937 signanter
716 903 737 926 a
771 890 979 926 catholicis
1012 892 1270 927 attendenda.

246 949 323 984 Sed
356 947 528 984 obicitur
560 947 841 993 communiter,
883 961 972 984 cum
1005 950 1116 984 Jesus
1149 958 1285 986 noster
1317 949 1366 986 sit
1400 951 1504 986 Deus
1520 957 1544 997 It
1563 956 1593 995 is,¹
1609 956 1702 984 asked
1723 957 1793 992 why

189 1014 225 1042 et
258 1007 393 1052 homo,
441 1018 564 1053 quare
596 1018 677 1041 non
711 1005 879 1041 destruit
924 1015 1051 1042 sectas
1085 1015 1123 1042 et
1155 1008 1372 1055 prophetas
1405 1007 1504 1044 alios
1520 991 1794 1062 cgggsstmcgtocfeglgssot

188 1064 457 1108 adversantes,
490 1076 627 1111 ymmo
660 1071 811 1099 sectam
844 1076 957 1100 suam
992 1073 1028 1100 et
1060 1077 1209 1100 nomen
1242 1064 1388 1101 Christi
1421 1073 1502 1101 tam
1611 1065 1700 1088 sects.

136 1122 305 1171 15plene
353 1121 546 1157 dilucidat
578 1123 685 1169 quod
730 1133 811 1157 non
856 1121 904 1157 sit
938 1122 1047 1158 color
1092 1122 1316 1171 cuicunque
1360 1122 1504 1159 viventi

188 1192 260 1215 suo
293 1179 447 1215 nomini
480 1178 695 1216 adversari.

245 1238 323 1273 Sed
368 1238 417 1273 ad
464 1236 562 1272 illud
615 1236 761 1273 dicitur
806 1238 1024 1273 secundum
1071 1238 1350 1274 Ecclesiastem
1398 1240 1674 1287 quodThetime
1694 1246 1720 1274 is
1741 1251 1794 1274 not

187 1295 312 1330 omnia
358 1302 507 1343 tempus
545 1295 683 1330 habent
727 1301 762 1330 et
803 1295 881 1330 suis
924 1295 1062 1343 spaciis
1092 1303 1293 1332 transeunt
1325 1297 1505 1333 universa
1623 1286 1682 1318 yet.

185 1353 252 1388 sub
284 1353 375 1391 sole.
408 1353 500 1388 Ideo
535 1365 576 1388 ex
611 1352 687 1388 fide
717 1351 994 1399 cognoscimus
1028 1355 1136 1401 quod
1169 1362 1326 1401 tempus
1359 1354 1503 1399 veniat,

130 1424 172 1445 20
188 1412 348 1458 quando
382 1410 453 1445 erit
487 1411 604 1446 finale
638 1409 844 1454 iudicium,
891 1412 1052 1458 quando
1097 1424 1176 1447 non
1222 1411 1296 1447 erit
1341 1412 1504 1461 aliquod

187 1468 318 1504 vivum
366 1469 516 1504 habens
568 1469 627 1504 vel
673 1468 848 1504 colorem
905 1468 1168 1516 sophisticum
1215 1470 1274 1505 vel
1318 1469 1503 1518 spiritum

189 1526 363 1573 aliquem
397 1534 503 1562 secte
536 1534 604 1562 aut
637 1525 712 1573 legi
750 1528 840 1561 Jesu
874 1526 946 1562 Dei
979 1527 1104 1563 nostri
1150 1536 1186 1563 et
1225 1527 1378 1564 domini
1411 1528 1505 1564 resi-

188 1583 335 1628 stendi;
372 1591 408 1619 et
440 1583 479 1619 in
511 1596 579 1631 spe
612 1583 724 1619 istius
757 1584 1050 1620 consolacionis
1073 1597 1211 1621 sumus
1235 1586 1506 1623 consolabiter

187 1641 365 1689 quietati.

130 1705 169 1736 25
244 1701 292 1735 Et
339 1697 523 1746 querenti
572 1711 696 1746 quare
730 1701 834 1735 Deus
870 1699 1066 1747 permittit
1111 1700 1211 1736 tales
1249 1700 1505 1738 infidelitates

186 1766 223 1793 et
255 1765 381 1793 sectas
420 1755 721 1793 irracionabiles
767 1756 925 1793 veritati
967 1758 1188 1794 orthodoxe
1232 1758 1324 1795 fidei
1366 1761 1504 1796 adver-

185 1814 276 1860 sari,
312 1827 402 1850 cum
437 1816 542 1849 Deus
587 1823 623 1849 et
654 1816 766 1850 Jesus
811 1823 947 1851 noster
979 1815 1029 1851 sit
1061 1816 1317 1864 omnipotens
1362 1826 1399 1854 et
1432 1830 1502 1866 per

186 1884 432 1920 consequens
478 1880 610 1919 posset
642 1872 811 1908 faciliter
855 1873 953 1909 tales
993 1873 1173 1910 malicias
1206 1873 1413 1922 impedire,
1466 1885 1503 1912 et

186 1943 274 1966 cum
310 1931 385 1966 hoc
418 1930 519 1964 foret
553 1941 596 1964 ex
630 1942 826 1966 consensu
860 1931 1091 1967 huiusmodi
1124 1931 1408 1980 increpandus,
1447 1933 1502 1970 vi—

129 1993 170 2025 30
185 1989 300 2023 detur
344 1988 451 2035 quod
495 1988 618 2023 homo
663 1996 798 2024 noster
828 1989 940 2024 Jesus
985 2001 1027 2024 ex
1059 1988 1129 2025 tali
1164 1990 1413 2038 negligencia
1446 2000 1514 2028 est·

184 2046 419 2093 culpandus,

242 2102 397 2139 Dicitur
412 2103 632 2138 secundum
656 2103 776 2139 fidem
798 2104 906 2151 quod
925 2105 1041 2140 docet
1056 2105 1262 2152 apostolus
1279 2107 1502 2156 Rom.V111‚
1573 2115 1630 2143 We
1651 2120 1733 2143 must

187 2162 257 2198 28:
292 2161 442 2196 Scimus
473 2160 649 2208 quoniam
674 2161 920 2211 diligentibus
942 2161 1069 2198 Deum
1093 2164 1219 2198 omnia
1243 2171 1504 2212 cooperantur
1544 2158 1680 2189 suppose
1700 2151 1763 2178 that

1547 2185 1680 2212 lieresoes
1701 2186 1759 2213 and

185 2219 220 2253 in
254 2219 404 2262 honum,
457 2218 532 2253 hiis
577 2217 645 2266 qui
678 2220 897 2255 secundum
942 2219 1193 2267 propositum
1239 2221 1370 2257 vocati
1411 2231 1503 2258 sunt
1570 2220 1760 2247 ersecutions

129 2280 168 2313 35
186 2275 325 2322 sancti,
361 2284 397 2311 et
430 2275 485 2311 sic
509 2287 553 2311 ex
576 2275 653 2312 fide
683 2276 959 2313 concludimus
982 2279 1091 2326 quod
1114 2278 1255 2314 melius
1289 2288 1346 2315 est
1379 2279 1502 2316 eccle-
1572 2256 1762 2324 apvffirgoggod

186 2333 241 2369 sie
281 2333 399 2369 matri
446 2342 581 2369 nostre
626 2335 734 2381 quod
769 2335 996 2371 alternatim
1036 2337 1252 2372 succedant
1284 2337 1382 2373 tales
1415 2349 1502 2385 per-

187 2391 418 2427 secuciones
463 2399 500 2426 et
544 2392 702 2427 hereses
747 2404 866 2439 quam
914 2395 1022 2440 quod
1066 2406 1164 2441 pure
1209 2394 1293 2430 sine
1336 2404 1502 2442 peccato

186 2449 368 2485 homines
401 2447 485 2484 sine
518 2448 685 2485 crimine
718 2449 949 2487 militarent.
995 2452 1094 2488 Cum
1137 2451 1242 2488 enim
1281 2454 1501 2489 secundum

187 2519 326 2543 omnes
351 2514 477 2543 sectas
502 2508 607 2543 Deus
637 2506 686 2543 sit
709 2507 978 2555 omnipotens,
1012 2509 1254 2546 omnisciens
1276 2519 1313 2546 et
1345 2523 1501 2547 summe

255 2707 279 2733 7.
304 2699 340 2726 13:
363 2699 481 2726 domini
499 2699 606 2726 nostri.
699 2699 740 2727 25.
763 2701 790 2727 A
811 2700 841 2727 iu
864 2709 976 2736 marga
1001 2701 1137 2736 Questz‘o.
1212 2701 1255 2729 32.
1277 2703 1305 2729 A
1326 2702 1355 2729 in
1378 2711 1495 2737 marg:

186 2734 312 2760 solacio⁴
403 2733 445 2761 33.
467 2735 510 2761 A:
534 2734 629 2761 Deum
649 2734 743 2762 deest.

259 2827 287 2847 2.
315 2817 434 2848 Matth.
459 2818 582 2856 XXIV,
611 2817 663 2849 26.
766 2829 814 2860 17.
841 2819 974 2850 Eccles.
1000 2820 1052 2859 lll7
1087 2831 1110 2860 1,.

1335 2879 1400 2910 13÷
