1986 3289
201 199 288 228 CAP.
310 191 433 244 LX1x-]
573 202 632 233 DE
658 201 974 233 ANTicHRlsTO
1002 201 1085 232 ΜΒ.
1113 202 1137 232 1.

203 321 391 346 canonum
424 309 689 358 apostolorum
724 308 878 347 dicitur,
938 307 1015 352 Qui
1045 314 1172 343 autem
1212 319 1262 343 ex
1294 307 1509 344 hominibus

199 367 401 404 ordinatus
432 374 500 413 est,
546 373 728 414 quantum
762 367 813 401 ad
844 366 984 413 Deum,
1030 378 1101 401 non
1135 373 1191 401 est
1230 366 1414 401 diaconus
1446 374 1512 402 aut

198 425 394 461 sacerdos.
441 424 555 474 Ergo
601 424 636 459 in
674 424 943 460 sacerdotibus
975 424 1124 472 quidem
1169 431 1204 459 et
1236 423 1407 459 diaconis
1439 436 1510 459 non

198 490 254 519 est
284 483 457 518 inventus
479 482 543 530 qui
567 482 712 531 perdat
735 482 878 517 talenta
912 482 975 529 qui
995 481 1201 517 secundum
1230 481 1508 530 prescienciam

165 541 406 577 5ordinatur
437 552 459 575 a
492 540 588 575 Deo.
634 540 676 575 In
704 539 963 588 popularibus
1002 546 1128 574 autem
1163 539 1286 575 evenit
1317 540 1508 587 quomodo

201 598 322 634 eciam
357 598 420 646 qui
446 605 633 646 peccator
654 597 823 645 futurus
857 604 911 632 est
943 610 964 632 a
997 597 1082 632 Deo
1114 597 1263 646 accepit
1281 597 1385 646 fidei
1412 610 1507 647 gra-

197 656 306 692 ciam.
342 656 558 691 Secundum
593 656 660 690 lzec
693 666 789 705 ergo
820 667 890 703 que
922 655 1104 699 diximus,
1138 655 1172 690 si
1197 655 1411 704 presbyter
1443 662 1508 690 aut

197 714 379 750 diaconus
406 720 593 761 peccator
624 713 797 748 inventus
820 712 969 760 fuerit:
1006 712 1185 761 quoniam
1232 719 1413 760 quantum
1456 714 1508 748 ad

193 771 469 820 prescienciam
493 770 570 806 Dei
600 770 714 818 (sicut
745 770 819 805 iam
854 770 1041 817 diximus)
1075 782 1146 805 non
1180 782 1230 806 ex
1252 770 1336 806 Deo
1367 771 1436 806 sed
1458 783 1507 806 ex

144 841 182 863 10
197 829 411 865 hominibus
447 829 585 877 factus
633 828 785 863 videtur
823 828 1039 878 presbyter
1070 835 1135 863 aut
1169 827 1365 874 diaconus,
1400 828 1508 876 quasi

198 887 319 923 laicus
351 886 544 922 invenitur
587 886 687 922 inter
719 898 781 921 eos
819 886 883 933 qui
914 898 1028 921 unum
1061 886 1245 921 talentum
1268 885 1371 934 fidei
1400 898 1505 922 acce-

192 952 346 994 perunt.
395 944 449 980 Ac
486 956 562 993 per
611 944 682 979 hoc
715 956 822 979 nemo
865 943 1069 980 ordinatus
1100 956 1121 978 a
1155 944 1238 979 Deo
1266 951 1403 992 peccat
1435 944 1510 979 nisi

197 1002 261 1050 qui
291 1014 405 1037 unum
445 1002 627 1037 talentum
674 1001 813 1051 accipit
844 1014 865 1036 a
899 1002 995 1037 Deo.
1050 1002 1140 1037 Ideo
1191 1008 1317 1037 autem
1364 1002 1507 1051 gracia

196 1060 298 1109 fidei
328 1059 500 1096 omnibus
532 1072 553 1095 a
586 1060 670 1095 Deo
698 1066 913 1107 prestatur,
958 1059 1096 1108 gracia
1136 1066 1261 1094 autem
1304 1059 1507 1095 clericatus

144 1118 269 1153 15non
302 1118 475 1154 omnibus
505 1117 574 1153 sed
606 1116 748 1167 dignis,
790 1117 876 1165 quia
921 1117 956 1151 in
1004 1116 1071 1151 illa
1117 1129 1233 1152 causa
1272 1117 1407 1152 salutis
1439 1124 1506 1162 est,

197 1175 232 1211 in
266 1175 339 1211 ista
371 1182 497 1211 autem
532 1175 770 1223 dispensacio
804 1174 976 1210 misterii.
1010 1175 1112 1210 Nam
1147 1182 1181 1210 et
1208 1174 1504 1223 paterfamilias

198 1245 388 1269 annonam
421 1233 573 1282 quidem
607 1232 781 1268 omnibus
813 1232 936 1268 servis
963 1239 1131 1281 prestat,
1185 1232 1345 1283 negocia
1378 1240 1504 1268 autem

197 1303 266 1327 sua
299 1303 371 1327 non
419 1291 593 1326 omnibus
638 1290 852 1327 committit.
906 1290 1115 1326 Abscondit
1161 1297 1286 1325 autem
1320 1290 1504 1326 talentum

196 1360 305 1384 suum
339 1349 374 1384 in
407 1356 515 1384 terra
561 1348 625 1396 qui
654 1348 843 1396 accipiens
876 1348 1055 1384 noticiam
1094 1347 1243 1384 Christi
1273 1348 1507 1397 contempnit

139 1418 182 1441 20
198 1406 316 1442 vitam
349 1406 591 1455 spiritualem
638 1413 672 1441 et
705 1406 740 1441 in
773 1406 941 1441 terrenis
984 1406 1130 1441 actibus
1175 1413 1210 1441 et
1243 1405 1388 1442 deliciis
1419 1418 1506 1442 con-

197 1476 368 1508 versans,
403 1464 529 1500 obruit
552 1464 650 1499 illud
672 1464 707 1498 in
731 1475 848 1499 carne
875 1475 943 1499 sua
967 1471 1001 1499 et
1023 1463 1342 1500 sollicitudinibus
1374 1464 1507 1499 mundi

196 1522 306 1570 quasi
334 1522 453 1571 spinis
475 1522 611 1570 effocat
632 1521 733 1572 fidei
761 1534 828 1557 sue
860 1521 996 1557 bonum
1021 1528 1055 1557 et
1084 1534 1156 1558 non
1178 1522 1285 1570 facit
1307 1521 1502 1569 fructum.

194 1578 281 1615 Hoc
326 1587 381 1615 est
423 1580 520 1615 enim
565 1579 747 1615 talentum
793 1579 828 1614 in
873 1586 981 1615 terra
1025 1580 1262 1615 abscondere
1305 1580 1406 1627 quod
1450 1586 1505 1615 est

194 1649 321 1673 semen
356 1637 464 1673 verbi
495 1637 595 1673 inter
627 1637 757 1686 spinas
789 1637 967 1685 effocare.

138 1696 177 1728 25
252 1695 456 1730 Sciendum
490 1701 546 1730 est
568 1702 693 1731 autem
726 1695 830 1744 quod
861 1695 926 1730 ille
953 1695 1018 1744 qui
1038 1695 1147 1743 fodit
1180 1694 1357 1745 graciam
1391 1707 1500 1730 suam

195 1752 229 1787 in
263 1759 410 1788 terram
445 1764 517 1788 non
544 1765 710 1801 peccare
728 1753 913 1802 proponit
933 1753 1003 1788 sed
1024 1753 1214 1788 iusticiam
1248 1764 1320 1788 non
1344 1753 1498 1800 facere.

199 1809 276 1852 Qui
317 1817 443 1846 autem
485 1818 648 1859 peccant
692 1823 763 1846 non
813 1811 1049 1846 abscondere
1096 1810 1274 1846 videntur
1321 1810 1510 1860 graciam

192 1879 301 1903 suam
344 1869 414 1903 sed
457 1880 720 1917 corrumpere.
770 1868 812 1903 Si
854 1880 951 1918 ergo
999 1869 1036 1903 in
1076 1869 1253 1904 tenebras
1285 1868 1502 1904 exteriores

193 1925 397 1961 mittuntur
427 1926 491 1974 qui
511 1933 665 1975 accepto
700 1926 814 1961 verbo
837 1926 938 1975 fidei
968 1926 1181 1962 carnaliter
1203 1926 1364 1961 vivendo
1385 1927 1502 1974 fruc-

136 1986 178 2018 30
193 1989 271 2018 tum
305 1983 450 2019 iusticie
481 1996 553 2019 non
577 1984 776 2032 fecerunt,
821 1991 934 2032 putas
974 1984 1009 2019 in
1041 1984 1174 2032 quales
1206 1984 1384 2019 tenebras
1415 1991 1502 2019 sunt

193 2040 297 2087 ituri,
329 2041 392 2089 qui
422 2041 544 2090 ipsum
575 2042 758 2076 talentum
781 2041 883 2090 fidei
911 2053 978 2077 sue
1004 2042 1201 2090 peccando
1228 2041 1500 2090 perdiderunt.

193 2098 264 2134 Ille
295 2099 359 2146 qui
377 2099 487 2147 fodit
519 2099 701 2134 talentum
726 2111 834 2134 suum
867 2099 1005 2135 similis
1037 2106 1092 2134 est
1125 2099 1341 2149 virginibus
1359 2099 1501 2147 fatuis,

190 2167 262 2204 que
293 2156 472 2192 habentes
503 2156 715 2205 lampades,
750 2157 873 2193 oleum
907 2169 979 2192 non
1003 2157 1164 2202 habent,·
1194 2165 1271 2192 tam
1307 2157 1402 2192 enim
1437 2157 1501 2191 ille

191 2224 303 2261 quam
336 2214 406 2250 iste
432 2221 671 2263 putaverunt
696 2226 812 2263 posse
832 2214 1017 2264 sufficere
1047 2214 1120 2250 sibi
1150 2215 1202 2249 ad
1232 2214 1395 2250 salutem
1429 2214 1501 2250 hoc

135 2278 174 2310 35
190 2270 316 2307 solum
349 2272 451 2320 quod
482 2272 690 2308 credebant
722 2272 757 2307 in
796 2272 1007 2308 Christum.

248 2328 353 2364 Nam
388 2341 477 2365 vere
509 2330 579 2365 etsi
608 2330 792 2365 talentum
832 2342 904 2366 non
947 2329 1134 2378 perdidit,
1188 2330 1227 2364 id
1264 2336 1331 2373 est,
1372 2330 1497 2378 fidem

191 2386 351 2421 Domini
378 2387 448 2433 sui,
482 2394 607 2423 tamen
652 2399 741 2423 reus
783 2395 838 2423 est
869 2387 1037 2436 dampni.
1077 2388 1163 2422 Non
1207 2387 1304 2422 enim
1332 2394 1500 2436 propter

191 2443 262 2479 hoc
292 2444 417 2480 solum
461 2445 715 2493 unusquisque
735 2445 787 2494 fit
826 2445 1072 2491 christianus,
1118 2451 1156 2480 ut
1186 2445 1236 2480 sit
1266 2445 1499 2481 christianus

190 2513 352 2538 servans
396 2502 579 2538 talentum
612 2503 715 2551 fidei
755 2515 834 2552 sue,
886 2503 954 2538 sed
1002 2509 1042 2537 ut
1085 2509 1267 2551 operetur
1310 2503 1497 2538 iusticiam

130 2565 176 2596 40
198 2559 364 2595 Christo.
399 2560 504 2595 Sicut
535 2561 631 2596 enim
664 2561 728 2609 qui
755 2561 972 2596 seminandi
1001 2573 1115 2595 causa
1139 2560 1328 2609 accipiens
1358 2573 1498 2607 semen,

260 2672 284 2691 2.
301 2665 343 2692 A:
365 2665 395 2692 in
408 2665 558 2693 diaconis.
631 2675 659 2699 4.
675 2665 844 2700 A:perdit.
901 2665 928 2692 6.
949 2666 992 2693 A:
1009 2663 1282 2700 peccatorfuerit.
1330 2674 1432 2693 10—11.
1454 2667 1498 2693 A:

190 2699 245 2726 sed
263 2699 366 2726 laicus.
441 2707 473 2726 11.
495 2699 637 2734 Azfidei
655 2701 748 2726 deest.
840 2707 867 2727 12
883 2699 933 2726 -13
966 2702 1010 2727 A:
1032 2699 1074 2726 Ac
1090 2708 1149 2734 per
1168 2701 1296 2726 ltoc—-a
1317 2700 1384 2727 Deo
1405 2701 1497 2727 deest.

193 2742 234 2766 14-
255 2735 299 2760 A:
320 2734 487 2761 claritatis.
580 2743 618 2769 17.
640 2736 684 2761 A:
706 2736 808 2761 autem
829 2735 923 2761 deest.
1013 2742 1125 2761 20—21.
1146 2735 1191 2761 A:
1207 2742 1438 2768 consummans;
1460 2735 1498 2762 ss:

191 2768 333 2795 correxit.
407 2776 450 2795 22.
472 2776 533 2795 suc.
556 2770 599 2796 lla
619 2769 709 2796 codd.
732 2773 760 2795 et
781 2770 948 2796 concordat
970 2777 1039 2795 cum
1060 2773 1143 2795 textu
1164 2769 1193 2795 in
1211 2770 1271 2803 Op.
1292 2769 1369 2804 Imp.
1387 2769 1497 2805 Chrys.

193 2803 275 2837 Opp.
298 2807 370 2829 tom.
394 2803 445 2829 VI.
468 2803 601 2830 CCXXI.
700 2810 746 2837 29.
777 2805 820 2830 A:
848 2803 936 2830 verbo
958 2803 1026 2830 Det.
1117 2802 1160 2830 32.
1181 2805 1225 2830 A:
1254 2811 1341 2830 suum
1361 2803 1454 2830 deest.
1476 2804 1497 2831 B

192 2837 222 2863 in
244 2845 357 2871 marg:
381 2837 477 2864 addit.

1302 2877 1366 2916 174³

1718 205 1797 243 259

1541 720 1771 760 Consequently

1569 756 1619 783 the
1640 764 1745 783 smner

1538 792 1651 827 always
1671 796 1781 818 counts

1548 834 1580 853 as
1601 835 1617 853 a
1637 826 1770 862 layman.

1564 1706 1589 1733 It
1608 1706 1634 1733 is
1656 1711 1684 1733 [ο
1706 1707 1741 1733 be

1518 1741 1638 1768 noticed
1659 1741 1724 1768 that
1744 1741 1793 1768 the

1545 1776 1695 1803 servant's
1716 1776 1762 1803 sin

1574 1818 1638 1837 was
1659 1811 1731 1849 only

1577 1849 1727 1880 negatlve.

1586 2352 1660 2391 Siqs
1681 2354 1717 2380 of

1530 2394 1682 2414 ormsslon
1703 2396 1773 2423 may

1574 2421 1610 2448 be
1629 2430 1730 2457 grave.
