1986 3289
188 258 276 285 CAP.
298 249 338 302 1.]
567 262 624 293 DF.
651 261 966 294 ANTICHRISTO
996 263 1079 294 Lm.
1106 263 1129 294 1.
1767 256 1785 290 3

186 366 372 402 Homines
403 374 526 402 autem
560 368 606 402 ab
639 368 748 403 inicio
780 368 903 403 creati
950 375 1037 403 sunt
1070 376 1237 417 propter
1274 381 1325 413 se,
1361 377 1496 417 postea

185 431 311 460 autem
354 425 576 460 Sacerdotes
619 425 789 460 ordinati
830 432 918 460 sunt
955 432 1124 474 propter
1163 438 1240 461 vos.
1281 426 1497 475 Propterea

187 493 278 517 vero
311 489 450 517 natura
483 481 655 530 ipsorum
689 489 756 527 est,
790 483 989 518 ordinacio
1028 489 1154 518 autem
1187 495 1320 520 eorum
1355 491 1495 520 vestia.

190 538 245 573 U
251 539 298 575 de
342 539 377 575 si
406 540 496 574 bene
528 540 711 582 vixeri,nt
745 551 876 575 eorum
910 547 964 575 est
996 540 1161 583 lucrum,
1192 541 1227 576 si
1257 541 1348 576 bene
1380 542 1495 577 docu-

152 595 294 640 5er’‚int
335 603 516 632 vestrum.
561 597 732 646 Accipite
764 609 860 647 eroo
892 598 993 645 quod
1026 606 1196 633 vestrum
1229 605 1284 633 est
1315 606 1350 634 et
1382 600 1498 634 nolite

185 653 375 690 discutere
405 655 518 703 quod*
539 662 594 691 est
625 627 829 691 alienum.D
841 655 946 690 Sicut
979 655 1075 691 enim
1109 656 1331 692 sacerdotes
1363 657 1498 693 docent

184 711 301 746 eciam
347 712 519 761 infideles
556 720 724 762 propter
744 712 888 762 fideles
927 713 1062 748 melius
1093 713 1304 749 iudicantes
1331 722 1498 763 propter

183 769 300 805 bonos
344 769 461 805 eciam
508 770 632 806 malos
668 771 813 818 fovere
856 782 968 817 quam
1010 778 1177 819 propter
1220 771 1344 807 malos
1376 772 1494 807 eciam

183 826 300 862 bonos
332 827 554 877 negligere.-
584 828 639 863 sic
661 835 696 863 et
719 839 786 863 vos
803 835 970 876 propter
991 828 1109 863 bonos
1130 829 1353 864 sacerdotes
1376 829 1494 865 eciam

130 884 306 919 lomalos
348 884 545 929 honorate,
592 897 636 920 ne
673 893 841 934 propter
897 885 1020 921 malos
1072 886 1192 921 eciam
1249 887 1366 922 bonos
1409 899 1495 923 con-

185 942 400 990 tempnatis.
448 943 592 979 Melius
630 950 685 978 est
728 943 825 978 enim
870 943 984 978 malis
1015 943 1112 978 iusta
1154 951 1338 992 prestare
1381 956 1494 992 quam

181 999 287 1034 bonis
331 1000 428 1035 iusta
472 1000 713 1039 subtiaheie
761 1001 1001 1049 Frequenter
1045 1001 1142 1036 enim
1191 1009 1226 1037 et
1266 1002 1312 1037 de
1344 1002 1778 1057 1101111116(ΟοᾱῐωςῑΠῃέζ

181 1056 285 1092 malo
329 1057 425 1093 bona
472 1058 648 1093 doctrina
688 1059 879 1106 procedit.
924 1058 1027 1094 Ecce
1059 1059 1156 1094 enim
1202 1066 1237 1094 et
1269 1059 1355 1095 vilis
1387 1057 1785 1117 terrfflnffybffimssafssfm

176 1114 395 1162 preciosum
428 1127 567 1151 aurum
595 1116 792 1164 producit.
839 1116 1037 1164 Numquid
1070 1124 1237 1165 propter
1270 1116 1382 1153 vilem
1416 1124 1494 1153 ter-

128 1170 164 1202 15
180 1183 265 1206 ram
305 1172 524 1221 preciosum
569 1185 707 1208 aurum
740 1173 1053 1222 contempnitur?
1097 1174 1175 1210 Sed
1222 1174 1318 1210 sicut
1355 1187 1494 1210 aurum

179 1228 338 1279 eligitur
381 1237 416 1265 et
447 1238 554 1266 terra
596 1231 841 1279 relinquitur,
883 1231 937 1267 sic
976 1238 1011 1266 et
1044 1244 1111 1267 vos
1143 1232 1364 1268 doctrinam
1397 1232 1496 1268 acci-

173 1286 254 1335 pite
285 1294 320 1322 et
351 1299 480 1324 mores
511 1288 721 1336 relinquite.
762 1289 863 1324 Nam
897 1296 937 1323 ut
967 1288 1102 1337 apibus
1134 1290 1250 1325 herbe
1280 1290 1498 1326 necessarie

178 1356 250 1380 non
282 1352 370 1380 sunt
385 1346 453 1381 sed
473 1345 600 1395 flores
631 1346 840 1382 herbarum
873 1346 1009 1397 (flores
1038 1346 1135 1382 enim
1159 1347 1224 1383 ille
1244 1347 1432 1397 colligunt
1463 1355 1497 1384 et

178 1401 318 1438 herbas
327 1402 574 1451 relinquunt),
595 1403 649 1439 sic
664 1411 698 1439 et
708 1404 903 1454 vosflores
923 1404 1096 1440 doctrine
1116 1405 1287 1455 colligite
1301 1413 1336 1441 et
1353 1405 1495 1441 malam

123 1469 164 1490 20
178 1460 511 1496 conversacionem
546 1461 759 1510 relinquite,
792 1469 832 1497 ut
863 1462 972 1510 quasi
1004 1462 1148 1498 inutilis
1180 1463 1298 1498 herba
1328 1471 1491 1499 arescat.

177 1517 312 1552 Fidem
341 1518 547 1566 predicant
583 1526 618 1554 et
650 1519 856 1568 infideliter
885 1527 1020 1570 agunt,
1047 1531 1185 1568 pacem
1218 1520 1305 1556 aliis
1337 1521 1429 1556 dant
1461 1528 1495 1556 et

178 1574 251 1610 sibi
281 1587 353 1610 non
386 1576 536 1621 habent,
584 1577 784 1612 veritatem
818 1577 979 1613 laudant
1010 1584 1045 1612 et
1077 1578 1277 1613 mendacia
1311 1578 1492 1628 diligunt,

179 1632 393 1668 avariciam
437 1634 631 1684 castigant
668 1642 703 1670 et
734 1635 945 1671 avariciam
991 1642 1184 1673 exercent.
1245 1635 1342 1679 Quia
1394 1636 1495 1671 scire

179 1689 315 1725 bonum
349 1698 383 1726 et
415 1691 559 1726 malum
593 1692 628 1727 in
661 1699 801 1727 natura
828 1693 997 1741 positum
1031 1699 1098 1738 est,
1122 1693 1266 1740 facere
1297 1701 1422 1729 autem
1456 1694 1492 1728 in

124 1747 163 1779 25
180 1747 386 1794 voluntate,
422 1749 506 1784 ideo
540 1750 631 1785 bene
663 1749 792 1785 dicere
814 1750 982 1786 omnium
1007 1757 1074 1795 est,
1098 1750 1344 1799 benefacere
1366 1758 1491 1787 autem

173 1816 402 1853 paucorum.

235 1862 337 1913 Legi
366 1864 528 1912 aliquem
561 1864 615 1900 sic
645 1865 960 1913 interpretantem
983 1865 1083 1900 hunc
1104 1865 1250 1901 locum:
1288 1866 1492 1911 Quoniam,

178 1919 308 1968 inquit,
352 1933 470 1970 super
514 1922 755 1967 cathedram,
788 1922 828 1957 id
861 1930 928 1967 est,
973 1922 1008 1958 in
1047 1923 1194 1959 honore
1225 1931 1260 1960 et
1289 1925 1423 1974 gradu
1456 1924 1492 1959 in

177 1989 248 2025 quo
272 1979 413 2026 fuerat
444 1979 620 2031 Moyses,
647 1980 837 2028 paulatim
871 1981 924 2015 ad
950 1980 1060 2028 peius
1104 1981 1265 2027 redacti,
1299 1982 1494 2018 constituti

122 2037 163 2068 30
176 2042 263 2070 sunt
295 2044 428 2072 contra
461 2037 638 2072 meritum
679 2050 786 2073 suum
820 2038 944 2074 scribe
981 2045 1016 2073 et
1041 2038 1222 2086 pharisei
1251 2039 1404 2089 indigni
1431 2040 1495 2088 qui

178 2092 301 2142 legem
330 2094 608 2143 prophetantes
657 2096 703 2130 de
746 2095 899 2131 Christo
937 2103 1097 2132 venturo
1123 2097 1381 2145 predicabant
1410 2098 1491 2146 qui-

178 2150 262 2186 dem
307 2151 407 2197 aliis,
451 2151 525 2200 ipsi
566 2160 691 2188 autem
741 2165 813 2188 non
859 2153 1093 2202 recipiebant
1135 2166 1219 2189 eum
1249 2162 1467 2203 presentem
1482 2170 1492 2190 .-

171 2215 337 2257 propter
381 2210 451 2245 hoc
501 2210 734 2245 hortabatur
771 2211 959 2260 populum
1012 2212 1149 2247 audire
1200 2213 1325 2262 legem
1378 2224 1489 2260 quani

172 2266 428 2313 predicabant
459 2275 495 2302 et
517 2268 670 2315 facere,
705 2269 745 2303 id
775 2276 843 2314 est,
877 2269 1038 2305 credere
1069 2269 1105 2304 in
1133 2269 1329 2306 Christum
1358 2270 1490 2319 predi-

121 2324 161 2358 35
176 2330 300 2359 catum
334 2337 355 2359 a
388 2325 475 2374 Iege
505 2333 541 2360 et
572 2338 645 2361 non
677 2326 824 2361 imitari
853 2326 1001 2362 scribas
1032 2334 1067 2362 et
1088 2327 1294 2375 phariseos
1315 2328 1490 2364 incredu-

177 2380 235 2416 los
273 2382 522 2430 predicantes
568 2383 604 2418 in
649 2383 736 2433 lege
780 2384 827 2419 de
863 2384 1019 2420 Christo
1052 2391 1087 2420 et
1118 2396 1191 2420 non
1224 2386 1423 2421 credentes
1455 2386 1490 2420 in

48 2428 132 2469 404d
177 2450 273 2476 eum.
304 2437 308 2487 Ι
337 2439 389 2474 Et
433 2440 603 2475 reddidit
651 2453 806 2477 causam
853 2449 893 2477 ut
933 2442 1026 2490 quid
1051 2442 1308 2491 predicabant
1339 2443 1489 2491 quidem

177 2495 212 2530 in
257 2496 342 2546 lege
392 2497 590 2533 Christum
634 2506 835 2534 venturum
885 2506 919 2535 et
966 2512 1037 2535 non
1083 2501 1290 2537 credebant
1321 2500 1357 2535 in
1390 2512 1489 2541 eum,

176 2553 261 2601 quia
295 2554 421 2590 omnia
464 2567 581 2603 opera
624 2568 693 2591 sua
730 2556 891 2604 faciunt
934 2564 974 2592 ut
1018 2557 1222 2593 videantur
1272 2558 1317 2593 ab
1370 2558 1492 2593 homi-

118 2629 162 2659 40
177 2611 295 2656 nibus,
359 2620 394 2647 et
448 2613 533 2660 quia
578 2625 667 2648 vere
718 2626 791 2649 non
845 2615 1100 2662 predicabant
1152 2615 1348 2651 Christum
1402 2628 1489 2651 ven-

244 2760 261 2787 8
292 2761 336 2788 A:
358 2765 387 2788 et
405 2762 524 2794 malos
543 2763 584 2789 ib.
606 2764 648 2790 A.
671 2771 767 2790 eciam
787 2768 824 2791 et
870 2773 903 2792 11.
931 2766 974 2791 A:
997 2765 1196 2799 emnzdeest3
1219 2765 1318 2793 Codd.
1333 2774 1338 2791 ε
1361 2766 1488 2793 ianusta

177 2784 687 2836 16,17.ss:suscip1·tes,·Codd.:
717 2799 797 2825 enim
822 2799 874 2826 ille
900 2800 993 2826 deest.
1111 2808 1153 2834 19.
1180 2802 1226 2827 A:
1256 2801 1368 2827 malam
1395 2800 1487 2827 deest.

213 2830 277 2856 Β.
300 2830 373 2864 quia
394 2834 503 2865 igitur
612 2832 657 2859 28.
684 2834 728 2859 A.
756 2833 804 2860 vel
830 2834 944 2867 gtadu.
1054 2833 1092 2861 31.
1121 2832 1158 2861 ss:
1192 2832 1291 2870 segem
1307 2835 1488 2869 probantes.

176 2836 281 2897 3213:
304 2850 474 2891 Etreddit.
792 2877 794 2880 ’

1312 2907 1357 2936 Ιῆε·
