1986 3289
769 213 987 247 GENERAL
1014 214 1164 246 INDEX.

104 316 200 352 Reges
222 321 250 344 et
270 320 411 352 potentes
441 315 533 343 seculi
554 322 615 342 non
638 315 778 343 senciunt
793 315 932 351 tyranni-

156 352 226 379 dem
245 350 429 379 Antichristi
452 357 509 383 141.

103 385 277 421 Religiones
296 392 373 412 vane
392 385 578 412 necessitant
598 388 701 419 partes
721 392 793 411 suas
814 384 932 412 mendi-

104 419 384 494 Religilgsi2÷15abent
405 452 519 488 politos
540 453 665 481 ordines
692 453 744 481 sed
764 453 896 489 frigidos
917 461 933 480 a

103 489 368 559 Religiotszitssiggtri
390 526 538 556 superant
558 521 719 556 phariseos
741 521 783 550 16.

105 558 150 585 De
170 557 366 586 remanencia
385 557 475 591 panis
497 557 649 590 142—164.
830 591 835 596 .

107 592 210 628 Quare
231 592 281 619 via
296 599 414 627 ponens
436 599 546 626 panem
568 595 639 626 post
659 598 931 619 consecraclonem

157 634 315 654 remanere
335 625 532 653 racionabilis
552 629 599 653 est
618 624 673 659 155,
696 625 757 653 156.

104 661 287 696 Blaspheme
301 660 407 688 dicunt
420 660 504 721 guod
520 663 641 694 oportet
653 660 794 687 celestem
811 660 931 699 radium

158 696 195 722 de
215 696 279 722 celo
306 695 416 722 descen
443 702 492 722 ere
517 702 612 729 supra
631 694 804 722 Romanum
832 699 932 730 ponti-

104 728 422 803 Cagsseerd-lislsffi'sionis
435 762 465 790 in
482 763 598 790 mundo
613 767 685 790 sunt
700 763 781 798 leges
796 763 931 791 Romane

102 799 450 872 Epiiffolgtsilsefigffianus
471 839 533 859 non
555 836 655 867 potest
675 832 713 859 ad
733 832 930 868 equalitatem

157 867 273 895 Christi
294 872 442 902 attingere
460 874 518 901 119.

102 900 174 928 Non
194 901 301 936 Roma,
323 901 376 929 sed
401 900 571 929 Jerusalem
599 901 645 929 vel
666 901 798 929 Betleem
820 901 929 936 pocius

156 944 212 971 pro
233 936 305 964 sede
325 943 404 971 pape
423 935 562 970 eligenda
584 943 648 970 104,
670 936 727 964 105.

495 1018 532 1051 S.

102 1085 285 1113 Sacerdotes
305 1084 420 1112 diaboli
441 1085 492 1120 qui
513 1089 584 1112 sunt
603 1085 666 1113 228.

104 1119 257 1148 Sacerdos
278 1120 378 1146 malus
398 1127 459 1147 non
481 1120 682 1147 honorandus
703 1125 747 1148 est
766 1128 795 1153 4.

105 1153 288 1182 Sacerdotes
315 1162 385 1181 cum
411 1154 591 1182 mulieribus
619 1163 651 1182 se
675 1155 852 1182 immiscent
878 1162 928 1189 40.

101 1203 135 1208 —
153 1188 295 1216 moderni
315 1188 462 1216 claudunt
481 1197 609 1223 regnum
631 1190 766 1217 celorum
787 1187 834 1217 36.

102 1237 137 1243 -
156 1223 311 1250 declinant
330 1230 346 1250 a
366 1223 431 1258 lege
451 1223 567 1251 Christi
587 1231 634 1252 2ο.

105 1272 138 1277 -
157 1257 285 1285 horrent
326 1257 386 1284 uod
407 1258 601 1293 evangelium
621 1258 793 1293 anglicetur
811 1256 859 1286 36.

104 1291 149 1319 De
170 1291 266 1327 signis
286 1266 437 1320 fglsorum
459 1293 654 1320 sacerdotum
677 1293 714 1327 15,
735 1292 776 1320 16.

104 1326 239 1353 Pharisei
249 1326 744 1362 moderni(sacerdotes)illudunt
753 1327 870 1363 populo
886 1335 928 1361 14.

103 1360 307 1423 δετῐηοηίὺέε
337 1361 533 1389 mendacium
563 1362 759 1390 sacerdotum
794 1362 929 1397 populus

155 1403 192 1422 ne
211 1403 260 1422 cre
286 1399 314 1423 at
353 1415 360 1422 .

102 1429 322 1458 Sacerdocium
332 1403 496 1465 {eioratus
507 1438 543 1457 ex
554 1430 688 1458 adventu
701 1430 886 1458 Antichristi
899 1430 927 1458 6.

102 1479 135 1483 -
154 1463 385 1526 ἱιῌῒιορῑέῐηυῐῃ
405 1465 436 1492 in
457 1465 521 1499 lege
541 1465 644 1500 gracie
664 1465 693 1493 6.

102 1513 136 1518 —-
154 1502 191 1526 tri
230 1507 266 1526 ex
332 1502 361 1527 6.

101 1532 146 1560 De
166 1506 263 1568 signis
284 1519 504 1561 salvandorum
526 1533 591 1561 208.

101 1567 232 1595 Sanctus
252 1568 380 1603 quilibet
399 1572 444 1595 est
463 1568 609 1596 sacerdos
628 1567 652 1596 5.

103 1601 207 1630 Sancti
228 1602 395 1630 horrebant
415 1602 567 1630 hereticos
587 1603 639 1638 qui
660 1607 811 1638 negarunt
830 1603 928 1638 scrip-

154 1640 255 1664 turam
276 1644 395 1664 sacram
416 1644 477 1670 214.

101 1670 228 1706 Satrape
248 1671 389 1733 modSerni
409 1672 568 1700 Christum
595 1672 628 1700 in
649 1671 798 1700 membris
827 1680 929 1708 perse-

175 1709 289 1733 uuntur
330 1713 355 1733 2.

101 1754 135 1759 —
153 1713 347 1774 ssrofessores
368 1747 453 1768 sacre
467 1740 621 1774 scripture
642 1745 869 1776 persequuntur
882 1739 927 1769 38.

105 1773 249 1812 Schisma
270 1774 480 1809 multipliciter
500 1775 627 1809 prodest
646 1783 710 1815 199,
731 1782 799 1809 200,
820 1783 881 1804 201.

101 1808 261 1870 ὃοπιῆζιέτει
286 1816 372 1836 sacra
398 1814 444 1837 est
465 1817 536 1837 vera
561 1809 592 1837 in
621 1810 727 1837 verbis
756 1818 929 1838 sacramen-

155 1847 207 1870 ta1
233 1850 268 1870 us
289 1851 298 1871 1
324 1851 350 1871 2.

100 1892 135 1897 -
154 1882 283 1906 vocatur
301 1852 430 1913 ffegnum
451 1879 588 1906 celorum
609 1877 656 1907 36.

1750 220 1831 258 345

1005 313 1163 341 Fundacio
1184 319 1336 342 sectarum
1359 314 1417 343 138.

1005 349 1093 377 Secte
1114 353 1222 384 putant
1244 349 1306 377 Deo
1327 350 1476 378 auxilium
1498 357 1634 387 prestare
1655 362 1710 388 114.

1004 398 1038 402 -
1058 383 1205 411 deludunt
1225 385 1341 419 populo
1360 393 1404 419 14,
1426 385 1465 414 15.

1004 432 1037 437 —
1058 423 1237 452 pervertunt
1257 419 1361 446 fideles
1381 428 1433 453 44.

1003 467 1038 471 —
1057 452 1266 514 ghagnjfigant
1303 461 1391 482 suam
1430 459 1545 482 sectam
1583 464 1675 492 super
1711 463 1825 487 sectam

1108 492 1173 514 ristl
1237 508 1243 514 .

1004 535 1038 540 —-
1058 521 1195 549 scribunt
1206 494 1300 557 s9uper
1315 522 1412 557 legem
1427 522 1552 552 Domini
1570 533 1642 552 suas
1655 526 1775 561 glossas
1791 527 1828 555 15.

1003 570 1037 575 —
1057 563 1115 590 que
1133 556 1256 595 faciant?
1283 557 1396 584 cedunt
1422 558 1548 586 ecclesie
1567 559 1604 586 ad
1634 560 1749 589 bonum
1770 562 1831 590 126.

1003 604 1038 608 —-
1056 598 1072 616 a
1092 590 1156 617 Deo
1176 591 1327 626 origlnem
1349 599 1410 618 non
1433 593 1543 620 habent
1562 593 1606 628 57.

1003 623 1178 659 Reprobare
1199 629 1295 652 sectas
1316 626 1436 653 licitum
1457 631 1502 654 est
1521 628 1564 663 57.

1005 658 1163 686 Sectarum
1184 660 1394 695 prevaricacio
1417 660 1464 694 54.
1484 661 1527 690 55.

1006 692 1106 728 Quem
1128 699 1207 721 secte
1227 695 1416 722 absolverint
1434 696 1573 731 (dicunt),
1604 697 1731 726 intrabit
1759 699 1826 727 sine

1057 736 1134 762 pena
1155 729 1325 767 purgatorii
1345 729 1375 756 in
1397 737 1524 765 regnum
1545 732 1680 760 celorum
1700 732 1748 768 39.

1004 761 1049 789 De
1069 762 1154 789 falsis
1175 763 1283 790 ritibus
1304 768 1455 792 sectarum
1477 765 1515 793 15.

1003 796 1093 823 False
1118 797 1263 831 creditur,
1294 798 1378 833 quod
1405 806 1466 827 non
1496 800 1563 828 sine
1590 801 1742 836 spirituali
1770 805 1836 831 suf-

1056 832 1154 866 fragio
1176 832 1317 859 homines
1337 833 1494 862 salvantur
1516 835 1576 870 178.

1004 864 1048 892 De
1068 866 1211 901 superbia
1230 865 1290 894 232.

1393 953 1438 983 T.

1002 1014 1132 1042 Talenta
1152 1020 1223 1043 sunt
1243 1016 1325 1044 dona
1344 1018 1445 1052 gracie
1464 1018 1528 1053 254.

1003 1048 1047 1076 De
1067 1050 1280 1085 spiritualibus
1300 1052 1435 1080 tenebris
1454 1053 1612 1090 278-279.

1002 1083 1135 1111 Necesse
1155 1089 1200 1112 est
1213 1085 1391 1120 theologum
1411 1095 1478 1115 esse
1491 1087 1675 1117 instructum
1695 1089 1727 1117 in
1747 1095 1830 1118 recta

1054 1118 1207 1154 theologia
1226 1118 1285 1153 325,
1306 1120 1371 1148 326.

1002 1151 1202 1181 Terremotus
1221 1153 1344 1189 signum
1364 1156 1514 1184 adventus
1533 1157 1717 1186 Antichristi
1739 1167 1795 1193 114.

1002 1186 1093 1249 FalSGa
1146 1196 1180 1250 ag
1203 1194 1327 1217 umenta
1382 1190 1419 1218 de
1470 1192 1826 1221 transsubstanciacione

1054 1229 1063 1249 1
1089 1230 1154 1254 4—1
1200 1243 1207 1250 .

1001 1255 1139 1284 Trinitas
1161 1257 1300 1285 absolute
1320 1258 1494 1287 necessario
1513 1260 1572 1288 scit
1590 1261 1695 1289 omnia
1712 1262 1769 1290 215.

1356 1376 1404 1409 U.
1430 1378 1478 1409 V.

1000 1441 1065 1469 Vae
1084 1442 1221 1477 octuplix
1249 1443 1424 1478 applicatur
1449 1443 1486 1471 ad
1517 1445 1691 1473 sacerdotes
1719 1445 1829 1473 veteris

1053 1481 1082 1504 et
1102 1477 1172 1504 novi
1193 1477 1367 1505 testamenti
1387 1476 1429 1506 32.

1001 1510 1113 1538 Decem
1133 1511 1268 1546 virgines
1294 1512 1464 1540 humanum
1490 1521 1586 1549 genus
1612 1513 1742 1549 figurant
1760 1512 1825 1542 338.

1001 1546 1233 1608 Para3b82a253de
1281 1546 1386 1574 decem
1437 1547 1610 1583 virginibus
1658 1549 1829 1582 explicatur

1001 1588 1159 1642 De²usura
1179 1601 1331 1650 270-271.

1381 1710 1452 1741 W.

1002 1775 1120 1811 Wyclif
1136 1775 1226 1803 fidem
1248 1783 1335 1803 suam
1357 1776 1493 1812 pontifici
1506 1775 1657 1812 Romano,
1678 1777 1825 1813 episcopo

1052 1810 1265 1838 Lincolniensi
1285 1815 1313 1838 et
1332 1810 1470 1839 dominis
1490 1811 1679 1839 secularibus
1700 1812 1826 1848 scripsit

1053 1852 1107 1880 171,
1130 1852 1187 1880 172.

1001 1878 1121 1915 Wyclif
1138 1884 1300 1915 suspectus
1320 1879 1357 1906 de
1376 1880 1479 1907 heresi
1501 1888 1564 1916 107.

808 2189 1137 2245 Correotlons

370 2280 449 2315 Page
511 2288 521 2308 1
549 2281 609 2307 line
628 2287 664 2313 29
685 2280 734 2308 for
753 2281 886 2309 inseravi
908 2281 996 2309 read:
1016 2281 1166 2315 inseravi;
1188 2290 1235 2310 20.
1255 2282 1289 2310 B.
1310 2283 1480 2311 secundum
1501 2291 1584 2314 vero.

400 2324 412 2338 (ι
509 2323 529 2348 4
574 2325 586 2339 «
634 2314 666 2342 25
706 2325 717 2339 ιι
757 2316 951 2344 sacerdotum
973 2318 1060 2343 read:
1083 2317 1285 2344 sacerdotem.

401 2360 411 2373 u
493 2356 524 2383 19
571 2359 582 2373 «
633 2356 667 2377 22
706 2360 717 2374 u
756 2350 768 2377 1
789 2350 877 2378 Corr.
899 2351 986 2378 read:
1007 2350 1021 2378 Ι
1039 2350 1112 2378 Cor.

399 2394 410 2407 u
491 2391 526 2419 27
574 2393 586 2408 u
651 2383 665 2411 5
704 2394 716 2408 u
755 2384 887 2420 aliquem
910 2385 999 2412 read:
1019 2385 1164 2420 aliquam.

399 2428 410 2442 ι(
484 2425 522 2453 99
571 2428 583 2442 (l

399 2463 410 2476 «
468 2453 532 2486 100,
553 2459 614 2487 107,
636 2459 688 2487 109
709 2457 737 2479 et
757 2462 788 2481 se

649 2425 664 2444 2
703 2428 715 2443 α
754 2419 903 2454 significet
923 2419 1011 2447 read:
1033 2419 1193 2455 significat.

813 2474 820 2481 .
842 2454 904 2481 vid.
926 2453 1065 2481 eoncilia
1084 2454 1187 2489 Magn.
1208 2454 1281 2482 Brit.
1301 2453 1344 2482 111
1363 2453 1421 2488 340
1442 2460 1470 2483 et
1491 2463 1575 2491 seqq.

399 2497 411 2510 «
480 2485 522 2514 113
548 2487 608 2514 line
630 2485 667 2520 34
686 2486 734 2514 for
753 2487 783 2515 in
810 2488 859 2516 icii
879 2488 967 2516 read:
988 2488 1106 2516 iudicii.

399 2532 409 2545 u
480 2520 520 2549 131
570 2531 582 2546 u
626 2520 662 2549 36
702 2531 714 2546 «

752 2522 859 2550 habuit
879 2522 967 2550 read:
988 2522 1089 2550 habet.

756 2557 935 2584 mendacius
956 2557 1044 2585 read:
1064 2557 1290 2585 immediacius.

756 2625 874 2653 cunctis
894 2626 983 2653 read:
1005 2634 1075 2653 cum
1097 2626 1225 2653 cunctis.

397 2565 408 2579 «
478 2554 524 2583 132
571 2566 583 2580 11
635 2564 667 2588 14
704 2566 716 2580 (ι

397 2600 408 2614 «
474 2588 520 2617 132
571 2600 582 2615 ιι
632 2591 663 2618 25
705 2600 716 2615 α
756 2591 822 2618 Ηοσ
841 2591 929 2619 read:
952 2591 1024 2619 Hec.

397 2635 407 2648 (1
476 2623 522 2652 133
571 2634 583 2649 11
646 2625 663 2653 8
704 2635 716 2649 1(

397 2669 408 2682 u
468 2666 520 2693 ¹90
572 2669 583 2683 ιι
704 2669 715 2683 «
752 2659 909 2687 Jordanus
929 2660 1020 2687 read:
1038 2660 1198 2688 jordanes.

397 2667 717 2729 1220113ζα

754 2701 866 2728 42-24
886 2694 974 2722 read:
994 2701 1119 2728 42—44.
