1986 3289
132 190 300 226 XXVIII

132 305 423 342 abhominabile
455 306 656 349 desolans,
689 306 780 343 loco
813 307 959 356 prioris

131 377 286 425 patroni
330 388 425 412 suos
476 376 656 425 hospites
701 375 959 412 consolantis.

132 444 198 482 Sic
231 444 390 481 indubie
431 453 567 494 potest
608 446 756 481 intrans
803 445 960 482 domum

132 515 303 551 ecclesie
346 514 395 550 de
429 527 535 564 papa
574 514 720 560 dicere,
767 516 833 565 qui
863 515 963 552 falsa

132 585 390 634 pretensione
442 592 615 634 occupat
668 585 799 622 locum
831 586 960 630 Cristi,

133 653 240 703 quod
272 661 333 690 est
363 653 642 692 abhominacio
676 654 958 695 desolacionis,

132 722 220 760 Stat
260 731 388 759 autem
432 724 469 760 in
500 724 592 760 1000
637 733 776 762 sancto
821 726 959 762 intelli-

134 792 267 840 gendo
302 821 569 833 .......

785 201 1152 234 INTRODUCTION.

1033 307 1324 356 patrefamilias,
1377 308 1485 357 quod
1535 316 1596 345 est
1626 308 1858 346 abhomina-

1033 376 1111 413 bile
1156 376 1343 414 desolans
1375 378 1467 414 loco
1513 379 1658 427 prioris
1706 380 1863 428 patroni

1033 459 1130 483 suos
1161 447 1340 496 hospites
1386 448 1641 487 consolantis,
1688 448 1755 486 Sic
1805 450 1862 485 in-

1035 515 1154 553 dubie
1186 525 1322 566 potest
1363 518 1513 554 intrans·
1544 517 1701 554 domum
1734 519 1864 555 eccle-

1034 586 1094 622 sie
1125 585 1174 622 de
1207 599 1314 636 papa
1346 586 1491 631 dicere,
1538 588 1603 636 qui
1641 587 1740 624 falsa
1771 601 1864 638 pre-

1030 656 1211 692 tensione
1275 664 1448 706 occupat
1514 656 1645 692 locum
1708 656 1864 702 Christi,

1032 725 1140 774 quod
1174 733 1235 761 est
1271 724 1547 762 abhominacio
1582 726 1865 764 desolacionis.

1033 795 1121 832 Stat
1153 803 1282 831 autem
1325 796 1363 831 in
1406 796 1497 832 loco
1543 804 1684 833 sancto
1723 797 1864 833 intelli-

1034 864 1168 912 gendo
1203 892 1470 905 .......

270 1002 313 1038 In
344 1003 409 1039 the
440 1002 645 1051 following
667 1003 854 1054 chapters
877 1004 942 1040 the
965 1003 1222 1041 coincidence
1253 1005 1285 1041 is
1307 1012 1377 1042 not
1397 1017 1444 1042 so
1474 1005 1656 1054 strongly
1686 1005 1865 1050 marked,

140 1069 210 1107 but
239 1071 315 1108 still
344 1072 373 1108 it
403 1072 436 1109 is
468 1073 575 1123 quite
607 1073 726 1122 plain.

272 1175 341 1216 fol.
380 1177 471 1217 106.
488 1203 495 1210 -

193 1269 439 1306 Sacerdotes
484 1278 613 1307 autem
658 1272 722 1320 qui
766 1272 803 1307 in
839 1270 967 1321 Judea

135 1346 235 1383 sunt,
280 1340 357 1375 hoc
403 1347 474 1384 est,
527 1340 565 1376 in
604 1340 858 1376 confessione
900 1353 966 1376 or-

135 1407 233 1444 dinis
277 1409 488 1454 christiani‚
534 1409 683 1446 debent
725 1409 776 1446 ad
812 1417 967 1446 montes

135 1477 286 1526 fugere,
327 1479 405 1515 hoc
438 1487 509 1523 est,
556 1479 606 1515 ad
638 1488 799 1516 sanctos
832 1487 967 1529 patres

137 1548 245 1596 prius
282 1557 462 1585 mortuos
486 1557 524 1585 et
546 1548 856 1599 operacionibus
879 1549 966 1597 (sic)

138 1630 185 1652 ac
219 1618 408 1668 exemplis
457 1631 593 1655 eorum
637 1619 800 1655 viriliter
844 1631 968 1666 agere

136 1686 174 1722 in
198 1687 355 1723 Christo
389 1688 566 1724 remedio
591 1697 630 1724 et
651 1688 846 1724 adiutorio
871 1700 967 1724 con-

138 1755 310 1802 fidendo,
363 1759 468 1794 iuxta
513 1758 605 1794 illud
650 1758 793 1794 Psalmi
838 1758 966 1794 CXX:

137 1825 288 1863 Levavi
313 1828 453 1864 oculos
477 1841 589 1864 meos
613 1829 650 1864 in
672 1836 842 1872 montes,
865 1827 969 1863 unde

138 1896 270 1931 veniat
313 1896 492 1932 auxilium
536 1897 663 1936 michi.
715 1896 826 1933 Sicut
870 1897 969 1932 enim

140 1965 296 2013 priores
330 1967 513 2016 asperius
558 1966 631 2002 sed
674 1980 755 2003 non
793 1966 969 2003 callidius

140 2036 343 2084 persecuti
387 2044 477 2072 sunt
509 2064 517 2073 .
595 2066 604 2076 .
636 2038 694 2073 sic
741 2037 806 2086 qui
850 2036 969 2073 confi-

141 2112 269 2141 tentur
301 2133 310 2142 .
344 2135 353 2145 .
387 2133 395 2142 .

1176 1179 1238 1215 De
1270 1179 1526 1223 Antichristo,
1560 1192 1598 1229 p.
1638 1190 1728 1229 179.

1096 1270 1341 1308 Sacerdotes
1390 1280 1518 1308 autem
1563 1273 1629 1322 qui
1667 1273 1705 1308 in
1740 1273 1869 1322 Judea

1038 1349 1139 1385 sunt,
1171 1341 1249 1377 hoc
1279 1349 1350 1386 est,
1384 1342 1419 1377 in
1444 1342 1699 1379 confessione
1722 1342 1869 1379 ordinis

1040 1411 1252 1455 christiani,
1285 1410 1433 1447 debent
1461 1411 1510 1447 ad
1531 1419 1685 1448 montes
1716 1410 1868 1460 fugere,

1039 1480 1117 1516 hoc
1162 1488 1233 1524 est,
1280 1480 1330 1516 ad
1374 1488 1537 1518 sanctos
1575 1488 1710 1530 patres
1762 1481 1870 1530 prius

1039 1558 1218 1586 mortuos
1251 1558 1290 1585 et
1320 1550 1547 1599 specialiter
1589 1550 1639 1586 ad
1672 1550 1868 1586 Christum

1041 1627 1080 1655 et
1101 1632 1198 1655 suos
1222 1620 1432 1669 apostolos
1467 1628 1505 1656 et
1538 1650 1544 1658 .
1579 1650 1587 1659 .
1622 1647 1630 1656 .
1665 1647 1673 1656 .
1708 1619 1867 1656 oracio-

1039 1688 1155 1725 nibus
1200 1702 1246 1725 ac
1294 1690 1484 1739 exemplis
1528 1702 1664 1725 eorum
1709 1689 1870 1726 viriliter

1041 1771 1165 1806 agere
1217 1760 1254 1794 in
1302 1759 1445 1795 Christi
1489 1758 1665 1794 remedio
1717 1766 1755 1795 et
1798 1757 1867 1794 ad-

1040 1829 1184 1865 iutorio
1225 1828 1462 1864 confidendo
1500 1829 1605 1864 iuxta
1635 1827 1728 1864 illud
1759 1827 1868 1864 Psal-

1041 1898 1090 1933 mi
1124 1898 1234 1934 CXX
1266 1925 1443 1936 .....

280 2234 365 2271 Νο1·
395 2247 465 2271 are
497 2235 562 2272 the
595 2234 707 2271 dates
742 2234 893 2285 quoted
925 2235 963 2273 in
995 2235 1057 2271 De
1089 2233 1332 2271 Antichristo
1364 2232 1537 2279 wanting
1567 2231 1606 2267 in
1636 2230 1702 2267 the
1726 2230 1869 2267 Tract:

142 2302 204 2340 sor
233 2303 430 2341 instance:

284 2386 438 2430 Quarto
471 2385 595 2423 fames
617 2386 772 2423 fuerunt
802 2387 839 2422 in
871 2385 1116 2437 pauperibus
1148 2386 1185 2421 in
1217 2384 1342 2421 multis
1365 2384 1464 2419 locis
1489 2383 1645 2426 exteris,
1679 2389 1718 2418 et
1738 2382 1872 2431 quinto

144 2455 408 2492 Terremotus
440 2456 548 2492 visus
572 2464 633 2492 est
663 2457 700 2492 in
723 2456 867 2504 Anglia
890 2469 992 2492 anno
1027 2455 1170 2491 domini
1200 2455 1319 2504 1381,
1353 2454 1453 2489 sicut
1486 2460 1525 2488 et
1554 2459 1769 2501 perceptus
1802 2463 1876 2500 per

143 2524 261 2560 multa
293 2525 368 2561 alia
400 2525 491 2561 loca
524 2557 531 2565 .
566 2555 575 2563 .
610 2557 617 2564 .
654 2557 662 2565 .

284 2606 375 2643 The
415 2607 507 2655 only
550 2609 768 2656 remaining
812 2608 996 2658 question
1038 2607 1070 2643 is
1115 2605 1291 2642 whether
1333 2605 1407 2640 this
1440 2602 1661 2652 Expositio,
1705 2602 1776 2637 Sec.
1810 2601 1872 2638 De

146 2674 388 2713 Antichristo
420 2677 452 2712 is
485 2677 607 2725 really
640 2690 689 2713 an
721 2677 836 2726 Opus
868 2675 1108 2723 Magistrale.

285 2746 326 2781 In
358 2746 491 2782 works
524 2746 567 2782 of
595 2747 658 2781 the
690 2745 795 2790 kind,
829 2747 857 2781 it
887 2758 968 2781 was
1002 2745 1065 2780 the
1100 2751 1254 2780 custom
1286 2742 1348 2778 for
1379 2742 1444 2777 the
1477 2740 1617 2776 author
1650 2739 1798 2787 always
1832 2746 1870 2774 to

148 2815 236 2861 give
270 2828 292 2851 a
325 2815 553 2851 confession
586 2815 630 2851 of
658 2815 763 2852 saith.
798 2815 812 2850 Ι
845 2828 932 2863 may
967 2814 1078 2863 point
1111 2814 1147 2849 in
1171 2812 1294 2861 proof
1321 2811 1365 2847 of
1382 2811 1455 2846 this
1478 2818 1517 2846 to
1541 2810 1605 2846 the
1638 2808 1871 2855 interesting
