1986 3289
151 202 171 228 10

180 203 200 228 [Ο

743 200 862 232 OPUS
888 200 1224 234 EVANGELICUM
1253 201 1336 233 LIB.
1363 201 1416 232 III.
1562 188 1671 243 [CAP-
1690 197 1744 226 VI·

438 307 574 342 doctor
605 307 804 356 gencium,¹
850 316 886 342 et
919 307 975 343 sic
1008 320 1155 343 nornen
1189 307 1368 355 magistri
1401 306 1559 343 videtur
1590 306 1747 354 dignius

438 377 559 411 quarn
605 365 680 400 hoc
724 377 872 401 nomen
916 366 1070 411 doctor,
1116 365 1209 413 quia
1254 378 1344 401 curn
1397 373 1478 400 tam
1532 364 1749 401 efficaciter

437 422 574 457 docuit
607 435 700 458 suos
732 422 912 458 subditos
945 431 1027 458 tarn
1060 425 1182 459 verbo
1203 436 1323 471 quarn
1348 435 1481 470 opere,
1516 422 1606 458 ideo
1629 434 1746 458 voca-

437 489 500 515 tus
545 488 603 515 est
648 492 669 515 a
715 481 861 516 Sancto
906 480 1059 528 Spiritu
1104 489 1186 517 tarn
1232 482 1370 517 doctor
1400 480 1580 530 gencium
1626 492 1747 528 quam

438 538 639 587 magister.
688 537 836 585 Accipe
882 550 974 585 ergo
1013 551 1034 574 a
1068 540 1215 574 Sancto
1266 538 1418 586 Spiritu
1462 537 1611 585 pariter
1658 540 1782 573 cum5

440 596 564 631 Paulo
598 594 803 631 racionem
838 595 955 631 huius
987 596 1165 632 nominis
1198 605 1235 632 et
1267 596 1318 632 sis
1349 604 1513 632 vocatus
1546 594 1750 631 humiliter

439 661 476 688 et
508 665 647 689 secure
680 654 756 688 hoc
788 653 949 689 nomine
982 653 1131 701 duplici
1163 653 1265 690 sicut
1298 654 1456 690 Paulus.

151 716 425 754 Obiectiqntoihe
499 712 577 746 Sed
622 719 718 746 nota
762 712 870 759 quod
913 712 989 747 hoc
1034 724 1182 748 nomen
1215 711 1337 748 officii
1371 711 1543 747 multum
1577 710 1697 746 distat
1728 722 1750 746 a

150 751 420 813 acgpe‘ffiffllffliitle
440 768 604 804 nomine
657 768 941 815 graduacionis
993 769 1201 805 scolastice
1252 769 1454 817 gentiliter
1504 768 1749 812 introducte3

441 826 531 862 ideo
566 839 655 862 cum
690 826 913 873 periculum
949 835 986 863 et
1017 827 1272 875 superfluitas
1304 827 1382 863 sint
1414 826 1454 862 in
1476 826 1552 862 isto
1575 825 1750 871 nomine,
1772 841 1810 862 10

440 883 598 920 videtur
630 885 738 932 quod
770 884 877 920 istud
909 897 1059 921 nomen
1091 885 1140 921 sit
1173 884 1472 921 racionabiliter
1502 884 1749 932 fugiendum,

441 941 535 989 quia
581 950 700 989 capto
746 955 988 990 quocunque
1034 942 1090 978 sie
1134 943 1334 991 gentiliter
1366 943 1549 988 exaltato,
1595 941 1752 978 videtur

441 1001 550 1048 quod
595 1008 753 1036 tantum
797 1000 858 1036 vel
903 1001 990 1048 plus
1023 1009 1157 1048 posset
1190 1000 1355 1037 ecclesie
1388 1009 1523 1037 sancte
1556 999 1752 1048 proficere

439 1070 663 1105 numquam
709 1066 791 1094 tam
837 1066 1071 1106 sumptuose
1117 1067 1154 1094 et
1198 1067 1281 1095 tarn
1315 1058 1428 1095 anxie
1473 1058 1550 1094 isto
1589 1057 1752 1093 nomine

441 1115 661 1163 adquisito.
708 1117 756 1151 Et
789 1115 880 1152 ideo
913 1116 1119 1164 signanter
1151 1116 1215 1152 hic
1249 1116 1344 1152 dicit
1375 1118 1612 1163 Jeronymus
1645 1116 1809 1164 quod15

440 1173 622 1209 homines
654 1183 849 1210 vocantur
880 1173 965 1210 istis
997 1174 1230 1210 nominibus
1264 1174 1440 1219 abusive,
1483 1182 1520 1210 et
1559 1186 1630 1221 per
1658 1185 1752 1209 con-

440 1243 611 1279 sequens
644 1244 724 1268 non
758 1240 815 1267 est
846 1245 940 1268 usus
963 1232 1177 1268 laudabilis
1200 1234 1310 1280 quod
1332 1232 1466 1268 taliter
1489 1240 1580 1268 sunt
1602 1230 1752 1277 vocati3

441 1298 479 1325 et
523 1290 623 1325 tales
669 1289 882 1326 abusiones
927 1290 1085 1327 modice
1130 1291 1171 1326 in
1208 1289 1409 1338 principio
1443 1302 1514 1338 per
1547 1289 1754 1326 diabolum

442 1347 608 1384 dilatate
653 1356 838 1384 crescunt
881 1347 1080 1396 posterius
1113 1348 1152 1386 in
1193 1347 1365 1384 maiores
1399 1356 1436 1384 et
1469 1347 1616 1384 Christi
1649 1346 1755 1383 ordi-

440 1405 627 1441 nanciam
675 1405 907 1453 deprimunt
951 1419 998 1442 ac
1041 1405 1191 1442 diaboli
1231 1407 1402 1442 abusum
1435 1406 1600 1442 subdole
1632 1405 1755 1441 intro·
1772 1419 1814 1440 20

442 1465 607 1510 ducunt,
651 1472 695 1499 ut
740 1472 849 1511 patet
893 1465 940 1500 de
985 1464 1209 1500 assercione
1243 1463 1405 1510 Christi,
1446 1465 1493 1500 de
1526 1463 1755 1500 maioritate

443 1521 652 1557 hominum
686 1521 726 1557 in
759 1521 926 1558 ecclesia
959 1521 1169 1558 militante.

156 1584 309 1619 Question
335 1584 427 1610 asked
500 1581 601 1615 Nam
636 1580 804 1615 Matthei
836 1581 970 1625 XVIII,
1012 1593 1043 1626 1,
1076 1580 1132 1616 sic
1165 1579 1370 1616 scribitur:
1404 1580 1658 1616 Accesserant
1681 1579 1755 1614 dis-

182 1620 400 1681 begsffoppsstffise:
444 1637 562 1686 cipuli
606 1638 658 1672 ad
687 1637 816 1673 Jesum
851 1638 1038 1674 dicentes:
1077 1638 1172 1682 Quis
1201 1646 1316 1688 putas
1338 1638 1465 1673 maior
1496 1645 1551 1674 est
1572 1638 1607 1673 in
1632 1649 1754 1687 regno

154 1689 411 1755 grealgielsgdigmthe
443 1695 637 1740 celorum‚·
687 1702 722 1731 et
762 1696 958 1732 advocans
994 1696 1207 1744 parvulum
1259 1696 1390 1732 statuit
1427 1708 1511 1731 eum
1555 1696 1591 1731 in
1631 1695 1755 1730 medio
1771 1699 1811 1730 25

198 1751 383 1785 otfl‘eaven.
443 1765 577 1788 eorum
610 1760 645 1788 et
678 1753 777 1789 dixit
809 1754 882 1789 eis:
920 1754 1142 1802 Quicunque
1174 1754 1436 1789 humiliaverit
1465 1766 1506 1790 se
1537 1754 1633 1789 sicut
1658 1765 1755 1802 par-

444 1809 556 1846 vulus
594 1811 674 1857 iste,
707 1811 768 1847 hic
800 1811 926 1847 maior
957 1819 1013 1848 est
1044 1812 1079 1847 in
1114 1824 1236 1862 regno
1269 1813 1452 1848 celorum.

502 1871 624 1905 Istum
677 1878 810 1905 autem
859 1878 1009 1905 textum
1055 1869 1218 1918 quidam
1264 1882 1307 1905 ex
1351 1869 1535 1906 doctrina
1583 1867 1756 1917 Spiritus

445 1927 579 1963 Sancti
612 1935 649 1963 et
681 1936 910 1963 sanctorum
943 1927 1175 1964 testimonio
1213 1927 1268 1964 sic
1313 1936 1533 1976 exponunt:
1583 1926 1757 1974 Capiunt

446 1984 549 2020 enim
584 1984 716 2032 primo
749 1985 789 2021 in
822 1985 1029 2033 questione
1053 1986 1342 2033 discipulorum
1367 1999 1445 2034 qua
1478 1994 1652 2033 querunt
1673 1985 1757 2034 quis
1772 1989 1815 2021 30

445 2043 490 2077 sil
525 2043 650 2078 maior
682 2044 717 2078 in
753 2055 874 2093 regno
907 2044 1101 2088 celorzmz;
1133 2045 1242 2092 quod
1271 2056 1342 2091 per
1380 2056 1544 2094 regnum
1585 2043 1755 2079 celorum

446 2100 683 2147 intelligitur
726 2110 865 2137 sancta
910 2110 1037 2137 mater
1082 2102 1262 2138 ecclesia.
1310 2103 1409 2137 Cum
1451 2101 1556 2138 enirn
1590 2113 1755 2149 regnum

447 2158 716 2194 communiter
739 2159 935 2206 accipitur
959 2172 1031 2207 pro
1054 2159 1135 2195 suis
1159 2159 1309 2196 civibus
1332 2168 1369 2195 et
1391 2158 1755 2207 predestinatorum

447 2217 706 2252 conversacio
739 2219 959 2252 secundum
984 2218 1220 2265 Apostolum
1256 2217 1305 2253 sit
1337 2217 1377 2253 in
1401 2218 1499 2263 celo,
1533 2216 1757 2253 racionabi—

446 2273 536 2309 liter
568 2283 733 2310 vocatur
755 2275 923 2310 ecclesia
949 2287 1115 2322 regnum
1139 2277 1329 2312 celorum.
1358 2274 1599 2311 Nominatur
1623 2283 1755 2310 autem
1774 2277 1813 2310 35

447 2344 611 2378 regnum
672 2333 847 2368 celorum
912 2333 1122 2380 pluraliter
1180 2342 1346 2381 propter
1409 2333 1608 2381 triplicem
1674 2332 1757 2368 eius

447 2399 623 2436 partem:
678 2390 811 2426 Prima
856 2390 1018 2438 quidem
1066 2391 1152 2426 eius¹
1194 2404 1286 2438 pars
1331 2399 1368 2427 et
1413 2391 1550 2426 infima
1593 2399 1758 2427 vocatur

448 2447 614 2483 ecclesia
661 2448 942 2493 militancium,
996 2449 1063 2496 qui
1113 2450 1429 2496 correspondent
1473 2448 1610 2484 infime
1655 2447 1757 2495 parti

449 2504 656 2541 militantis
691 2506 870 2551 ecclesie,
905 2506 972 2554 qui
1006 2516 1198 2543 vocantur
1222 2506 1492 2543 communiter
1514 2507 1756 2542 laborantes.

519 2756 544 2784 7.
566 2750 593 2775 A
614 2749 642 2776 in
666 2756 780 2783 marg:
801 2749 836 2777 A.
928 2748 972 2777 30.
994 2751 1038 2778 A:
1061 2759 1118 2786 que
1138 2753 1288 2786 querunt:
1318 2752 1345 2778 A
1374 2751 1401 2777 in
1426 2759 1538 2785 marga
1578 2751 1656 2778 Nota
1677 2750 1760 2786 quod

450 2790 578 2818 regnum
599 2785 732 2811 celin-mn
759 2787 890 2811 vin-alm·
915 2789 1020 2812 ,Μηδία
1040 2789 1139 2812 malet·
1159 2787 1298 2812 eccleisa.
1399 2785 1443 2819 37.
1476 2787 1503 2812 A
1530 2786 1558 2812 in
1588 2794 1702 2819 marg:
1735 2794 1756 2811 l.

451 2818 493 2844 Ἥ,
518 2820 558 2844 A:
582 2820 773 2845 milmmlum.
866 2819 911 2853 39.
935 2822 975 2846 A:
1000 2824 1136 2847 vocalium
