1986 3289
197 203 278 241 334
801 201 965 232 OPERIS
992 202 1273 233 EVANGELICI
1303 202 1385 232 Llss.
1414 202 1469 232 lV.
1592 190 1698 244 [CAR
1723 200 1803 228 XIV.

486 308 648 343 habebat
679 307 801 343 Judas
833 308 936 356 quod
969 308 1131 343 dixisset
1164 308 1198 343 ei
1225 308 1356 344 Jesus:
1400 308 1498 344 Eme
1530 321 1571 344 ea
1605 321 1675 357 que
1710 322 1805 358 opus

484 373 571 402 sunt
605 365 709 401 nohis
739 366 790 400 ad
825 366 922 401 diem
946 365 1120 413 festum;
1151 373 1217 401 aut
1252 366 1385 416 egenis
1421 366 1568 414 aliquid
1606 374 1645 401 ut
1679 368 1803 404 daret.

491 423 586 459 Cum
605 419 608 476 l
627 436 724 473 ergo
757 424 965 472 accepisset
987 424 1051 458 ille
1080 424 1304 468 buccellam,
1338 424 1458 459 exivit
1481 425 1669 460 continuo.
1704 425 1807 460 Erat
1850 428 1928 468 437⁰

485 488 612 516 autem
638 493 728 518 nox.
781 481 874 516 Cum
917 494 1015 531 ergo
1048 482 1203 527 exisset,
1239 482 1339 517 dixit
1368 482 1499 517 Jesus:
1540 483 1652 519 Nunc
1690 483 1806 518 clari-

475 539 621 588 ficatus
654 546 708 574 est
729 533 841 588 filius
874 539 1051 585 hominis,
1096 547 1131 575 et
1163 540 1271 577 Deus
1315 540 1552 588 clarificatus
1585 548 1639 576 est
1682 540 1717 576 in
1750 541 1840 576 eo.5

247 603 313 630 The
334 604 411 642 dep-il
546 598 673 645 Super
720 609 800 644 quo
834 596 1102 645 Augustinus:
1151 598 1237 633 Scio
1283 598 1477 633 carissimi
1508 599 1657 634 moveri
1694 610 1810 647 posse

200 639 462 701 Μῗέξῗὲᾖρζῖηῐῗω
488 655 704 701 nonnullos,
743 655 823 691 sive
858 655 946 703 pios
993 663 1032 690 ut
1075 656 1276 703 requirant
1311 656 1386 691 tive
1430 656 1565 704 impios
1605 664 1644 692 ut
1676 668 1809 705 repre-

300 716 366 743 sos),
487 713 670 758 hendant‚
714 714 816 761 quod
841 720 1094 761 posteaquam
1133 726 1272 762 panem
1306 714 1467 749 s'nctum
1513 726 1581 749 suo
1625 714 1812 750 traditori

487 771 680 806 Dominus
719 771 835 817 dedit,
889 772 1096 807 intraverit
1134 772 1169 806 in
1221 772 1329 807 illum
1379 778 1549 809 satanas.
1604 772 1666 807 Sic
1710 772 1807 808 enim

485 829 673 877 scriptum
708 836 782 865 est:
815 829 866 865 Et
898 841 982 864 cum
1006 829 1183 865 tinxisset
1205 842 1361 879 panem,
1395 830 1499 865 dedit
1527 830 1620 865 Jude
1643 830 1809 866 Simonis
1828 843 1867 864 10

488 887 705 923 Scariothis
739 894 774 922 et
798 895 888 936 post
913 900 1077 936 panem;
1109 895 1196 923 tunc
1225 888 1400 923 introivit
1431 888 1466 922 in
1500 888 1607 923 illum
1637 895 1806 924 satanas.

488 945 632 980 Dicunt
665 945 776 991 enim,
811 946 913 981 itane
945 945 1016 981 hoc
1049 946 1191 981 meruit
1218 947 1331 994 panis
1365 946 1512 981 Christi
1528 954 1738 995 porrectus
1763 946 1808 982 de

486 1015 615 1038 mensa
654 1003 811 1048 Christi,
860 1011 898 1038 ut
925 1011 1017 1052 post
1050 1004 1157 1039 illum
1192 1004 1359 1040 intraret
1391 1004 1426 1039 in
1461 1003 1539 1039 eius
1580 1004 1806 1053 discipulum

208 1068 293 1095 More
315 1069 453 1107 depends
485 1061 674 1097 satanas?
714 1061 860 1105 Quibus
884 1062 1163 1110 respondemus
1187 1062 1273 1097 hinc
1295 1074 1363 1098 nos
1380 1062 1515 1110 pocius
1540 1062 1673 1098 doceri
1694 1074 1806 1110 quam

201 1104 311 1165 ⁰¹{1]¹2{¹„⁰
325 1111 465 1165 grexcffilveer
484 1119 533 1155 sit
551 1120 762 1155 cavendum
789 1120 889 1155 male
911 1119 1086 1168 accipere
1109 1120 1259 1155 bonum.
1280 1120 1449 1155 NIultum
1475 1120 1613 1168 quippe
1636 1120 1805 1166 interest,
1828 1121 1863 1153 15

226 1173 313 1207 1¹¹ng
333 1173 434 1208 given.
486 1189 558 1212 non
592 1177 684 1225 quid
715 1177 888 1225 accipiat,
921 1179 990 1213 sed
1022 1178 1104 1225 quis
1143 1178 1327 1226 accipiat:
1365 1189 1432 1213 nec
1470 1178 1582 1226 quale
1619 1178 1666 1213 sit
1707 1179 1808 1226 quod

487 1235 618 1281 datur,
651 1236 720 1271 sed
742 1236 866 1283 qualis
898 1236 945 1271 sit
980 1236 1060 1284 ipse
1082 1237 1145 1277 ,cui
1176 1236 1304 1271 datur.
1340 1236 1441 1271 Nam
1477 1243 1510 1270 et
1543 1236 1639 1271 bona
1673 1236 1808 1272 obsunt

486 1300 521 1328 et
554 1294 657 1328 mala
685 1301 854 1342 prosunt
886 1294 983 1329 sicut
1006 1294 1161 1342 fuerint
1200 1294 1336 1342 quihus
1381 1294 1537 1329 dantur.
1586 1294 1806 1338 Peccatum,

487 1351 605 1400 inquit
637 1352 849 1400 apostolus,
897 1359 936 1387 ut
967 1360 1159 1401 appareat
1192 1359 1394 1401 peccatum
1434 1363 1510 1400 per
1542 1352 1680 1387 bonum
1715 1352 1810 1387 mihi

487 1416 689 1457 operatum
724 1416 779 1445 est
801 1417 978 1445 mortem.
1013 1410 1115 1445 Ecce
1133 1421 1208 1459 per
1232 1410 1540 1457 bonumfactum
1566 1417 1621 1445 est
1640 1410 1865 1454 malunz;2o

487 1469 575 1502 dum
610 1468 711 1503 male
742 1468 934 1516 accipitur
967 1469 1118 1504 bonum.
1154 1469 1323 1517 Itemque
1354 1468 1434 1516 ipse
1464 1468 1540 1503 ait:
1572 1468 1613 1503 In
1654 1468 1807 1517 magni-

487 1525 617 1561 tudine
650 1526 934 1561 revelacionum
968 1538 1144 1562 mearum
1178 1538 1223 1562 ne
1255 1526 1442 1572 extollar,
1483 1526 1595 1561 datus
1628 1533 1683 1561 est
1714 1525 1811 1561 mihi

486 1583 667 1619 stimulus
700 1584 829 1620 carnis
872 1596 967 1630 mee,
1000 1585 1164 1635 angelus
1211 1591 1346 1620 satane
1384 1583 1447 1632 qui
1475 1595 1534 1618 me
1572 1583 1809 1636 colaphizet,-

483 1648 651 1691 propter
682 1643 785 1691 quod
816 1649 878 1677 ter
900 1642 1111 1678 Dominum
1146 1642 1290 1692 rogavi
1321 1649 1361 1677 ut
1392 1642 1571 1690 auferret
1595 1653 1679 1677 eum
1704 1654 1725 1677 a
1750 1654 1809 1677 me

488 1707 522 1735 et
556 1699 657 1735 dixit
690 1700 803 1735 mihi:
836 1700 991 1750 Sufficit
1023 1700 1090 1736 tibi
1110 1700 1250 1750 gracia
1285 1712 1381 1746 mea,
1415 1712 1501 1735 nam
1537 1699 1660 1735 virtus
1693 1700 1728 1735 in
1752 1699 1806 1735 in-
1825 1700 1864 1731 25

482 1757 671 1805 firmitate
704 1758 922 1807 perficitur.
962 1759 1065 1794 Ecce
1096 1771 1169 1807 per
1201 1758 1345 1793 malum
1368 1759 1526 1806 factum
1561 1765 1615 1793 est
1656 1758 1808 1803 bonum,

489 1816 577 1851 dum
612 1816 703 1851 hene
734 1816 922 1864 accipitur
955 1816 1113 1851 malum.
1173 1816 1276 1860 Quid
1308 1828 1405 1865 ergo
1440 1815 1600 1851 miraris
1631 1815 1665 1851 si
1697 1816 1810 1851 datus

487 1881 541 1909 est
574 1874 666 1908 Iude
699 1874 813 1922 panis
851 1874 998 1909 Christi
1035 1887 1109 1923 per
1150 1886 1259 1923 quem
1308 1873 1598 1922 manciparetur
1643 1873 1808 1918 diaholo,

487 1944 571 1967 cum
618 1932 750 1967 videas
794 1944 812 1967 e
845 1932 1043 1968 contrario
1090 1932 1221 1967 datum
1255 1932 1378 1967 Paulo
1424 1932 1606 1981 angelum
1653 1931 1808 1975 diaboli,

482 2001 557 2039 per
595 2001 704 2037 quem
740 1990 1000 2039 perficeretur
1031 1990 1066 2025 in
1105 1989 1291 2025 Christo?
1342 1990 1399 2025 Ita
1445 1997 1479 2024 et
1525 1989 1626 2024 malo
1671 1989 1868 2025 honum30

487 2047 611 2096 obfuit
629 2055 663 2083 et
679 2048 775 2084 hono
792 2049 937 2083 malum
948 2048 1115 2096 profuit.
1134 2047 1411 2083 Recordamini
1426 2048 1524 2083 unde
1538 2047 1587 2082 sit
1601 2047 1810 2095 scriptum:

495 2106 719 2154 Quicunque
746 2106 1043 2142 manducaverit
1060 2118 1201 2155 panem
1226 2113 1291 2141 aut
1314 2105 1451 2141 biberit
1474 2105 1630 2141 calicem
1650 2104 1812 2140 Domini

488 2164 658 2214 indigne,
693 2176 781 2200 reus
827 2164 900 2199 erit
932 2165 1110 2213 corporis
1155 2171 1190 2199 et
1221 2163 1422 2213 sanguinis
1455 2163 1625 2199 Domini.
1679 2162 1731 2198 Et
1765 2163 1811 2198 de

489 2222 560 2257 hiis
593 2229 678 2257 erat
709 2234 851 2265 sermo,
900 2234 983 2257 cum
1018 2223 1088 2257 hoc
1121 2222 1320 2270 apostolus
1355 2221 1513 2267 diceret,
1558 2221 1622 2269 qui
1653 2220 1813 2256 Domini

489 2292 630 2328 corpus
663 2280 767 2315 velut
789 2280 906 2315 alium
930 2280 1134 2328 quemlibet
1156 2280 1277 2315 cibum
1303 2279 1508 2314 indiscrete
1544 2278 1809 2328 negligenter·
1828 2278 1866 2311 35

490 2350 560 2386 que
590 2338 802 2374 sumebant.
850 2338 927 2373 Hic
971 2350 1068 2388 ergo
1101 2338 1135 2372 si
1165 2337 1377 2386 corripitur
1409 2336 1473 2384 qui
1504 2349 1576 2372 non
1611 2336 1812 2381 diiudicat,

490 2396 560 2431 hoc
593 2403 659 2439 est,
707 2408 779 2431 non
815 2396 997 2431 discernit
1029 2409 1050 2430 a
1084 2395 1222 2430 ceteris
1255 2395 1345 2430 cibis
1391 2394 1621 2429 dominicum
1656 2406 1809 2441 corpus,

489 2454 679 2501 quomodo
711 2454 948 2502 dampnatur
980 2454 1044 2501 qui
1074 2453 1125 2488 ad
1149 2453 1228 2488 eius
1260 2465 1428 2488 mensam
1452 2452 1613 2502 fingens
1644 2452 1809 2486 amicum

489 2511 636 2546 accedit
681 2511 887 2547 inimicus?
933 2511 974 2546 Si
1018 2511 1313 2559 reprehensione
1358 2510 1535 2559 tangitur
1568 2509 1810 2560 negligencia

490 2569 741 2615 convivantis,
776 2581 848 2617 qua
869 2582 968 2618 pena
987 2569 1212 2618 percutitur
1235 2568 1414 2604 venditor
1443 2567 1671 2603 invitantis?
1709 2567 1812 2610 Quid
1824 2578 1869 2609 40

559 2680 601 2707 25.
623 2680 663 2706 A:
689 2681 719 2706 in
740 2680 833 2706 deest.
909 2688 958 2712 ⁴10.
981 2680 1023 2706 A:
1047 2679 1254 2707 convivantis:
1275 2678 1315 2705 15:
1338 2678 1468 2705 eom-exii
1490 2678 1517 2705 iu
1542 2685 1657 2712 marg:
1679 2676 1812 2712 quianlis

491 2714 572 2747 (siem
597 2723 650 2741 an:
673 2714 855 2741 conviantis:

561 2774 591 2804 Γ).
622 2777 709 2815 Aug.
736 2774 965 2806 1n.⁴1‹›h.l2'v.
994 2775 1013 2805 l.
1042 2785 1069 2805 c*
1098 2785 1171 2815 pag.
1200 2773 1393 2814 &OS—670.
1475 2774 1522 2804 18.
1543 2774 1643 2803 Rom.
1664 2772 1734 2811 Vll,
1760 2773 1808 2804 1¹5.

495 2831 547 2851 21.
580 2822 617 2851 ΙΙ.
647 2822 723 2851 (jor.
754 2822 822 2860 ΧΗ,
852 2832 879 2862 7.
981 2823 1031 2851 ¹52.
1063 2821 1082 2850 1.
1111 2822 1180 2851 (jor
1218 2821 1271 2860 xi,
1301 2831 1351 2861 27.
