1986 3289
190 201 268 239 302

195 940 262 968 The
282 945 348 968 true
369 949 456 968 sense

242 976 277 1003 of
296 976 406 1004 Peter's

270 1011 384 1038 words.

266 1521 380 1549 Peter's

220 1564 382 1591 eagerness
402 1562 433 1584 to

219 1591 254 1618 be
276 1592 430 1620 cleansed.

795 201 958 233 OPERIS
985 203 1268 234 EVANGELICI
1299 203 1382 234 ΜΒ.
1409 204 1465 234 iv.
1624 192 1731 246 [CAP.
1752 203 1789 230 v.

479 316 660 344 eternum.
718 309 818 344 Cum
866 307 970 344 enim
1016 310 1235 345 secundum
1278 309 1396 345 fidem
1433 323 1643 357 processus
1677 323 1792 347 evan-

479 366 569 414 gelii
604 365 768 402 maioris
792 366 1032 402 humilitatis
1066 367 1167 403 foret
1200 367 1405 404 evidencia
1439 368 1641 405 dimittere
1674 369 1793 405 istum

479 433 628 460 statum
665 432 701 459 et
734 424 919 460 laborare
953 426 1172 460 secundum
1207 425 1379 461 formam
1414 426 1621 473 evangelii,
1656 439 1795 463 secun-

480 484 575 518 dum
615 494 759 529 puram
801 482 1027 518 doctrinam
1069 495 1191 530 quam
1226 483 1407 519 Christus
1442 483 1580 520 docuit
1630 485 1795 521 ecclesie

480 541 768 589 prodessendo‚
816 539 973 576 videtur
1017 542 1126 588 quod
1172 553 1278 589 papa
1323 543 1566 579 assumendo
1605 555 1724 591 super
1756 549 1829 581 se5

480 601 585 635 hunc
631 606 780 635 statum
816 610 1032 634 onerosum
1067 607 1104 634 et
1139 598 1379 636 dimittendo
1418 608 1566 636 statum
1603 600 1796 648 evangelii

481 656 606 705 magis
629 656 876 693 laudabilem
911 657 1079 692 multum
1105 666 1258 704 peccat,
1294 657 1388 705 quia
1413 657 1656 706 principium
1681 660 1797 695 debet

480 728 565 752 esse
598 715 782 751 fidelibus
831 715 938 762 quod
971 728 1050 751 non
1084 715 1341 752 mediocriter
1373 725 1513 763 peccat
1547 715 1613 763 qui
1647 725 1794 753 statum

482 773 690 809 meliorem
726 782 762 809 et
795 772 1019 809 faciliorem
1047 773 1195 809 deserit
1229 782 1265 809 et
1299 782 1446 810 statum
1480 773 1659 821 peiorem
1694 774 1796 811 acci-

480 831 551 880 pit,
587 830 681 879 quia
714 843 796 867 non
830 830 996 867 dubium
1032 830 1099 867 illa
1133 844 1254 867 causa
1288 840 1345 868 est
1378 831 1580 868 diabolica
1613 840 1650 868 et
1682 832 1855 880 spiri—10

480 899 543 925 tus
576 889 761 937 superbie
795 890 844 924 ad
879 890 954 925 hoc
988 898 1134 925 movet.

537 949 620 984 Nec
665 947 893 995 repellende
946 955 1038 982 sunt
1083 956 1314 983 sanctorum
1360 947 1561 984 sentencie
1595 949 1661 984 sed
1695 956 1796 984 tam—

480 1018 601 1053 quam
637 1004 866 1054 probabiles
900 1005 1161 1050 admittende,
1208 1005 1359 1041 scilicet
1392 1007 1501 1053 quod
1535 1007 1673 1042 Petrus
1706 1007 1796 1043 hor-

481 1063 559 1099 ruit
591 1076 632 1100 se
664 1063 720 1100 sic
752 1062 879 1099 lavari
903 1075 924 1098 a
950 1066 1048 1109 Deo,
1083 1063 1177 1112 quia
1199 1065 1311 1099 Jesus
1345 1063 1449 1111 cepit
1482 1076 1502 1100 a
1536 1064 1653 1100 Petro
1687 1066 1795 1112 quod

472 1122 619 1158 Petrus
663 1122 719 1158 sic
763 1130 941 1158 senserat
985 1122 1093 1169 quod
1140 1134 1212 1169 pro
1246 1122 1357 1157 nullo
1402 1130 1585 1169 tempore
1618 1124 1724 1158 Deus
1758 1128 1853 1160 et15

481 1180 672 1217 dominus
705 1180 761 1217 sic
792 1180 942 1216 lavaret
976 1179 1050 1216 sibi
1082 1181 1204 1228 pedes
1237 1189 1273 1216 et
1306 1192 1389 1216 non
1421 1188 1463 1215 ut
1496 1180 1674 1227 sophiste
1708 1193 1795 1228 gar-

481 1237 590 1274 riunt
635 1239 742 1287 quod
776 1237 974 1274 Dominus
1018 1250 1099 1274 non
1131 1238 1259 1285 ipsam
1294 1237 1549 1274 continuaret
1583 1237 1623 1274 in
1656 1250 1796 1286 perpe-

481 1305 593 1332 tuum
629 1296 842 1333 locionem.
877 1297 969 1332 Ideo
993 1304 1125 1332 rectus
1148 1308 1287 1332 sensus
1322 1295 1439 1343 exigit
1461 1295 1579 1332 istam
1602 1295 1795 1332 formam:

482 1354 655 1391 Domine
686 1354 726 1390 in
750 1364 931 1390 eternum
956 1367 1036 1390 non
1059 1354 1211 1390 lavabis
1237 1353 1357 1390 michi
1382 1355 1516 1401 pedes,
1551 1355 1638 1390 Hoc
1661 1363 1798 1390 tamen

482 1414 621 1448 Petrus
675 1412 772 1448 dixit
814 1424 904 1448 cum
934 1408 938 1463 l
967 1413 1143 1460 quadam
1189 1411 1405 1448 formidine
1458 1420 1495 1447 et
1541 1411 1798 1448 dubitacione
1836 1419 1901 1458 433

481 1470 687 1516 laudabili,
721 1470 822 1507 sicut
854 1471 974 1506 verba
1006 1470 1190 1506 indicant
1224 1478 1529 1518 consequenter,

541 1529 727 1565 Secundo
773 1536 883 1576 patet
927 1528 1135 1564 catholicis
1183 1537 1379 1576 quantum
1428 1528 1624 1564 fervorem
1662 1529 1799 1564 Petrus

483 1586 635 1630 habuit,
670 1588 832 1634 quando
856 1585 953 1622 dixit
985 1587 1093 1634 quod
1125 1586 1311 1622 dominus
1345 1585 1417 1622 celi
1451 1594 1489 1622 et
1520 1594 1625 1622 terre
1649 1586 1800 1622 lavaret

482 1644 557 1680 sibi
590 1657 671 1680 non
716 1645 843 1680 solum
879 1645 1001 1692 pedes
1034 1645 1101 1680 sed
1137 1657 1278 1680 manus
1319 1652 1355 1680 et
1389 1652 1522 1693 caput,
1554 1652 1597 1680 ut
1629 1643 1800 1679 beatitu—

484 1701 586 1738 dinis
620 1715 688 1739 sue
721 1701 997 1751 participaret,
1031 1711 1067 1738 et
1101 1715 1190 1738 curn
1224 1702 1406 1739 Christus
1438 1714 1519 1738 non
1552 1710 1683 1749 potest
1716 1713 1800 1737 esse
1817 1708 1856 1740 25

483 1769 671 1808 acceptor
702 1772 886 1808 persone,
921 1769 1030 1808 patet
1063 1762 1171 1808 quod
1194 1772 1286 1797 vera
1320 1769 1377 1796 est
1409 1759 1484 1795 ista
1509 1759 1799 1796 condicionalis

483 1818 646 1854 Domini
679 1819 727 1855 de
761 1831 1021 1867 quocunque:
1070 1818 1108 1855 Si
1151 1831 1233 1854 non
1271 1819 1404 1854 lavero
1437 1827 1487 1862 te,
1521 1830 1603 1854 non
1635 1817 1799 1853 habebis

481 1885 638 1924 partem
675 1889 845 1914 mecum.
893 1878 941 1912 Et
974 1876 1071 1913 fides
1116 1876 1229 1913 istius
1260 1876 1369 1912 verbi
1403 1875 1433 1911 si
1466 1888 1546 1911 non
1579 1875 1657 1911 alia
1690 1875 1800 1912 incu-

482 1943 583 1970 teret
625 1935 840 1971 mundanis
873 1935 1059 1971 timorem
1094 1934 1149 1971 sic
1190 1946 1334 1982 cupere
1368 1935 1593 1970 mundanos
1626 1934 1799 1969 honores

483 2001 520 2029 et
554 1993 836 2029 excellenciam
871 1993 1154 2040 temporalem,
1191 2005 1280 2028 cum
1315 1991 1562 2040 impossibile
1595 1991 1644 2027 sit
1677 1992 1796 2028 talem
1817 1999 1858 2030 30

484 2050 675 2098 cupidum
711 2051 794 2088 fore
825 2052 986 2087 beatum
1021 2050 1096 2086 nisi
1130 2051 1250 2086 talem
1287 2051 1443 2086 deserat
1477 2049 1727 2097 dignitatem,
1763 2057 1800 2085 et

483 2109 600 2156 pauci
634 2118 725 2145 sunt
769 2109 837 2157 qui
871 2109 911 2145 in
945 2109 1022 2144 fine
1066 2108 1142 2144 vite
1176 2109 1224 2144 de
1257 2108 1332 2144 ista
1364 2107 1472 2144 inani
1507 2107 1634 2155 gloria
1667 2107 1799 2143 debite

483 2176 573 2203 sunt
627 2167 801 2203 contriti.
856 2169 903 2202 Et
949 2166 1004 2203 sic
1050 2166 1232 2203 Christus
1282 2165 1558 2214 propriissime
1607 2164 1798 2212 loquitur,

483 2226 644 2273 quando
698 2225 794 2261 dicit
839 2224 869 2261 si
904 2236 983 2261 non
1026 2225 1161 2260 lavero
1196 2233 1246 2269 te,
1300 2236 1381 2260 non
1434 2222 1598 2259 habebis
1643 2231 1797 2270 partem

484 2295 655 2329 mecum,
710 2283 881 2319 innuens
927 2284 1034 2330 quod
1078 2282 1257 2330 loquitur
1302 2283 1350 2317 de
1392 2281 1548 2318 locione
1583 2280 1726 2317 mentis
1759 2280 1796 2316 in
1816 2281 1856 2314 35

484 2354 562 2389 qua
586 2350 670 2377 tota
693 2341 959 2389 personalitas
983 2340 1158 2377 hominis
1181 2348 1238 2376 est
1262 2348 1430 2376 servata.
1466 2338 1658 2384 Quamvis
1692 2338 1797 2374 enim

483 2399 730 2446 Augustinus
762 2412 852 2435 vere
885 2398 992 2434 dicat
1025 2399 1131 2446 quod
1167 2399 1289 2434 homo
1323 2399 1490 2445 loquens
1524 2395 1797 2442 sinodochiee,

482 2469 573 2493 vere
607 2457 702 2493 dicit
735 2457 867 2494 alteri:
915 2457 1055 2493 Calcas
1090 2468 1152 2492 me
1186 2457 1279 2491 dum
1313 2456 1441 2492 solum
1477 2453 1639 2502 proprie
1673 2454 1799 2490 caleam

483 2515 581 2551 verit
626 2515 698 2551 sibi
744 2516 900 2563 pedem,
955 2514 1120 2562 propior
1152 2522 1287 2550 tamen
1320 2524 1375 2549 est
1419 2514 1561 2549 modus
1595 2511 1798 2560 loquendi,

485 2586 573 2609 cum
610 2573 723 2609 dicit:
768 2573 808 2609 Si
841 2586 922 2609 non
956 2574 1089 2608 lavero
1123 2581 1173 2618 te,
1209 2572 1283 2607 hoc
1317 2580 1387 2617 est,
1441 2582 1654 2618 personam
1689 2578 1857 2612 tuam4o

484 2644 560 2678 que
611 2639 688 2667 stat
736 2631 774 2667 in
820 2630 977 2678 spiritu,
1039 2643 1120 2666 non
1168 2629 1332 2665 habebis
1377 2641 1533 2664 mecum
1569 2635 1723 2676 partem
1759 2626 1799 2662 in

556 2800 579 2825 κ
608 2799 683 2826 (lod.
699 2809 703 2824 ς
721 2802 873 2825 censerat.
949 2806 992 2825 22.
1011 2799 1035 2825 Α
1054 2798 1081 2824 iu
1100 2806 1214 2831 marg:
1234 2805 1259 2823 '.’.
1334 2797 1374 2823 25.
1394 2797 1436 2823 A:
1457 2795 1633 2830 purlict'pet.
1690 2803 1739 2827 μ).
1754 2795 1796 2821 A:

483 2835 608 2869 quando
630 2834 714 2860 dien.
