1986 3289
174 186 222 220 74
779 182 897 214 OPUS
922 182 1258 215 EVANGELICUM
1288 184 1371 215 LIB.
1398 183 1452 215 III.
1581 173 1688 227 [CAP.
1708 182 1773 211 XX.

458 290 648 338 serpentis
700 289 804 325 illius
855 290 907 324 ad
958 301 1066 337 quem
1112 290 1219 325 Deus
1266 290 1301 326 in
1341 302 1510 339 persona
1560 290 1704 327 diaboli
1740 299 1775 327 et

460 347 617 383 ecclesie
650 347 759 383 dicit:
792 347 897 383 Ecce
922 359 1028 396 pono
1051 347 1278 384 inimicicias
1310 348 1410 384 inter
1441 355 1476 384 te
1508 355 1543 383 et
1574 349 1774 385 mulierem

460 413 495 441 et
527 405 628 440 inter
656 417 785 441 semen
808 412 914 440 tuum
949 412 983 441 et
1013 417 1142 441 semen
1165 406 1279 441 illius.
1316 407 1442 455 Super
1464 413 1634 442 ventrem
1669 414 1774 442 tuum

458 463 662 513 gradieris
694 470 729 498 et
760 475 879 512 super
904 470 1041 511 pectus
1072 470 1179 499 tuum
1213 475 1325 512 repes
1356 471 1391 500 et
1423 471 1572 499 terram
1611 465 1773 500 mandu-

461 520 564 556 cabis
616 520 790 556 omnibus
842 521 975 556 diebus
1020 521 1106 559 tuis.
1160 521 1331 570 Propter
1378 533 1491 570 quam
1542 522 1807 558 sentenciam5

463 578 622 614 Domini
651 579 751 614 inter
780 578 969 614 hereticos
991 586 1025 614 et
1057 579 1289 615 christianos
1316 591 1403 628 pax
1434 592 1506 615 non
1533 587 1662 628 potest
1683 592 1774 616 esse.

461 636 504 671 Si
534 648 632 686 ergo
653 636 765 685 filios
797 636 955 672 ecclesie
986 649 1059 672 non
1086 646 1377 685 persequuntur
1407 638 1568 673 heretici
1608 650 1675 674 nec
1706 638 1775 673 ad-

462 701 669 730 versantur
700 701 735 730 et
757 694 832 743 ipsi
849 694 932 744 filii
951 702 1039 730 sunt
1061 695 1238 740 ecclesie;
1269 695 1303 731 si
1323 702 1448 730 autem
1474 703 1775 744 persequuntur,

460 764 587 788 semen
615 759 702 787 sunt
729 752 919 800 serpentis
948 752 1064 798 illius,
1097 752 1204 788 cuius
1224 765 1351 788 semen
1375 753 1599 789 inimicicias
1622 760 1778 790 exercet

462 811 652 846 adversus
682 822 810 846 semen
841 810 1009 846 ecclesie.
1043 810 1145 846 Nam
1179 817 1214 846 et
1246 810 1320 859 ipsi
1348 811 1546 860 genimina
1578 819 1666 847 sunt
1695 822 1835 847 ser-10

456 868 584 917 pentis
621 868 735 913 illius,
780 868 960 904 similiter
1002 868 1098 904 sicut
1143 875 1177 904 et
1216 868 1280 904 ille
1311 880 1428 917 super
1460 876 1630 905 ventrem
1667 881 1777 905 suum

462 933 497 962 et
538 938 657 975 super
693 933 829 975 pectus
873 933 1032 974 repunt:
1078 933 1112 961 et
1144 933 1292 962 terram
1337 927 1572 962 manducant
1613 939 1777 977 semper.

464 985 591 1033 Super
624 991 795 1020 ventrem
829 984 979 1031 quidem
1014 991 1049 1019 et
1084 991 1232 1033 pectus,
1266 984 1442 1032 quoniam
1467 985 1651 1034 quidquid
1672 985 1780 1033 faci-

463 1049 531 1077 unt
579 1049 745 1091 propter
796 1049 967 1078 ventrem
1019 1054 1129 1077 suum
1160 1041 1318 1090 faciunt
1358 1050 1393 1078 et
1430 1050 1598 1091 propter
1641 1056 1778 1079 vanam

461 1100 633 1150 gloriam
662 1100 833 1149 pectoris
864 1099 933 1136 sui.
982 1099 1145 1135 Terram
1185 1106 1310 1135 autem
1344 1101 1561 1147 comedunt,
1593 1101 1679 1149 quia
1718 1102 1834 1137 ne-15

464 1158 601 1194 minem
635 1158 840 1193 lucrantur
871 1164 936 1193 aut
959 1158 1115 1206 capiunt
1146 1157 1182 1193 in
1210 1158 1379 1207 perfidia
1399 1170 1482 1205 sua,
1516 1159 1588 1194 nisi
1608 1158 1696 1195 illos
1718 1159 1782 1207 qui

464 1216 500 1251 in
534 1224 641 1252 terra
670 1223 770 1263 sunt,
803 1216 843 1251 id
877 1223 944 1262 est,
978 1215 1158 1251 carnales
1180 1215 1363 1252 homines.
1399 1216 1632 1265 Spirituales
1652 1223 1778 1259 autem

464 1274 569 1310 viros
599 1274 825 1310 seduccione
857 1280 1094 1310 consumunt.
1128 1273 1372 1309 Manducare
1403 1281 1529 1310 autem
1553 1281 1609 1310 est
1631 1274 1782 1310 lucrari

462 1332 542 1368 sive
573 1332 782 1381 adquirere
813 1332 893 1368 sive
923 1331 975 1367 aa'
1004 1331 1119 1366 vitam
1152 1331 1232 1367 sive
1262 1332 1314 1367 ad
1336 1339 1513 1371 mortem.
1546 1332 1633 1368 Non
1655 1332 1778 1368 solum

464 1396 590 1426 autem
623 1397 821 1439 serpentes
852 1397 939 1426 sunt
970 1390 1039 1425 sed
1076 1396 1112 1425 et
1144 1389 1285 1438 wipere,
1319 1389 1405 1438 quia
1440 1396 1478 1425 ut
1511 1390 1642 1439 wipere
1673 1402 1778 1426 rum·
1796 1402 1838 1424 20

459 1455 593 1497 pentes
625 1448 773 1484 viscera
796 1455 966 1483 matrum
995 1454 1219 1493 nascuntur,
1252 1447 1306 1483 sic
1337 1455 1373 1483 et
1403 1455 1581 1484 auctores
1602 1448 1779 1484 heresum

466 1514 687 1555 rumpentes
718 1506 844 1556 fidem
890 1505 1028 1541 matris
1072 1505 1231 1541 ecclesie
1269 1513 1546 1554 processerunt
1583 1507 1635 1541 ad
1667 1506 1779 1555 prin-

466 1564 646 1613 cipatum.
676 1560 681 1615 Ι
1816 1571 1901 1607 412“

530 1622 733 1666 Quomodo
755 1621 926 1672 fugietis
957 1634 979 1657 a
1011 1621 1151 1656 iudicio
1182 1620 1389 1671 gehenne?
1430 1621 1629 1657 Ecclesias
1673 1621 1779 1671 edifi-

466 1688 594 1716 cantes
633 1692 706 1716 non
735 1679 990 1716 ecclesiastice
1013 1679 1186 1715 veritatis
1203 1679 1320 1726 fidem
1350 1686 1531 1725 tenentes,
1563 1679 1780 1728 scripturas
1797 1683 1836 1714 25

466 1739 649 1788 legentes,
683 1750 755 1774 non
784 1738 991 1786 scripturis
1020 1737 1232 1784 credentes,
1267 1737 1485 1794 prophetas
1517 1744 1552 1773 et
1583 1738 1781 1786 apostolos

466 1803 501 1832 et
533 1803 736 1848 martyres
767 1795 1019 1842 nominantes,
1064 1807 1136 1831 non
1176 1807 1294 1843 opera
1327 1801 1554 1845 martyrum
1587 1795 1780 1831 imitantes

467 1866 533 1890 nec
565 1854 824 1903 confessiones
868 1866 1002 1890 eorum
1034 1860 1242 1901 sequentes.
1298 1852 1377 1888 Nec
1408 1853 1571 1889 audistis
1602 1865 1686 1889 eum
1719 1853 1783 1901 qui

468 1912 579 1948 dicit.-
610 1913 697 1949 Non
720 1923 849 1948 omnes
881 1912 945 1960 qui
975 1911 1104 1947 dicunt
1136 1910 1271 1947 michi:
1302 1910 1482 1960 Domine,
1516 1911 1693 1954 Domine,
1725 1911 1780 1946 in-

467 1971 624 2006 trabunt
661 1971 698 2006 in
738 1982 903 2020 regnum
937 1969 1123 2015 celorum,
1166 1969 1235 2005 sed
1266 1968 1330 2017 qui
1349 1968 1508 2017 faciunt
1540 1969 1776 2005 voluntatem
1795 1972 1838 2005 30

462 2029 590 2077 patris
622 2028 707 2064 mei.
742 2028 849 2064 Sicut
880 2027 977 2063 enim
1012 2027 1218 2062 Dominum
1243 2038 1373 2063 omnes
1396 2034 1533 2062 vocant
1565 2034 1600 2062 et
1621 2026 1782 2063 Domini

468 2099 540 2122 non
584 2094 671 2122 sunt
715 2086 784 2122 sed
819 2086 885 2135 qui
920 2085 1076 2135 faciunt
1114 2085 1347 2120 uoluntatem
1387 2084 1558 2131 Domini,
1619 2084 1673 2120 sic
1705 2097 1778 2121 non

468 2157 597 2181 omnes
629 2144 694 2193 qui
723 2144 759 2179 in
793 2144 887 2180 locis
917 2143 998 2180 suis
1023 2143 1232 2192 predicant
1253 2143 1475 2191 'prophetas
1506 2150 1541 2178 et
1563 2149 1777 2193 martyres,

469 2203 544 2238 iam
573 2215 648 2251 per
679 2203 750 2238 hoc
781 2209 869 2238 sunt
901 2202 1072 2238 cultores
1104 2213 1251 2243 eorum,
1295 2201 1365 2236 sed
1396 2200 1461 2248 qui
1491 2212 1609 2249 opera
1643 2212 1776 2236 eorum

468 2260 670 2296 imitantur
701 2268 736 2296 et
757 2259 881 2309 fidem
914 2266 1136 2308 sequuntur.
1172 2260 1256 2294 Hec
1288 2257 1576 2294 Crisostomus.
1795 2271 1834 2305 35

192 2319 445 2358 Hypocritesyhe
525 2317 693 2354 Videtur
736 2317 855 2354 istum
901 2326 1085 2354 sanctum
1129 2316 1193 2352 hic
1226 2317 1445 2364 reprobare
1476 2315 1678 2363 ypocritas
1711 2314 1779 2363 qui

189 2359 283 2382 worst
303 2355 443 2382 herencs.
469 2377 516 2413 de
549 2377 654 2413 facto
687 2384 779 2412 sunt
818 2374 983 2412 heretici
1024 2383 1061 2411 et
1093 2375 1182 2422 plus
1215 2375 1432 2422 reprobare
1464 2374 1562 2410 istos
1599 2373 1779 2410 occultos

540 2612 576 2631 12.
598 2604 642 2630 A:
664 2610 756 2638 super
776 2602 872 2629 deest.
964 2601 1000 2629 15.
1022 2602 1059 2628 B:
1080 2603 1182 2628 autem
1201 2600 1400 2627 manducant.
1483 2599 1522 2627 18.
1544 2599 1582 2626 B:
1604 2598 1781 2638 sedicione;

469 2638 509 2665 ib.
542 2638 580 2665 B:
616 2637 804 2665 manducare
840 2636 929 2664 enim.
1048 2644 1090 2671 19.
1123 2635 1240 2663 Codd.:
1286 2635 1350 2662 sive
1389 2634 1431 2662 ad
1467 2635 1560 2672 vitam
1588 2642 1653 2673 sive
1684 2634 1777 2660 deest.

468 2673 669 2735 ᾖιιώιαῗὴωΑι
702 2671 891 2707 edificantes.
999 2670 1046 2698 26.
1078 2671 1122 2698 A:
1151 2672 1182 2697 et
1211 2669 1347 2697 omitted.
1456 2667 1501 2696 30.
1540 2670 1567 2696 A
1600 2676 1629 2695 ιη
1663 2675 1777 2702 marg:

542 2814 571 2837 2.
600 2804 685 2836 Gen.
714 2803 767 2843 111,
800 2802 848 2843 15,
880 2813 929 2844 14.
1027 2803 1078 2834 31.
1107 2799 1224 2834 Matth.
1253 2800 1328 2840 Vll,
1357 2809 1409 2831 21.
