1986 3289
211 201 293 239 300
817 199 982 231 OPERlS
1007 199 1290 231 EVANGELICI
1319 200 1400 232 ΜΒ.
1428 200 1482 231 lv.
1643 187 1750 241 [CAP.
1771 197 1809 224 v.

499 304 647 341 toribus
679 305 832 340 nostris.
882 305 925 340 Si
954 305 1051 341 enim
1085 305 1338 350 confiteamur
1368 306 1464 341 sicut
1490 301 1495 357 1
1523 306 1710 354 scriptum
1743 313 1810 349 est,
1848 304 1931 344 433⁰

494 369 655 411 peccata
678 370 825 409 nostra,
852 363 1034 411 profecto
1069 363 1132 399 ille
1166 364 1230 412 qui
1261 363 1355 399 lavit
1384 364 1502 412 pedes
1532 363 1809 412 discipulorum

498 432 656 456 suorum
679 419 814 469 fidelis
847 427 902 456 est
933 428 968 455 et
1000 421 1120 457 iustus
1150 421 1216 469 qui
1247 421 1415 456 dimittat
1440 427 1603 470 peccata
1636 421 1742 456 nobis
1774 428 1810 456 et

501 478 655 513 mundet
702 489 769 513 nos
801 478 847 513 ab
882 478 986 514 omni
1022 478 1229 527 iniquitate,
1275 479 1315 514 id
1347 486 1415 525 est,
1469 490 1586 528 usque
1617 479 1668 514 ad
1692 479 1812 527 pedes

500 535 633 583 quibus
665 547 946 571 conversamur
978 536 1013 571 in
1047 543 1169 572 terra.
1828 539 1844 570 5

558 592 727 628 Proinde
770 593 929 629 ecclesia
961 605 1074 641 quam
1115 594 1278 629 mundat
1316 593 1492 630 Christus
1526 594 1684 630 lavacro
1717 606 1812 642 aque

499 650 534 685 in
569 651 698 697 verbo,
744 662 816 686 non
860 651 983 686 solum
1031 652 1066 686 in
1114 651 1192 687 illis
1223 658 1278 687 est
1319 652 1400 687 sine
1443 651 1594 687 macula
1628 659 1663 687 et
1695 663 1810 701 ruga,

499 708 564 756 qui
602 715 692 756 post
726 708 926 744 lavacrum
967 709 1279 759 regeneracionis
1311 709 1485 745 continue
1515 721 1566 745 ex
1597 709 1707 745 huius
1740 709 1813 745 vite

500 765 729 815 contagione
761 766 952 801 tolluntur
983 778 1049 802 nec
1081 767 1233 802 calcant
1271 774 1418 802 terram
1453 774 1492 802 ut
1524 778 1619 815 opus
1650 767 1813 802 habeant

495 824 613 872 pedes
635 823 785 869 lavare,
820 835 954 860 verum
978 824 1096 860 eciam
1127 825 1162 859 in
1186 824 1258 860 hiis
1280 824 1413 872 quibus
1444 824 1557 860 istam
1591 824 1811 860 misericor·
1833 837 1871 857 ιο

500 881 601 916 diam
632 881 799 929 prebens
823 881 1013 918 Dominus
1036 882 1138 930 fecit
1160 894 1223 918 eos
1247 882 1292 918 de
1318 883 1446 918 seculo
1476 882 1547 918 isto
1572 880 1662 918 lotis
1693 881 1811 918 eciam

495 938 659 988 pedibus
691 938 904 988 emigrare.
940 940 980 974 In
1014 940 1086 976 hiis
1108 947 1234 975 autem
1268 940 1332 988 qui
1363 940 1422 975 hic
1455 947 1662 975 morantur
1694 939 1811 975 eciam

499 996 533 1032 si
564 996 698 1032 mundi
733 997 821 1043 sint,
866 997 1043 1044 quoniam
1077 998 1173 1033 iuste
1212 997 1354 1040 vivunt,
1393 1010 1487 1046 opus
1519 1005 1644 1033 tamen
1677 997 1815 1033 habent

495 1055 616 1103 pedes
660 1054 808 1099 lavare,
868 1055 1045 1102 quoniam
1095 1055 1176 1091 sine
1214 1063 1373 1104 peccato
1419 1055 1545 1103 utique
1599 1067 1671 1091 non
1713 1061 1811 1091 sunt.

502 1112 669 1160 Propter
691 1112 762 1147 hoc
785 1112 876 1147 dicit
899 1112 935 1147 in
965 1112 1122 1149 Cantico
1146 1113 1407 1149 canticorum:
1439 1113 1540 1149 Lavi
1554 1113 1675 1162 pedes
1697 1124 1812 1149 meos.
1834 1115 1870 1146 15

508 1170 711 1213 Quomodo
744 1169 944 1218 inquinabo
988 1170 1105 1206 illos?
1137 1171 1241 1206 Dicit
1275 1171 1371 1206 enim
1407 1171 1489 1217 hoc,
1537 1182 1621 1206 cum
1661 1170 1815 1221 cogitur

502 1228 554 1262 ad
591 1227 789 1263 Christum
825 1227 955 1264 venire
987 1235 1022 1264 et
1054 1235 1200 1264 terram
1234 1229 1389 1264 calcare
1422 1228 1608 1264 convenit.

562 1285 646 1320 Alia
679 1285 825 1334 questio
859 1297 999 1321 rursus
1030 1286 1230 1322 exoritur:
1274 1287 1410 1322 Nonne
1446 1286 1625 1322 Christus
1656 1298 1811 1322 sursum

503 1343 590 1378 est?
622 1343 758 1378 Nonne
790 1343 963 1379 ascendit
995 1343 1029 1379 in
1063 1344 1184 1379 celum
1218 1351 1253 1379 et
1284 1345 1389 1380 sedet
1427 1344 1478 1379 ad
1510 1344 1713 1379 dexteram
1744 1356 1814 1392 pa-

503 1401 606 1436 tris?
653 1401 789 1436 Nonne
821 1401 1029 1450 Apostolus
1061 1402 1203 1437 clamat
1242 1409 1276 1437 et
1309 1402 1419 1437 dicit:
1471 1401 1513 1436 Si
1553 1413 1650 1451 ergo
1684 1413 1814 1437 resur·
1832 1413 1873 1434 20

505 1458 666 1494 rexistis
688 1470 772 1494 cum
803 1458 956 1495 Christo
990 1471 1060 1507 que
1090 1471 1244 1495 sursum
1268 1467 1356 1495 sunt
1377 1459 1511 1507 sapite,
1547 1459 1610 1495 ubi
1636 1459 1816 1494 Christus

505 1523 561 1552 est
597 1516 649 1551 ad
693 1517 876 1552 dextram
912 1517 987 1551 Dei
1028 1518 1178 1562 sedens,
1231 1529 1301 1565 que
1342 1529 1498 1553 sursum
1542 1524 1631 1552 sunt
1655 1516 1817 1566 querite

505 1585 578 1610 non
610 1586 681 1622 que
711 1586 829 1622 super
861 1574 1034 1609 terram?
1080 1575 1282 1618 Quomodo
1322 1586 1417 1624 ergo
1459 1582 1498 1610 ut
1530 1575 1582 1609 ad
1619 1574 1814 1610 Christum

505 1643 650 1677 eamus⁷
690 1638 838 1667 terram
882 1632 1038 1667 calcare
1070 1632 1354 1681 compellimur,
1407 1645 1491 1668 cum
1530 1632 1667 1680 pocius
1712 1632 1817 1668 nobis

504 1701 658 1725 sursum
693 1701 762 1725 cor
786 1690 1000 1725 habendum
1033 1690 1082 1725 sit
1114 1691 1166 1725 ad
1190 1690 1415 1737 Dominum,
1448 1697 1487 1725 ut
1519 1702 1603 1725 cum
1638 1689 1704 1725 illo
1738 1701 1818 1725 esse
1835 1691 1873 1723 25

500 1747 707 1796 possimus.
771 1747 912 1783 Videtis
948 1748 1110 1796 fratres
1160 1748 1338 1784 hodierni
1380 1748 1565 1796 temporis
1616 1747 1818 1797 angustias

505 1804 619 1840 istam
667 1812 848 1841 coartare
890 1805 1138 1854 questionem.
1185 1806 1299 1849 Quod
1342 1806 1414 1841 etsi
1446 1817 1513 1841 vos
1541 1805 1656 1853 forte
1694 1805 1819 1840 minus

507 1862 654 1909 videtis,
687 1874 760 1912 ego
793 1870 995 1911 utcumque
1024 1861 1134 1899 video
1161 1871 1300 1913 quante
1332 1862 1605 1912 disputacionis
1633 1862 1818 1912 indigeat.

512 1920 619 1955 Unde
646 1927 736 1968 peto
769 1927 807 1955 ut
831 1933 914 1956 eam
944 1920 1078 1969 pocius
1100 1921 1285 1970 suspendi
1314 1933 1427 1969 quam
1462 1921 1522 1956 vel
1553 1920 1819 1970 negligencius

507 1978 567 2013 vel
609 1978 812 2028 angustius
850 1978 1095 2027 pertractari
1137 1991 1209 2015 non
1242 1979 1442 2027 fraudata
1487 1978 1556 2014 sed
1588 1978 1708 2014 dilata
1749 1989 1816 2013 ex-
1835 1985 1876 2017 30

502 2035 726 2084 pectacione
753 2036 976 2085 paciamini.
1010 2036 1148 2072 Aderit
1179 2037 1276 2072 enim
1301 2036 1492 2072 Dominus
1524 2036 1587 2085 qui
1617 2048 1685 2071 nos
1718 2035 1818 2071 debi-

506 2100 611 2129 tores
634 2093 753 2141 facit,
787 2101 826 2129 ut
847 2094 979 2142 faciat
1010 2094 1129 2130 eciam
1164 2094 1395 2130 redditores.
1441 2095 1524 2130 Hec
1558 2093 1818 2141 Augustinus,

1047 2253 1184 2294 CAP.
1217 2253 1274 2294 V.

220 2347 488 2408 fisg'thtsgsstpgssgptm
568 2350 621 2383 Ex
674 2347 749 2383 isto
795 2360 983 2395 processu
1017 2348 1084 2396 qui
1117 2347 1275 2384 videtur
1307 2347 1437 2383 stultis
1477 2346 1621 2383 sterilis
1653 2354 1818 2394 possunt

280 2418 363 2455 shew
386 2416 432 2443 his
511 2405 596 2441 elici
623 2405 806 2441 fidelibus
832 2406 955 2441 multe
978 2414 1091 2450 note;
1127 2405 1258 2453 primo
1281 2405 1437 2442 videtur
1471 2404 1690 2453 probabile,
1725 2417 1814 2440 cum
1835 2411 1874 2446 35

281 2459 436 2486 pr1macy3
512 2463 692 2499 Christus
744 2463 850 2500 venit
898 2465 946 2500 ad
995 2464 1115 2511 pedes
1161 2463 1266 2499 Petri
1311 2464 1502 2500 lavandos
1548 2471 1583 2498 et
1637 2461 1817 2498 Christus

583 2657 606 2675 2.
630 2649 668 2677 13:
690 2650 781 2676 lavat.
873 2648 977 2676 12-13.
998 2651 1043 2676 A:
1066 2652 1094 2676 el
1112 2649 1148 2676 si.
1165 2649 1281 2676 Codd.:
1302 2650 1415 2676 munda
1433 2649 1481 2675 sit.
1555 2649 1668 2675 26—21.
1689 2649 1733 2674 A:
1752 2655 1819 2674 sur-

512 2685 642 2711 rexistis.
733 2693 779 2718 29.
803 2684 839 2711 13:
865 2684 949 2711 Unde
964 2687 1050 2719 puto.
1148 2683 1193 2717 34-
1217 2685 1245 2711 A
1266 2684 1294 2710 in
1318 2692 1431 2717 marga
1453 2684 1623 2711 «lohannes

587 2767 612 2787 1.
646 2757 668 2787 1.
704 2755 781 2787 joh.
816 2756 837 2794 1,
875 2766 906 2797 9.
1047 2755 1078 2786 s).
1117 2755 1203 2796 Eph.
1233 2756 1272 2794 V,
1313 2754 1364 2786 26.
1512 2754 1560 2785 15.
1589 2754 1687 2785 Cant.
1714 2754 1754 2792 V,
1791 2754 1819 2786 3.

515 2812 566 2833 20.
595 2803 670 2833 Col.
698 2802 751 2840 ΙΙΙ,
784 2811 878 2833 1—2.
