1986 3289
167 195 187 221 Ν

225 195 245 220 {0

171 939 275 967 Christ
296 938 370 966 does
390 942 443 964 not

181 983 259 1009 pour
280 973 335 1001 His
358 973 433 1007 light

182 1010 255 1045 only
275 1016 314 1036 on
337 1007 432 1034 Rome

199 1052 234 1071 οι·
252 1045 408 1078 Avignon‚

180 1079 232 1106 but
252 1078 378 1111 directly
399 1085 437 1104 on

205 1114 242 1141 all
263 1114 329 1140 that
348 1112 409 1139 will

224 1148 340 1176 receive
359 1151 392 1174 it.

176 1680 246 1708 God
266 1680 350 1706 loves
372 1687 441 1706 men

202 1714 368 1749 according
387 1718 417 1740 to

188 1750 245 1777 His
265 1757 354 1788 grace
374 1748 433 1787 and

211 1785 290 1811 their
312 1787 412 1811 merlt.

751 189 868 220 01>th
894 188 1231 219 EVANGELICUM
1259 188 1342 219 ΜΒ.
1370 188 1426 219 111.
1577 176 1683 229 [CAP.
1704 185 1768 212 Lv.

456 297 564 331 debet
584 295 781 343 festinare
812 296 863 330 ad
895 307 993 342 eum,
1039 295 1146 330 cuius
1180 295 1333 344 fulgur
1364 295 1444 330 exit
1481 295 1527 329 ab
1561 294 1705 330 oriente
1736 302 1771 329 et

451 360 568 402 paret
599 365 714 402 usque
746 352 781 387 in
823 352 1067 388 occidentem.
1113 352 1323 388 Possumus
1366 359 1491 388 autem
1526 364 1680 401 corpus,
1733 351 1771 386 id

455 419 510 447 est
543 410 670 446 nation
704 411 804 459 quod
833 410 1058 460 signaucius
1091 409 1228 445 Latine
1267 410 1408 445 dicitur
1448 410 1620 445 cadaver
1651 409 1697 445 ab
1730 421 1772 445 eo

456 470 557 517 quod
584 480 659 516 per
697 475 859 503 mortem
893 469 1007 504 cadat
1037 468 1256 516 passionem
1295 467 1442 503 Christi
1472 467 1693 517 intelligere
1723 467 1774 502 ad

456 539 568 575 quam
609 538 887 575 provocamur,
940 526 1148 574 ubicunque
1191 526 1226 560 in
1259 525 1466 574 scripturis
1508 525 1654 575 legitur
1685 531 1806 562 con-5

455 596 694 635 gregemth
725 592 759 620 et
786 596 861 632 per
889 585 994 618 illam
1029 583 1160 619 venire
1184 583 1379 632 possimus
1410 584 1461 618 ad
1494 584 1651 619 verbum
1686 583 1771 627 Dei,

459 650 497 678 ut
529 649 584 678 est
617 642 732 677 illud:
765 642 968 677 Foderunt
991 653 1127 676 manus
1159 654 1263 677 meas
1295 649 1329 677 et
1357 642 1475 690 pedes
1508 653 1621 677 meos.
1654 641 1706 676 Et
1738 641 1773 676 in

456 701 578 736 Isuia:
610 700 715 735 Sicut
738 700 819 736 ovis
841 700 893 735 ad
915 699 1107 734 victimam
1134 700 1268 735 ductus
1291 707 1328 735 et
1353 707 1485 735 cetera
1508 698 1583 735 hiis
1606 698 1772 734 similia:

457 758 592 807 Aquile
623 765 749 793 autem
782 757 1029 806 appellantur
1058 758 1193 803 sancti,
1238 758 1370 806 quibus
1414 757 1593 793 innovata
1632 764 1687 793 est
1719 757 1773 792 iu-

458 823 590 852 ventus
619 823 658 851 ut
680 816 805 864 aquile
837 823 872 851 et
903 816 968 863 qui
997 816 1107 851 iuxta
1141 815 1280 851 Isaiam
1309 815 1568 864 plumescumt
1601 822 1635 850 et
1666 827 1772 851 assu-
1795 830 1833 850 10

459 881 565 910 munt
579 874 665 909 alas
688 881 728 909 ut
749 874 801 909 ad
821 873 969 909 Christi
982 873 1135 909 veniant
1152 873 1385 922 passionem.
1420 874 1503 909 Hec
1525 874 1773 920 Jeronymus.

516 931 682 967 Videtur
726 932 831 967 hunc
863 940 1045 967 sanctum
1081 944 1239 967 sensum
1280 930 1471 977 evangelii
1515 930 1610 967 satis
1645 930 1775 966 lucide

460 990 683 1036 declarare3
718 998 754 1026 et
782 989 883 1025 sicut
913 988 996 1036 ipse
1028 1002 1109 1025 non
1141 990 1260 1025 audet
1284 990 1331 1024 de
1364 989 1439 1024 hoc
1472 997 1577 1024 textu
1601 1000 1776 1024 asserere

460 1049 568 1096 quod
601 1047 771 1083 intendit
819 1048 1033 1083 adventum
1069 1046 1215 1083 Christi
1256 1048 1305 1083 ad
1339 1046 1442 1082 diem
1478 1045 1607 1082 finalis
1639 1045 1777 1082 iudicii

461 1107 678 1152 declarare,
731 1105 786 1141 ita
831 1114 867 1141 et
912 1117 983 1141 nos
1028 1104 1160 1152 pusilli
1208 1113 1244 1140 et
1289 1104 1404 1140 inscii
1455 1117 1536 1140 non
1569 1104 1833 1141 audemus.15

460 1166 547 1200 Hoc
598 1172 734 1201 tamen
780 1162 937 1199 videtur
980 1162 1163 1199 fidelibus
1216 1162 1505 1198 consulendum
1559 1163 1663 1210 quod
1697 1174 1777 1198 non

462 1231 599 1270 petant
639 1221 791 1257 curiam
833 1217 837 1272 Ι
876 1221 1101 1256 Romanam
1136 1221 1197 1257 vel
1227 1219 1491 1256 Avinonican]
1526 1222 1575 1256 ad
1613 1221 1777 1267 papales
1815 1213 1898 1255 425⁸

461 1279 736 1328 indulgencias
780 1279 840 1315 vel
884 1278 1162 1315 absoluciones
1195 1291 1217 1315 a
1250 1290 1353 1326 pena
1392 1286 1429 1313 et
1463 1278 1580 1325 culpa
1611 1277 1685 1313 sibi
1717 1277 1778 1313 vel

462 1337 549 1374 aliis
570 1338 884 1385 impetrandum,
910 1335 1015 1384 quia,
1037 1345 1081 1372 ut
1096 1349 1185 1372 vere
1205 1336 1300 1372 dicit
1314 1337 1564 1382 Jeronymus,
1582 1335 1778 1371 Dominus

462 1395 589 1432 tocius
642 1394 779 1431 mundi
834 1407 915 1431 non
960 1394 1042 1430 vult
1087 1394 1127 1430 in
1160 1394 1229 1430 tali
1276 1393 1383 1430 brevi
1416 1394 1505 1430 loco
1538 1393 1599 1430 vel
1631 1393 1777 1441 angulo
1795 1410 1836 1430 20

463 1453 651 1499 coartari,
686 1454 755 1489 sed
788 1452 872 1500 ipse
896 1451 1064 1487 existens
1098 1452 1139 1488 in
1173 1452 1257 1488 celo
1290 1451 1676 1499 perpendiculariter
1699 1450 1779 1487 cui-

462 1511 557 1548 libet
601 1510 783 1559 vigilanti
829 1518 886 1546 est
930 1519 1093 1557 paratus
1138 1512 1187 1546 ad
1236 1509 1485 1545 influendum
1526 1509 1664 1545 lumen
1708 1521 1779 1545 sue

464 1569 568 1615 fidei,
621 1569 700 1605 sive
745 1568 928 1604 homines
961 1567 1108 1603 fuerint
1140 1567 1275 1604 Asiani
1322 1568 1369 1603 de
1408 1567 1614 1615 discipulis
1652 1565 1778 1603 sancti

462 1627 656 1665 Johannis
687 1627 747 1663 vel
779 1624 937 1662 occidui
970 1626 1017 1661 de
1051 1625 1254 1673 discipulis
1286 1625 1413 1661 sancti
1446 1624 1563 1663 Petri.

524 1686 636 1721 Unde
669 1683 826 1720 subtilis
858 1682 1006 1719 heresis
1041 1682 1274 1719 Antichristi
1314 1692 1350 1719 et
1384 1684 1561 1720 cavenda
1593 1681 1778 1719 fidelibus
1796 1689 1835 1721 25

464 1752 521 1780 est
554 1742 685 1779 dicere
730 1742 838 1790 quod
882 1740 1063 1777 Christus
1098 1750 1155 1777 est
1200 1750 1389 1789 acceptor
1421 1753 1686 1789 personarum
1718 1739 1779 1776 vel

462 1801 611 1837 situum
636 1801 770 1849 quoad
794 1799 987 1835 influxum
1012 1799 1145 1846 gracie
1168 1799 1443 1845 tribuendum,
1478 1808 1514 1835 et
1536 1811 1618 1835 non
1650 1797 1780 1834 minus

464 1868 520 1895 est
564 1858 785 1895 hereticum
833 1856 964 1892 dicere
998 1858 1106 1904 quod
1139 1857 1324 1905 discipuli
1368 1856 1488 1902 Petri,
1540 1856 1667 1902 Pauli,
1719 1857 1780 1891 Jo-

464 1916 606 1953 hannis
652 1917 712 1953 vel
757 1915 920 1951 alterius
953 1914 1125 1962 apostoli
1167 1914 1395 1963 specialiter
1426 1927 1448 1950 a
1481 1914 1656 1950 Domino
1689 1921 1781 1949 sunt

463 1974 601 2022 a1nati3
664 1975 731 2010 sed
766 1986 855 2009 curn
891 1972 1074 2009 Christus
1107 1972 1363 2020 singulariter
1395 1971 1569 2008 infundit
1601 1970 1777 2019 graciam
1799 1978 1839 2008 30

464 2032 627 2080 illapsus
673 2032 806 2068 anime
850 2030 1157 2077 impertinentes
1190 2032 1325 2078 quoad
1358 2031 1490 2067 locum
1525 2030 1584 2066 vel
1619 2037 1780 2078 aposto-

464 2091 543 2126 lum
580 2090 810 2127 existentem
843 2088 914 2123 Dei
948 2087 1258 2124 instrumentum
1295 2097 1403 2125 amat
1437 2090 1541 2124 Deus
1576 2086 1778 2123 hominem

464 2149 682 2184 secundum
718 2147 801 2183 eius
834 2145 1011 2194 graciam
1046 2156 1082 2183 et
1117 2146 1175 2182 sui
1211 2146 1341 2182 meriti
1375 2145 1626 2193 dignitatem.
1662 2147 1708 2180 Et
1741 2144 1780 2180 in

466 2206 539 2242 ista
573 2207 807 2253 blasphema
853 2204 977 2240 heresi
1012 2213 1102 2240 sunt
1137 2204 1250 2239 multi
1292 2204 1433 2252 prelati
1468 2216 1511 2239 cx
1545 2216 1637 2239 ceca
1671 2202 1782 2250 igno-

467 2264 602 2300 rancia
636 2262 836 2300 maculati.
1798 2265 1837 2298 35

524 2322 712 2370 Sequitur
744 2320 910 2357 ulterius
944 2320 981 2356 in
1017 2329 1122 2356 textu
1148 2319 1334 2357 Matthei:
1369 2319 1505 2354 Statim
1539 2326 1663 2354 autem
1694 2325 1783 2366 post

465 2380 755 2416 tribulacionem
811 2379 958 2414 dierum
1004 2379 1160 2413 illorum
1206 2378 1265 2413 sol
1316 2377 1585 2413 obscurabitur
1627 2383 1661 2411 et
1694 2376 1781 2410 luna

467 2450 538 2474 non
572 2438 677 2473 dabit
711 2438 836 2472 lumen
868 2449 977 2472 suum
1002 2444 1036 2471 et
1067 2436 1176 2471 stelle
1208 2436 1342 2470 cadent
1376 2436 1421 2470 de
1452 2435 1532 2470 celo
1556 2441 1590 2470 et
1623 2434 1783 2469 virtutes

467 2497 636 2532 celorum
670 2496 934 2531 movebuntur.

469 2682 483 2709 3
538 2648 563 2674 3.
584 2647 709 2709 nlatiom
736 2647 775 2673 ita
803 2646 893 2672 codd.
923 2646 1066 2672 Hieron:
1092 2645 1208 2679 planza.
1291 2652 1327 2671 12.
1358 2645 1385 2670 A
1412 2643 1440 2670 in
1476 2651 1588 2676 marg:
1614 2642 1781 2669 ,Iohannem

470 2683 512 2717 ¹7.
534 2684 576 2709 A:
612 2690 711 2709 unam.

539 2765 568 2794 7.
610 2754 735 2784 Psalm.
774 2753 858 2791 xxi,
904 2762 951 2792 ¹7·
1060 2754 1091 2782 S.
1132 2753 1190 2782 lsa.
1234 2751 1315 2789 lulli,
1356 2761 1384 2792 7.
1487 2761 1535 2781 10.
1575 2750 1618 2780 ib.
1662 2750 1781 2780 XLVI.

473 2799 522 2831 ¹:16.
551 2800 668 2830 Matth.
696 2800 814 2838 XXIV,
844 2809 897 2840 29.
