1986 3289
157 224 231 259 190
749 219 867 250 OPUS
893 217 1229 249 EVANGELICUM
1260 217 1343 247 [⁴113.
1371 217 1423 248 III.
1566 205 1672 258 [CAP.
1696 213 1756 241 LII.

442 326 512 362 Dei
545 325 785 361 servandum
818 332 983 360 vocetur
1023 324 1142 359 Pater
1174 324 1416 359 beatissimus
1456 331 1493 358 et
1532 324 1641 370 quod
1675 322 1758 370 ipse

441 392 509 419 aut
541 383 601 419 sui
635 382 812 430 episcopi
845 390 1022 430 pugnent
1055 394 1128 429 pro
1160 381 1450 428 temporalibus
1475 389 1615 417 contra
1649 392 1759 416 man-

442 442 579 478 datum
614 440 776 476 Domini
821 439 1095 487 adquirendis.
1151 439 1333 475 Christus
1377 448 1512 475 tamen
1544 451 1617 486 pro
1651 439 1760 475 colli-

444 501 573 546 gendo
608 500 801 534 honorem
828 497 1003 533 Domino
1038 506 1268 533 mensurate
1301 497 1431 533 renuit
1462 496 1596 533 vocari
1631 498 1760 533 bonus

442 566 479 593 et
531 558 580 593 de
624 556 800 593 Martino
845 555 990 603 legitur
1037 557 1147 603 quod
1191 555 1398 604 respondit
1446 554 1591 591 cesari:
1645 555 1789 590 Miles*

447 615 595 651 Christi
624 627 707 651 sum
743 622 777 650 et
811 614 927 650 michi
952 626 1137 664 pugnare
1168 626 1240 649 non
1275 613 1371 649 licet.
1427 614 1631 658 Quantum
1667 625 1760 660 ergo

443 673 561 709 hodie
603 673 801 709 Jordanus
848 684 1056 708 conversus
1100 679 1155 707 est
1188 679 1422 718 retrorsum,
1474 679 1583 719 patet
1634 670 1761 707 iuxta-

443 732 631 778 ponendo
666 730 999 766 conversaciones
1031 738 1067 766 et
1090 729 1191 765 vitas
1224 731 1471 777 prelatorum
1507 729 1614 765 iuxta
1636 729 1760 765 vitam

444 799 480 825 et
515 789 696 836 regulam
731 787 895 824 Domini
927 790 1018 824 Jesu
1052 787 1213 824 Chiisti.

160 844 183 872 5·
205 845 422 907 Τῑῖζοέῑῐῖἓᾶξῐῡδῖ
501 846 652 892 Quinta
685 846 890 882 conclusio
923 845 979 882 sic
1011 846 1227 882 formatur:
1263 846 1428 893 Signum
1463 844 1642 881 caritatis
1674 856 1763 892 per—

164 889 406 954 chaiiuytwc-›uld
443 906 544 942 fecte
577 906 679 941 foret
711 904 752 940 in
785 903 951 941 brachio
973 903 1143 940 seculari
1177 905 1368 940 reducere
1403 904 1553 940 clerum
1587 902 1762 939 viantem

156 950 427 1021 baffifflenfflssffgy
444 965 493 1000 ad
538 963 843 999 ordinacionem
898 975 1019 1011 quam
1074 961 1256 999 Christus
1300 961 1472 998 instituit
1518 961 1624 998 clero
1676 974 1759 997 suo.

199 1020 382 1082 ffidfflljglifct?
445 1023 645 1058 Suadetur
677 1033 748 1069 per
781 1022 856 1057 hoc
902 1022 1009 1069 quod
1048 1029 1209 1056 sonaret
1254 1020 1294 1056 in
1326 1020 1496 1056 salutem
1538 1019 1671 1055 anime
1702 1019 1765 1056 vel

374 1075 379 1080 ¹
444 1080 584 1116 saltem
627 1078 927 1127 mitigacionem
961 1091 1063 1127 pene
1102 1078 1197 1114 cleri
1237 1077 1392 1116 cesarii.
1444 1078 1521 1115 Sed
1555 1078 1630 1114 hoc
1663 1077 1765 1114 foret

446 1137 605 1185 signum
651 1137 812 1174 evidens
858 1137 1050 1183 caritatis,
1097 1149 1186 1173 cum
1228 1136 1382 1184 precise
1417 1137 1464 1172 de
1497 1145 1608 1173 tanto
1641 1136 1763 1172 homo
1805 1142 1818 1173 ἶ

447 1195 654 1232 caritative
686 1195 814 1242 diligit
838 1195 1064 1243 proximum
1090 1202 1407 1233 conversantem.
1447 1196 1489 1229 In
1522 1193 1634 1230 cuius
1668 1206 1764 1230 con-

449 1253 726 1290 firmacionem
750 1255 874 1301 Apoc.
909 1255 970 1303 ΙΙΙ]
1012 1266 1058 1300 19
1093 1252 1298 1289 scribitur:
1333 1253 1423 1303 Ego
1454 1264 1548 1302 quos
1580 1265 1667 1289 amo
1700 1265 1765 1288 αν-

446 1325 525 1362 guo
558 1320 593 1347 et
625 1312 786 1362 castigo.
820 1314 867 1347 Et
892 1313 997 1348 Luce
1029 1312 1127 1357 XIV,
1163 1311 1211 1347 23
1247 1311 1288 1346 in
1321 1311 1515 1362 para-bola
1548 1309 1766 1347 Salvatoris

447 1369 592 1418 legitur
637 1371 844 1418 quomodo
879 1369 1075 1406 Dominus
1117 1370 1281 1405 mandat
1325 1381 1438 1405 servo
1483 1381 1555 1405 suo
1587 1377 1630 1405 ut
1662 1368 1768 1405 exiat

448 1429 483 1464 in
516 1428 598 1464 vias
621 1436 655 1464 et
677 1440 786 1478 sepes
824 1435 858 1464 et
890 1428 1098 1477 compellat
1125 1428 1286 1471 intrare,
1321 1434 1361 1463 ut
1392 1427 1600 1476 impleatur
1632 1428 1768 1463 domus

449 1485 629 1533 ecclesie,
676 1499 749 1522 nec
782 1486 927 1534 aliquis
975 1495 1018 1522 ut
1051 1494 1194 1533 reputo
1227 1485 1302 1521 nisi
1348 1487 1536 1522 seductus
1576 1486 1765 1533 dogmate

449 1544 609 1592 dyaboli
643 1544 707 1580 isti
741 1544 944 1581 sentencie
978 1543 1241 1582 contradicet.

974 1692 1112 1733 CAP.
1144 1692 1243 1732 LII.

508 1789 699 1838 Sequitur
731 1788 772 1825 in
805 1797 913 1825 textu
947 1788 1135 1825 Matthei:
1177 1788 1267 1824 Erit
1305 1788 1403 1823 enim
1442 1795 1531 1823 tunc
1563 1788 1767 1823 tribulacio

451 1861 594 1899 magna
627 1848 751 1896 qualis
773 1859 977 1895 numquam
1002 1847 1086 1895 fuit
1118 1847 1164 1882 ab
1197 1846 1322 1882 inicio
1342 1846 1476 1881 mundi
1506 1858 1622 1894 usque
1654 1846 1768 1881 modo
1809 1855 1821 1886 ζ

452 1919 568 1955 neque
601 1906 697 1956 fiet;
741 1913 775 1942 et
814 1905 888 1941 nisi
924 1905 1089 1941 breviati
1107 1905 1282 1953 fuissent
1321 1904 1401 1940 dies
1433 1904 1502 1950 illi,
1556 1903 1770 1953 nonfieret

451 1965 560 2001 salva
594 1964 716 2000 omnis
740 1976 833 2000 caro
865 1964 934 1999 sed
949 1970 1117 2012 propter
1139 1964 1278 1999 electos
1301 1962 1580 1998 breviabuntur
1602 1961 1767 1997 diesille.

511 2024 640 2070 Super
672 2035 752 2070 quo
774 2023 1031 2070 Jeronymus:
1064 2021 1318 2057 Abbreviatos
1352 2020 1431 2056 dies
1455 2033 1527 2056 non
1559 2019 1769 2056 secundum

454 2081 750 2116 deliramentum
786 2080 1029 2128 quorundam
1062 2079 1127 2128 qui
1153 2086 1293 2128 putant
1324 2085 1542 2127 temporum
1576 2085 1769 2114 momenta

454 2139 601 2175 mutari
643 2151 710 2174 nec
754 2138 1017 2174 recordantur
1048 2138 1151 2173 illius
1193 2137 1350 2185 scripti:
1400 2136 1661 2172 ordinacione
1705 2143 1769 2171 tua

449 2205 679 2246 perseverat
723 2197 816 2243 alies,
859 2196 928 2232 sed
971 2196 1081 2231 iuxta
1114 2203 1330 2244 temporum
1370 2194 1591 2242 qualitatem
1630 2194 1773 2230 sentire

455 2255 647 2301 debemus,
693 2255 733 2290 id
771 2261 838 2301 est,
877 2254 1123 2290 abbreviatos
1161 2266 1233 2289 non
1274 2264 1454 2288 mensura
1498 2253 1567 2288 sect
1598 2264 1772 2298 numero,

455 2320 494 2348 ut
537 2313 728 2362 quomodo
777 2313 812 2348 in
865 2312 1128 2348 benediccione
1173 2311 1315 2346 dicitur
1347 2310 1589 2361 longitudine
1621 2310 1770 2346 dierum

456 2371 612 2420 replebo
645 2384 742 2407 eum.
779 2370 842 2406 Sic
874 2378 907 2406 et
941 2382 1039 2406 nuuc
1062 2369 1277 2405 abbreviati
1308 2369 1388 2404 dies
1420 2368 1695 2419 intelligantur
1728 2380 1772 2404 ne

525 2599 552 2626 6.
575 2599 618 2625 A:
644 2598 778 2633 Quanto.
836 2606 876 2625 10.
892 2598 919 2624 A
935 2597 963 2624 in
981 2605 1097 2631 marg:
1117 2596 1231 2631 Quinta
1247 2596 1413 2623 conclusio.
1471 2596 1509 2623 ιδ.
1522 2596 1567 2622 A:
1588 2594 1667 2622 Luce
1680 2594 1771 2621 XVII.

456 2632 497 2660 23⁴
520 2635 564 2661 A:
589 2634 661 2666 Cap.
684 2633 753 2666 LI!;
773 2633 810 2659 13:
832 2634 883 2660 52.
958 2639 1005 2664 24.
1032 2633 1076 2659 A:
1107 2631 1185 2658 enim
1207 2631 1298 2658 deest.
1373 2632 1419 2658 28.
1440 2632 1468 2658 A
1489 2630 1519 2657 in
1542 2637 1655 2665 marg:
1684 2629 1772 2657 ,16νο-

455 2676 570 2704 nymzts.

529 2751 558 2783 5.
586 2753 695 2783 Serm.
723 2752 777 2791 IV,
806 2750 881 2783 385.
959 2761 990 2792 7.
1018 2750 1144 2781 Psalm.
1174 2750 1287 2789 CXIII,
1317 2750 1347 2782 3.
1429 2758 1481 2788 24.
1510 2747 1627 2779 Matth.
1654 2748 1773 2784 XXIV,

460 2807 513 2836 21,
532 2807 584 2828 22.
611 2798 750 2828 Comm.
778 2798 810 2828 in
830 2796 949 2828 Matth.
976 2797 996 2828 1.
1017 2807 1044 2827 c.
1070 2807 1146 2838 pag.
1172 2795 1246 2838 196.
1323 2796 1375 2828 30.
1396 2795 1524 2825 Psalrn⁴
1544 2794 1691 2833 CXVIII,
1718 2803 1770 2836 91.

459 2845 511 2881 34.
541 2844 655 2874 psalm
682 2844 752 2882 XC⁷
786 2843 857 2874 161.
