1986 3289
247 212 335 240 CAP.
357 204 468 257 xxm]
622 217 680 247 DE
711 216 1025 249 ANTioansTo
1054 218 1137 249 ΜΒ.
1166 218 1191 249 ι.

245 331 285 359 ut
315 335 388 358 non
420 323 544 359 solum
583 323 743 359 istorum
782 330 1017 369 sanctorum,
1064 336 1196 360 verum
1239 325 1356 360 eciam
1390 334 1557 374 propter

243 381 404 417 istorum
443 381 685 431 sanguinem,
725 381 846 417 omnis
889 382 1051 431 sanguis
1078 383 1374 430 precedencium
1407 391 1556 420 sancto—

243 451 328 474 rum
363 438 489 474 veniat
519 450 638 487 super
670 451 745 474 vos.

299 497 412 532 Nunc
455 496 633 532 virtutem
668 496 840 545 ipsorum
874 497 1080 533 verborum
1126 497 1342 534 videamus:
1380 498 1556 535 Ostendit

207 554 320 603 §ipse
342 554 406 602 qui
434 554 616 604 intelligit
650 555 770 590 corda
806 566 954 600 eorum,
985 555 1049 603 qui
1078 555 1175 591 tales
1205 563 1305 603 sunt,
1339 564 1378 592 ut
1398 557 1556 605 saciant

240 613 342 660 quod
359 612 546 660 fecerunt
562 619 699 661 patres
717 624 862 650 eorum.
887 613 988 648 Nam
1011 614 1116 661 apud
1133 613 1257 649 Deum
1281 614 1344 662 qui
1364 615 1553 650 hominem

239 670 414 706 occidere
431 669 611 719 disponit,
633 678 836 718 antequam
853 670 1015 720 occidat,
1038 671 1149 718 quasi
1169 671 1360 707 homicida
1377 673 1550 710 habetur.

238 727 292 762 Et
313 727 376 775 qui
397 728 629 764 adulterium
655 727 894 764 committere
920 736 1086 776 paratus
1118 736 1186 775 est,
1218 737 1418 778 antequam
1452 742 1552 766 com-

240 785 381 831 mittat,
422 786 498 821 iam
542 786 699 822 adulter
742 793 797 821 est
829 786 934 834 apud
964 786 1103 822 Deum.
1150 786 1203 822 Et
1239 787 1304 836 qui
1342 788 1554 837 periurare

184 853 223 876 10
233 851 401 892 paratus
445 850 511 889 est,
556 851 757 892 antequam
786 843 974 892 periuret,
1027 844 1101 879 iam
1150 845 1336 893 periurus
1388 846 1553 891 videtur,

239 901 324 949 quia
360 901 464 937 Deus
496 913 569 937 non
601 913 652 937 ex
684 901 863 950 operibus
893 901 1038 937 iudicat
1069 903 1138 937 sed
1170 914 1221 938 ex
1252 903 1552 953 cogitacionibus

238 958 381 1005 cordis,
407 959 553 995 dicente
574 959 779 1008 Apostolo:
816 959 1086 995 Testimonium
1112 961 1296 996 reddente
1319 962 1551 998 consciencia

238 1029 371 1052 eorum
394 1024 429 1052 et
451 1017 753 1067 cogitacionibus
776 1017 934 1052 invicem
959 1018 1226 1054 accusantibus
1259 1031 1300 1054 se
1329 1027 1395 1055 aut
1432 1020 1550 1055 eciam

238 1074 529 1122 defendentibus
572 1075 607 1110 in
653 1075 713 1110 die
744 1075 885 1121 iudicii,
929 1075 1017 1124 quia
1050 1075 1232 1111 iudicabit
1263 1077 1370 1112 Deus
1402 1078 1550 1113 occulta

184 1134 219 1166 15
237 1132 445 1168 hominum.
502 1133 684 1168 Voluntas
715 1133 813 1168 enim
857 1140 915 1172 est
958 1145 1027 1181 que
1070 1141 1135 1169 aut
1174 1142 1448 1170 remuneratur
1473 1148 1550 1184 pro

236 1190 332 1225 bono
376 1197 442 1225 aut
485 1191 793 1240 condempnatur
831 1202 908 1239 pro
953 1191 1068 1226 malo.
1121 1191 1250 1240 Opera
1292 1200 1418 1228 autem
1462 1201 1550 1229 sunt

236 1247 451 1284 testimonia
496 1248 713 1284 voluntatis.
766 1249 813 1283 Ut
852 1248 942 1296 quid
985 1261 1082 1299 ergo
1127 1257 1305 1298 expectat
1337 1262 1454 1299 opera
1488 1252 1552 1299 qui

236 1305 512 1342 conscienciam
556 1306 690 1342 novit?
734 1306 932 1354 Numquid
975 1314 1010 1342 et
1054 1314 1092 1342 tu
1131 1307 1168 1342 in
1216 1308 1342 1357 aliquo
1388 1309 1547 1358 negocio

235 1363 451 1400 testimonia
495 1364 638 1413 queris,
681 1376 765 1400 cum
809 1364 878 1399 tibi
919 1376 981 1400 res
1021 1364 1103 1413 ipsa
1133 1365 1265 1413 fuerit
1309 1367 1549 1415 manifesta?

177 1433 220 1454 20
293 1422 370 1457 Sed
402 1421 516 1457 dicis:
554 1422 597 1457 Si
637 1422 844 1458 secundum
885 1422 1119 1458 voluntatem
1159 1423 1305 1459 iudicat
1348 1431 1383 1460 et
1430 1436 1547 1472 opera

234 1491 307 1515 non
340 1486 533 1528 expectat,
567 1492 640 1516 non
672 1480 836 1516 misisset
866 1480 918 1515 ad
949 1492 1012 1516 eos
1032 1481 1245 1529 prophetas
1277 1489 1312 1517 et
1343 1482 1545 1530 sapientes,

234 1544 274 1572 ut
317 1537 392 1573 duo
435 1537 531 1573 bona
561 1537 720 1587 fierent.
761 1538 851 1573 Ideo
892 1544 1071 1586 expectat
1112 1546 1151 1574 ut
1190 1539 1299 1574 Iudei
1339 1540 1545 1575 secundum

233 1594 487 1631 consciencias
517 1607 608 1631 suas
637 1595 743 1631 solas
780 1596 1158 1645 condempnarentur
1190 1604 1224 1632 et
1256 1597 1347 1632 iusti
1377 1598 1547 1634 homines

233 1665 306 1689 non
339 1653 618 1691 occiderentur.
667 1653 719 1689 Et
749 1654 833 1702 quis
864 1654 935 1689 scit
966 1653 1052 1702 quia
1085 1655 1210 1689 malus
1242 1654 1337 1691 iuste
1369 1656 1546 1691 condem-

176 1714 344 1746 25natus
388 1718 444 1746 est
483 1718 651 1759 propter
695 1711 890 1747 maliciam
923 1724 1046 1756 suam,
1092 1712 1165 1748 nisi
1209 1713 1547 1749 demonstraretur

232 1768 267 1804 in
300 1780 427 1817 opere.
479 1769 601 1812 Quale
645 1776 699 1805 est
743 1769 840 1805 enim
886 1769 985 1804 illud
1024 1770 1204 1805 iudicium
1243 1770 1394 1817 iustum,
1440 1772 1546 1808 cuius

233 1826 423 1862 iusticiam
457 1838 566 1862 nemo
598 1827 828 1877 cognoscit?
871 1827 958 1862 Non
998 1839 1095 1877 ergo
1128 1828 1236 1864 Deus
1266 1829 1393 1877 querit
1426 1841 1546 1878 opera

225 1892 392 1933 propter
422 1896 474 1928 se,
508 1891 548 1919 ut
579 1885 676 1920 sciat
708 1885 899 1933 quomodo
932 1885 1083 1931 iudicet,
1128 1887 1197 1921 sed
1235 1894 1402 1935 propter
1433 1887 1543 1933 alios,

231 1949 270 1977 ut
302 1954 431 1978 omnes
475 1942 694 1992 intelligant
736 1942 823 1991 quia
868 1943 990 1978 iustus
1034 1950 1088 1979 est
1131 1944 1250 1980 Deus.
1296 1945 1396 1979 Nam
1436 1945 1544 1981 Deus

175 2003 216 2034 30
231 2000 380 2049 quidem
405 2000 572 2035 omnium
597 2001 717 2036 corda
741 2001 938 2050 cognoscit
960 2008 996 2036 et
1024 2001 1218 2037 hominum
1243 2008 1278 2037 et
1309 2002 1540 2052 angelorum

230 2065 265 2094 et
295 2058 501 2107 spirituum
534 2065 766 2105 ceterorum,
815 2070 883 2094 cor
921 2066 1046 2095 autem
1080 2059 1157 2095 Dei
1187 2072 1295 2095 nemo
1329 2061 1541 2110 cognoscit,

230 2127 348 2164 neque
390 2115 523 2165 angeli
563 2128 682 2165 neque
725 2116 917 2161 homines,·
966 2117 1049 2152 ideo
1094 2129 1192 2167 ergo
1239 2125 1274 2153 et
1318 2118 1432 2154 malis
1476 2119 1543 2154 dat

231 2173 482 2217 occasionem,
515 2186 590 2222 per
622 2186 733 2222 quam
767 2174 803 2209 in
837 2174 1016 2223 operibus
1060 2176 1262 2210 ostendant
1295 2177 1539 2224 propositum

231 2231 436 2267 voluntatis
485 2243 564 2274 sue,
607 2232 705 2267 sicut
750 2232 855 2267 dedit
898 2232 1035 2268 scribis
1079 2240 1114 2268 et
1152 2233 1348 2282 phariseis
1390 2234 1541 2270 mittens

174 2290 213 2324 35
230 2289 281 2324 ad
313 2301 376 2325 eos
414 2289 641 2337 prophetas,
687 2289 877 2338 sapientes
909 2297 944 2325 et
975 2290 1135 2326 scribas.
1181 2291 1233 2326 Et
1271 2291 1377 2327 bonis
1404 2292 1541 2340 prebet

230 2346 466 2383 occasionem
494 2358 569 2395 per
600 2359 712 2395 quam
746 2348 946 2383 ostendant
965 2348 1206 2397 propositum
1232 2349 1439 2385 voluntatis
1461 2362 1538 2396 sue,

229 2404 327 2440 sicut
354 2404 558 2453 prophetis
603 2412 637 2440 et
680 2405 914 2454 sapientibus
959 2413 993 2441 et
1039 2406 1176 2442 scribis
1208 2407 1286 2442 suis
1320 2407 1537 2443 doctrinam

224 2462 394 2511 prebuit,
439 2462 614 2498 excitans
656 2475 774 2511 super
817 2475 881 2499 eos
908 2464 1219 2512 persecucionem
1252 2465 1470 2500 scribarum
1504 2473 1539 2500 et

223 2519 514 2569 phariseorum,
559 2527 600 2556 ut
642 2533 714 2556 non
757 2521 838 2556 sine
881 2533 996 2557 causa
1046 2529 1227 2571 quantum
1272 2523 1325 2558 ad
1368 2523 1540 2559 homines

298 2661 318 2680 1.
340 2653 378 2680 ss:
399 2661 461 2680 non
479 2653 577 2681 solum
593 2655 732 2690 sanguis.
823 2663 851 2687 4.
873 2656 901 2682 A
916 2655 945 2682 in
963 2664 1078 2691 marg:
1100 2655 1190 2683 Nota.
1264 2656 1289 2683 5.
1312 2656 1429 2683 Codd.:
1453 2657 1537 2692 quia.

228 2686 256 2721 8,
277 2695 306 2722 9.
326 2688 371 2714 A:
392 2688 558 2715 commititt.
645 2697 686 2722 14.
708 2689 748 2716 13:
770 2689 881 2716 iudicii
898 2690 990 2717 deest.
1064 2698 1103 2718 21.
1124 2692 1168 2718 A:
1192 2691 1232 2717 ad
1253 2691 1347 2718 deest.
1426 2699 1470 2718 22.
1491 2693 1535 2718 A:

229 2725 263 2748 ut
274 2721 431 2757 —fierent
450 2723 550 2753 deest:
571 2723 612 2750 ib.
634 2723 673 2750 B:
694 2724 753 2750 etsi
771 2724 866 2751 Iudei.
958 2732 1002 2759 29.
1024 2725 1069 2752 A:
1090 2728 1173 2760 quod
1191 2725 1288 2752 iustus
1308 2728 1359 2752 est.
1433 2724 1474 2752 33.
1496 2726 1535 2753 ss:

234 2757 426 2784 ostendatur.
517 2756 558 2785 35.
580 2759 622 2785 A:
645 2761 674 2785 et
692 2759 854 2793 sapientes.
945 2757 990 2787 36.
1012 2760 1057 2786 A:
1078 2759 1270 2786 ostendatur.

303 2837 353 2859 12.
379 2828 479 2860 Rom.
507 2829 544 2869 II,
576 2829 625 2869 15,
657 2829 707 2861 16.

1792 214 1836 249 81

1582 506 1626 534 l-le
1646 508 1716 535 who
1738 509 1816 536 wills

1588 546 1618 568 to
1637 543 1675 569 do
1696 552 1712 569 a
1733 544 1778 570 sin
1800 544 1825 570 is

1603 578 1698 613 guilty
1719 578 1754 605 of
1770 579 1802 605 it.

1632 1431 1700 1458 Men
1723 1440 1773 1459 are

1574 1466 1704 1493 allowed
1726 1471 1756 1493 to
1778 1468 1823 1495 sin

1615 1501 1678 1527 that
1699 1502 1779 1529 their

1597 1536 1799 1570 punishment

1562 1578 1632 1606 may
1654 1571 1689 1597 be
1711 1580 1781 1599 seen
1802 1576 1832 1599 to

1635 1606 1669 1632 be
1690 1605 1767 1641 just;

1561 2297 1650 2323 while
1671 2297 1720 2324 tlte
1739 2298 1819 2331 good

1615 2333 1691 2358 have
1711 2333 1761 2359 the

1566 2367 1768 2401 opportunity
1787 2373 1818 2394 ot

1572 2401 1714 2435 showing
1734 2402 1813 2429 their

1601 2436 1680 2470 good
1702 2437 1774 2464 will.
