1986 3289
228 203 317 230 CAP-
339 194 395 248 V-]
604 206 662 237 DE
692 206 1007 237 ANTlCHRISTO
1036 206 1119 237 LIB.
1146 206 1185 237 11.
1745 210 1824 249 303

228 312 395 349 ecclesia
427 311 715 359 triumphante.
756 313 890 348 Potest
924 321 1057 348 autem
1092 312 1260 360 intelligi
1294 324 1362 359 per
1396 324 1537 347 manus

228 379 265 406 et
298 378 417 417 caput
462 370 604 417 duplex
637 382 831 417 organum
868 371 1091 417 corporale,
1139 379 1176 406 et
1208 378 1339 418 potest
1372 370 1538 418 intelligi

227 427 416 476 operacio
451 427 556 463 Petri
590 435 626 463 et
657 426 866 463 sinceritas
900 427 1084 464 racionis.

286 488 334 522 Et
378 484 504 521 tercio
551 493 694 521 notant
735 485 871 521 fideles
911 498 953 521 ex
986 487 1239 522 sermonibus
1274 486 1395 522 modo
1428 485 1539 522 lectis
1621 494 1698 534 How
1719 496 1769 522 the

194 545 209 578 5
229 544 436 592 quomodo
461 542 556 579 satis
579 542 743 590 propria
777 552 835 579 est
857 543 1028 590 locucio,
1062 545 1224 591 quando
1249 553 1540 591 consequenter
1562 530 1823 600 ζζζῗὴίιζῃξῃζὶιὲᾖῗ

226 601 265 637 in
298 600 503 649 evangelio
526 602 637 637 Jesus
670 600 783 637 dicit:
836 602 912 646 Qui
945 602 1046 637 lotus
1082 609 1137 638 est
1175 614 1247 638 non
1280 602 1428 652 indiget
1468 602 1543 638 nisi

227 667 266 695 ut
290 660 410 708 pedes
442 659 553 702 lavet,
593 660 660 694 sed
708 667 764 695 est
798 660 970 695 mundus
1009 668 1128 704 totus,
1177 659 1270 708 quia
1309 660 1368 706 (ut
1406 661 1540 707 Augu-

226 717 351 753 stinus
385 716 447 753 hic
480 716 664 764 explicat)
707 717 774 765 qui
813 717 923 753 novit
966 717 1159 753 terminos
1193 716 1416 765 exceptivos
1449 730 1540 766 pro-

227 774 314 823 pria
360 783 416 812 est
462 774 636 810 locucio:
692 776 832 811 Petrus
878 784 935 811 est
968 777 1141 811 mundus
1174 784 1282 811 totus
1314 784 1448 823 preter
1480 776 1539 812 vel

175 845 212 865 10
227 832 303 869 nisi
337 833 469 880 pedes,
516 832 725 880 supposito
771 834 879 881 quod
912 833 984 869 soli
1029 834 1150 881 pedes
1183 833 1310 869 relicti
1344 842 1434 869 sunt
1468 833 1541 869 im-

228 891 379 929 mundi.
419 892 496 927 Sed
528 890 765 938 profundius
805 892 855 927 ad
884 903 1043 927 sensum
1083 890 1277 940 evangelii
1311 892 1540 928 accedendo

228 948 466 996 capiendum
501 957 558 984 est
591 949 695 996 quod
730 948 872 984 ultimo
906 958 943 985 et
977 948 1146 985 maxime
1180 958 1236 986 est
1267 949 1539 985 necessarium

226 1006 368 1043 viatori
413 1007 522 1054 quod
564 1007 710 1042 habeat
754 1006 991 1043 affecciones
1037 1007 1161 1043 animi
1201 1007 1240 1043 in
1285 1007 1433 1043 iudicio
1469 1007 1539 1043 Dei

229 1065 414 1110 mundas,
448 1064 541 1112 quia
564 1063 666 1100 sicut
690 1073 797 1100 totus
820 1065 925 1101 lotus
949 1073 1080 1112 potest
1112 1064 1284 1101 faciliter
1315 1065 1539 1101 incedendo

176 1124 211 1156 15
229 1122 460 1159 calcaneum
487 1123 710 1168 maculare3
744 1122 799 1159 sic
822 1122 950 1159 viator
973 1123 1199 1171 baptizatus
1231 1123 1293 1159 vel
1325 1132 1539 1171 quantum-

229 1193 387 1228 cunque
421 1180 617 1216 contritus
641 1189 771 1228 potest
804 1180 974 1216 faciliter
1004 1181 1222 1217 affeccione
1244 1180 1422 1217 indebita
1456 1194 1539 1217 ma-

230 1238 369 1284 culari,
404 1238 442 1273 in
475 1246 632 1274 tantum
658 1240 764 1286 quod
788 1238 922 1274 nullus
955 1248 1138 1275 nostrum
1171 1238 1374 1275 viancium
1409 1248 1539 1286 potest
1598 1247 1657 1288 We
1678 1256 1727 1275 are
1748 1249 1784 1287 3111

229 1308 318 1332 vere
358 1296 489 1332 dicere
543 1297 650 1344 quod
696 1296 746 1333 sit
796 1296 880 1332 sine
927 1305 1093 1344 peccato
1139 1298 1271 1344 quoad
1307 1296 1537 1333 -indebirum
1572 1283 1803 1345 ςῒέξὲξξῖὃζζζξξ

230 1353 465 1401 appetitum,
521 1366 609 1390 cum
655 1355 715 1390 vel
758 1355 840 1390 vult
886 1356 1033 1391 habere
1071 1354 1311 1403 temporalia
1350 1367 1427 1402 que
1458 1368 1540 1391 non

173 1412 348 1448 2ohabet
399 1412 459 1448 vel
511 1420 658 1448 statum
704 1413 792 1460 plus
836 1425 1074 1460 prosperum
1122 1414 1295 1449 carendo
1335 1414 1540 1449 mundana

231 1469 390 1506 miseria
432 1470 493 1505 vel
525 1471 722 1506 subducta
755 1482 858 1518 pena
896 1470 1062 1507 ulterius
1096 1472 1329 1518 perdurare,
1385 1480 1421 1507 et
1454 1470 1540 1518 qui-

231 1539 388 1575 cunque
421 1536 602 1564 nostrum
636 1528 700 1564 hic
733 1528 873 1564 dixerit
914 1530 1022 1576 quod
1054 1541 1137 1564 non
1169 1528 1218 1564 sit
1251 1541 1340 1564 reus
1374 1528 1414 1564 in
1447 1537 1538 1565 actu

231 1586 291 1622 vel
324 1585 593 1633 disposicione
626 1585 855 1634 propinqua
879 1586 919 1622 in
943 1586 1079 1634 aliquo
1103 1588 1245 1622 horum
1270 1586 1392 1622 trium
1419 1599 1539 1634 super

231 1655 272 1679 se
303 1642 403 1690 ipso,
438 1652 481 1679 ut
523 1644 666 1691 loquar
710 1645 930 1680 secundum
963 1646 1083 1681 verba
1115 1644 1379 1693 Evangeliste‚
1432 1657 1540 1681 com-

176 1703 214 1735 25
232 1700 355 1737 mittit
388 1701 644 1737 mendacium
679 1711 715 1738 et
748 1701 804 1738 sic
836 1715 916 1738 non
949 1702 1034 1738 sine
1058 1702 1199 1750 grandi
1233 1702 1411 1739 misterio
1443 1702 1539 1739 lavit

232 1758 412 1795 Christus
459 1760 579 1807 pedes
612 1759 692 1795 suis
726 1759 932 1808 discipulis
965 1760 1033 1796 illo
1068 1761 1202 1796 modo.
1259 1759 1371 1796 Lavit
1403 1769 1537 1797 autem

229 1817 350 1864 pedes
376 1817 575 1862 Scarioth‚
609 1825 652 1853 ut
676 1819 818 1854 doceat
851 1819 960 1866 quod
983 1820 1088 1854 Deus
1120 1831 1201 1854 non
1235 1827 1292 1854 est
1317 1818 1539 1866 culpandus

230 1887 303 1922 pro
337 1874 518 1922 crimine,
564 1887 652 1911 cum
699 1875 793 1912 facit
838 1888 996 1924 semper
1042 1877 1150 1924 quod
1189 1875 1263 1912 sibi
1297 1875 1439 1913 attinet
1471 1877 1539 1912 sed

230 1932 478 1969 consciencia
511 1933 747 1981 peccatoris.

174 1995 215 2026 30
288 1990 399 2027 Beati
423 2000 554 2027 autem
572 1991 611 2027 in
632 1991 761 2039 patria
784 1992 965 2028 laverunt
990 1993 1110 2039 pedes
1133 2004 1239 2036 suos,
1274 2000 1311 2028 et
1334 1992 1424 2029 ideo
1448 1993 1539 2029 dor·
1566 2006 1626 2035 We
1646 2014 1696 2033 are
1716 2011 1767 2042 apt
1787 2011 1818 2033 to

230 2047 398 2085 mientes
431 2048 470 2084 in
503 2049 605 2085 lecto
638 2049 744 2097 ipsos
768 2062 849 2085 non
881 2059 1076 2097 appetunt
1115 2049 1281 2085 ulterius
1314 2050 1538 2098 inquinare.
1562 2042 1677 2103 seTvzilgg
1697 2040 1821 2103 5132?de

287 2105 450 2143 Viantes
493 2116 626 2143 autem
672 2107 703 2142 si
737 2119 781 2143 ex
813 2106 884 2143 Dei
924 2107 1059 2155 gracia
1098 2109 1146 2144 ab
1179 2106 1396 2144 affeccione
1429 2107 1540 2145 inde·
1582 2111 1630 2138 for
1650 2118 1797 2150 0Q110W11

231 2163 311 2200 bita
345 2166 465 2212 pedes
499 2164 713 2201 habuerint
738 2165 953 2212 migrantes
978 2167 1026 2201 ab
1050 2166 1126 2202 hoc
1149 2166 1284 2201 seculo
1318 2178 1340 2202 a
1372 2175 1539 2214 peccato
1607 2146 1767 2173 ambition.

230 2222 461 2259 omnimode
495 2224 745 2266 emundatos,
780 2222 934 2270 gracias
959 2222 1118 2259 Christo
1151 2223 1325 2259 referant
1359 2232 1395 2259 et
1428 2237 1540 2261 sanc-

174 2280 213 2313 35
230 2279 278 2315 tis
312 2279 393 2316 eius
426 2280 626 2328 precipuis
659 2282 767 2328 quod
801 2282 901 2316 adeo
935 2281 1153 2317 Dominum
1187 2281 1410 2318 imitantur.
1460 2284 1539 2319 Nos

230 2346 362 2374 autem
396 2338 436 2374 in
469 2347 560 2374 actu
594 2338 736 2374 mentis
780 2347 915 2374 nostre
946 2338 1191 2387 percipimus
1232 2341 1438 2387 quomodo
1472 2341 1540 2376 ad-

230 2396 306 2431 huc
339 2408 475 2432 sumus
509 2398 557 2433 ab
590 2396 664 2432 ista
698 2396 964 2444 disposicione
988 2397 1122 2433 celesti
1145 2396 1315 2433 nimium
1351 2398 1539 2446 elongati,

232 2465 320 2489 cum
370 2455 495 2490 multa
539 2463 582 2490 ut
630 2467 702 2502 pro
750 2454 822 2490 Dei
876 2455 1026 2491 honore
1071 2454 1258 2502 fingimus
1311 2455 1539 2503 appetimus

231 2511 464 2559 adimplere,
518 2521 554 2548 et
598 2524 688 2548 cum
737 2511 898 2549 racione
931 2513 1121 2549 debemus
1163 2512 1400 2550 convincere
1433 2515 1540 2562 quod

171 2580 215 2611 40
231 2570 336 2605 Deus
369 2570 451 2606 vult
495 2569 570 2606 ista
603 2571 653 2606 ad
685 2569 900 2606 utilitatem
936 2570 1100 2607 ecclesie
1133 2572 1353 2607 secundum
1387 2571 1539 2608 diutur-

230 2626 383 2663 niorem
430 2628 489 2664 vel
533 2627 655 2663 alium
708 2627 889 2664 ordinem
935 2630 1167 2675 perdurare.
1221 2631 1269 2664 Et
1318 2630 1389 2665 hec
1430 2629 1539 2666 racio

232 2829 236 2831 ι
298 2803 327 2827 4.
350 2796 377 2821 A
398 2795 425 2821 in
444 2802 560 2829 marg:
582 2804 613 2828 Α».
696 2804 800 2823 10—11.
821 2797 864 2822 A:
888 2797 1000 2823 mundt.
1084 2806 1120 2832 17.
1143 2798 1186 2824 A:
1208 2805 1239 2824 tn
1260 2800 1357 2825 tanto.
1429 2797 1470 2825 35.
1493 2800 1536 2825 A:

231 2837 261 2855 ιη
286 2837 401 2863 marg:
423 2829 516 2856 Nota.
