1986 3289
177 217 265 245 CAP·
299 208 396 261 XIV]
537 220 596 251 DE
624 219 938 251 ANTICHRISTO
968 221 1051 251 Llss.
1078 220 1115 251 II.

178 325 300 362 seculi
333 326 393 361 vel
435 334 657 373 magnates,
702 327 769 361 sed
814 334 931 362 natus
978 326 1019 362 in
1052 325 1285 372 diversorio,
1332 328 1494 375 quando

176 383 249 419 fuit
283 382 505 420 solsticium
540 383 725 429 hiemale,
777 383 994 420 reclinatus
1032 384 1105 420 fuit
1138 384 1178 420 in
1212 384 1410 432 presepio,
1458 394 1495 421 et

177 441 405 490 pastoribus
439 440 664 486 nunciatus,
698 449 742 477 ut
774 450 885 489 patet
918 443 1023 478 Luce
1048 443 1091 478 ΙΙ.
1126 444 1174 478 Et
1198 442 1303 478 idem
1328 443 1496 479 servavit

177 499 357 535 Christus
380 508 466 535 toto
489 508 671 547 tempore
693 498 770 535 vite
795 511 863 535 sue
887 500 1078 536 inclusive
1094 513 1219 548 usque
1236 502 1284 536 ad
1303 509 1493 546 mortem3

144 560 214 594 Set
245 569 327 593 non
360 556 526 593 dubium
562 556 669 593 fideli
716 557 811 605 quin
856 566 1023 605 propter
1057 571 1218 594 causam
1260 558 1493 604 notabilem,

175 624 218 651 ut
250 614 401 651 scilicet
445 616 607 651 doceret
639 627 730 651 suos
776 614 993 663 discipulos
1026 615 1093 664 qui
1126 616 1324 652 voluerint
1365 616 1495 664 ipsum

177 672 366 722 precipue
406 673 445 709 in
481 672 659 709 moribus
693 672 857 722 imitari,
892 686 1030 710 cavere
1060 675 1109 710 ab
1142 675 1293 711 honore
1326 683 1364 710 et
1384 675 1496 711 lucro

177 730 300 767 seculi
333 740 498 779 propter
531 730 768 778 periculum,
802 731 904 767 sicut
936 731 1032 779 ipse.
1068 733 1145 768 Sed
1168 733 1282 769 modo
1304 733 1497 769 Jordanes

176 801 384 826 conversus
416 796 471 825 est
503 796 736 835 retrorsum,
776 788 870 837 quia
911 789 1052 837 prelati
1097 790 1165 838 qui
1209 790 1424 827 vendicant
1456 803 1496 826 se

125 859 261 883 10esse
307 846 521 895 precipuos
563 846 712 884 Christi
758 847 930 883 vicarios
969 856 1006 884 et
1050 848 1182 895 ipsum
1231 847 1271 884 in
1319 848 1497 884 moribus

176 904 379 942 imitantes
423 904 639 942 vendicant
676 913 719 940 ut
765 905 942 941 debitum
978 918 1021 942 ex
1064 906 1149 953 lege
1183 905 1343 951 Christi,
1388 908 1496 954 quod

177 963 303 1011 magis
336 964 507 999 floreant
540 962 580 999 in
613 964 766 1000 honore
800 965 1005 1000 mundano
1039 972 1075 1000 et
1105 973 1358 1000 terrenorum
1382 965 1496 1001 afflu-

177 1021 309 1067 encia3
355 1022 423 1057 sed
456 1020 544 1069 quis
591 1020 747 1057 dubitat
791 1021 889 1069 quin
933 1021 989 1057 illi
1034 1021 1113 1058 sint
1158 1022 1340 1070 precipui
1385 1022 1496 1058 Anti-

178 1078 342 1116 christi?

1703 224 1782 261 333

127 1139 160 1171 [5
235 1137 410 1174 Ulterius
444 1144 553 1184 patet
586 1149 629 1172 ex
662 1144 770 1173 textu
804 1146 840 1173 et
874 1137 1117 1184 expositorio
1150 1138 1362 1185 Augustini
1397 1151 1494 1187 quo·
1528 1156 1717 1183 Precedence
1738 1156 1772 1182 „f

178 1196 300 1231 modo
321 1196 524 1232 ,Iohannes
559 1194 696 1230 habuit
729 1194 769 1230 in
803 1195 877 1231 hoc
909 1196 998 1231 loco
1032 1204 1069 1231 et
1093 1196 1228 1232 multis
1251 1196 1338 1233 aliis
1359 1209 1495 1244 prero-
1508 1190 1587 1218 J0¹¹¹¹
1603 1199 1676 1217 over
1692 1191 1785 1217 ¹³⁶¹&-

177 1252 352 1301 gativam
386 1253 562 1300 aliquam
604 1265 725 1300 supra
758 1253 936 1290 Petrum.
983 1252 1081 1299 Quis
1127 1253 1288 1301 quidem
1337 1254 1495 1291 dubitat

179 1312 285 1359 quod
319 1323 509 1358 magnum
546 1310 778 1347 dileccionis
813 1310 1006 1347 indicium
1053 1320 1110 1347 est
1153 1313 1260 1359 quod
1293 1313 1494 1349 Johannes

178 1368 219 1404 in
250 1377 333 1405 tam
357 1368 555 1416 solempni
580 1381 678 1405 cena
712 1370 964 1405 recumberet
997 1382 1119 1417 supra
1152 1378 1289 1417 pectus
1320 1370 1496 1415 Domini,

122 1439 163 1460 20
179 1426 234 1463 sic
258 1428 366 1475 quod
390 1428 529 1463 Petrus
553 1426 816 1463 necessitatus
835 1427 937 1464 foret
952 1429 1001 1463 ad
1018 1429 1248 1475 ponendum
1273 1429 1496 1465 Johannem

181 1484 357 1520 medium
392 1487 441 1521 ad
476 1484 641 1521 dubium
677 1497 699 1520 a
732 1484 906 1521 Domino
945 1484 1257 1525 dissolvendum.
1309 1488 1397 1522 Non
1443 1486 1498 1523 sic

180 1551 312 1579 autem
348 1543 438 1590 lego
473 1544 580 1591 quod
604 1543 744 1578 Petrus
777 1543 850 1579 fuit
875 1542 1051 1579 medium
1076 1544 1247 1580 Johanni
1271 1544 1499 1592 specialiter

180 1601 230 1636 ad
264 1600 555 1637 beatitudinem
581 1600 895 1649 adquirendam3
930 1603 999 1637 sed
1022 1601 1275 1638 dimittamus
1302 1603 1372 1638 has
1396 1602 1499 1638 diffi-

181 1659 350 1695 cultates
370 1659 543 1705 inutiles,
568 1668 611 1696 ut
633 1668 768 1695 utrum
795 1661 934 1695 Petrus
956 1660 1045 1707 plus
1059 1660 1240 1696 Johanne
1265 1660 1496 1707 magistrum

125 1717 162 1749 25
181 1716 370 1753 dilexerat
404 1718 462 1753 vel
491 1726 666 1764 econtra,
701 1725 738 1753 et
779 1716 991 1753 dileccioni
1025 1717 1244 1754 imitatorie
1277 1717 1425 1755 Christi
1460 1718 1499 1754 in

182 1775 360 1811 moribus
393 1775 627 1812 innitamur.
682 1776 845 1811 Certum
889 1775 1049 1823 quidem
1092 1784 1149 1811 est
1188 1777 1297 1823 quod
1329 1784 1498 1824 uterque

181 1831 341 1869 illorum
392 1834 564 1870 multum
611 1832 745 1869 dilexit
792 1833 1000 1869 dominum
1041 1835 1175 1869 Jesum
1211 1833 1415 1870 Christum
1462 1843 1499 1870 et

181 1898 349 1939 uterque
373 1891 512 1927 habuit
536 1904 557 1928 a
582 1890 742 1929 Christo
766 1891 1063 1939 prerogativam
1085 1891 1364 1928 imminentem
1389 1894 1498 1940 quod

182 1948 221 1984 in
255 1948 475 1985 dileccione
508 1958 661 1986 ceteros
702 1949 932 1986 excellebat.
966 1951 1057 1985 Ideo
1094 1950 1231 1985 vellem
1267 1950 1365 1986 tales
1397 1962 1498 1986 vane

124 2009 165 2041 30
183 2006 288 2043 circa
320 2007 416 2043 talia
460 2020 500 2043 se
533 2007 792 2044 sollicitantes
825 2007 1121 2044 solicitudinem
1168 2006 1286 2044 istum
1333 2020 1498 2055 suspen-

183 2065 275 2101 dere
309 2073 345 2101 et
379 2064 485 2101 circa
518 2066 721 2113 sequelam
747 2064 894 2102 Christi
928 2065 967 2101 in
992 2064 1171 2101 moribus
1205 2074 1241 2101 et
1272 2065 1498 2102 humilitate

182 2122 409 2170 specialiter
441 2123 640 2160 laborare.
675 2124 751 2160 Sed
786 2123 860 2159 hoc
892 2123 1049 2159 videtur
1082 2132 1235 2160 certum
1269 2125 1378 2171 quod
1410 2136 1498 2171 pre-

182 2179 251 2216 lati
285 2181 469 2217 moderni
502 2181 825 2229 imperfecciores
859 2193 979 2229 quam
1015 2181 1162 2218 Christi
1196 2181 1383 2229 discipuli
1407 2190 1498 2218 ante

184 2247 354 2274 mortem
401 2238 505 2275 circa
553 2239 822 2276 maioritatem
860 2240 1107 2275 mundanam
1143 2238 1372 2286 specialiter
1405 2252 1498 2276 con—

128 2298 166 2331 35
184 2297 392 2332 tendentes
425 2296 599 2333 innuunt
632 2310 671 2333 se
701 2309 783 2333 esse
818 2296 1019 2333 immunes
1052 2310 1073 2333 a
1099 2296 1326 2333 maioritate
1350 2297 1498 2334 Christi

185 2353 407 2390 insensibili
441 2357 659 2391 secundum
685 2354 888 2391 racionem
922 2368 1001 2403 qua
1025 2355 1228 2392 Christum
1255 2354 1295 2390 in
1319 2354 1498 2391 moribus

184 2421 457 2460 sequerentur.

243 2469 433 2518 Sequitur
466 2470 506 2506 in
538 2479 646 2506 textu
680 2470 886 2518 evangelii:
934 2471 986 2506 Et
1031 2470 1131 2506 dixit
1162 2470 1197 2506 ei
1226 2470 1350 2514 Jesus,
1396 2472 1500 2519 quod

187 2528 309 2575 facis,
330 2529 406 2577 fac
439 2529 565 2565 cicius.
607 2529 695 2564 Hoc
726 2536 852 2564 autem
886 2541 993 2564 nemo
1019 2528 1130 2564 scivit
1162 2528 1498 2575 discumbendum,

125 2598 170 2628 40
184 2586 236 2621 ad
266 2586 357 2634 quid
389 2586 534 2622 dixerit
565 2586 608 2624 ei.
660 2586 826 2630 Quidam
867 2586 965 2622 enim
1000 2586 1189 2635 putabant
1232 2586 1319 2634 quia
1353 2586 1499 2622 loculos

256 2752 300 2782 38.
322 2754 344 2781 B
365 2754 394 2781 in
417 2762 512 2788 marg.
535 2762 616 2781 man.
639 2758 765 2781 receut.:
786 2754 853 2781 Jolz.
875 2753 954 2785 XIII,
972 2762 1022 2788 31.

254 2836 284 2868 8.
314 2837 440 2868 Psalm.
469 2837 583 2877 CXIII,
612 2838 640 2869 3.
763 2836 816 2868 38.
842 2837 918 2868 Joh.
946 2838 1030 2877 XIII,
1060 2838 1206 2879 27—31.
