1986 3289
141 232 156 242 n

142 244 191 276 ³4

155 399 222 427 The
243 397 397 438 primitive

139 434 314 463 Christians
334 440 413 459 were

191 469 253 496 free
272 468 354 495 from

174 502 376 531 ceremonies.

168 1221 236 1248 The
256 1220 391 1247 Romans

149 1255 257 1283 sinned
282 1255 313 1282 in
334 1254 412 1282 their

160 1291 277 1326 cruelty
295 1294 325 1316 to
345 1289 395 1316 the

233 1325 324 1352 Jews.

216 2031 345 2060 Isaiah's

148 2068 306 2103 prophecy
326 2066 360 2094 of
371 2068 421 2093 the

160 2102 206 2130 sin
227 2102 262 2129 of
278 2101 408 2129 modern

218 2137 344 2172 priests.

147 2264 214 2291 The
230 2264 306 2291 head
328 2264 354 2291 is
374 2263 424 2291 the

166 2300 260 2334 Pope,
279 2299 329 2326 the
349 2299 399 2326 tail

201 2336 251 2361 the
270 2334 372 2361 friars.

738 234 856 266 opus
881 234 1217 266 EVANGELICUM
1246 234 1328 265 ΜΒ.
1356 234 1408 264 111.
1551 222 1656 276 [CAP.
1687 230 1737 258 ix.

428 343 555 379 oneris
587 343 665 379 eius
698 348 732 378 et
765 341 920 390 virgam
954 340 1107 376 humeri
1137 340 1216 376 eius
1248 347 1283 376 et
1313 348 1507 389 sceptrum
1542 339 1741 377 exactoris

428 401 507 437 eius
549 399 756 449 superasti,
801 399 897 435 sicut
935 398 971 433 in
1005 398 1064 433 die
1096 398 1270 433 Madian.
1307 394 1443 435 Causa
1476 398 1582 434 enim
1616 410 1741 447 quare

428 458 601 506 populus
645 456 885 494 christianus
929 464 1083 492 tantum
1138 455 1179 491 in
1231 455 1352 492 inicio
1406 456 1600 503 temporis
1645 455 1742 504 legis

428 515 562 564 gracie
595 514 775 563 profecit,
810 514 883 550 fuit
913 514 1019 562 quod
1048 525 1129 549 non
1162 513 1469 561 opprimebatur
1500 526 1571 561 per
1603 514 1741 562 iugum

428 573 561 610 oneris
607 573 704 619 eius,
749 572 789 608 id
835 580 905 617 est,
951 584 1022 619 per
1056 571 1295 607 cerimonias
1341 580 1378 608 et
1422 571 1571 608 iudicia
1603 571 1777 608 veteris5

428 631 670 677 testamenti,
703 639 747 667 ut
779 638 889 678 patet
920 630 1006 665 Act.
1040 630 1120 665 XV.
1169 631 1250 665 Nec
1284 642 1360 678 per
1398 630 1553 680 virgam
1593 630 1747 666 humeri

429 690 520 736 eius,
566 689 606 725 id
639 697 708 734 est,
757 700 829 736 per
860 687 1105 726 tradiciones
1138 686 1361 724 scribarum
1396 696 1433 724 et
1464 687 1744 735 phariseorum

428 747 708 796 superadditas
754 746 844 794 legi,
891 747 939 782 de
984 745 1127 793 quibus
1160 745 1326 782 Matthei
1358 747 1493 782 XXIII.
1540 754 1577 782 et
1614 747 1744 792 XXV„

429 818 502 842 nec
528 818 605 855 per
635 812 830 854 sceptrum
864 803 1063 840 exactoris
1096 803 1193 849 eius,
1234 803 1274 839 id
1308 812 1378 850 est,
1412 816 1482 851 per
1515 804 1743 851 potenciam

431 863 654 900 coactivam
687 864 905 899 Judeorum
938 861 1166 898 volencium
1200 860 1430 909 opprimere
1463 863 1671 898 credentes
1705 862 1745 898 in
1766 875 1805 896 10

432 921 649 959 Christum.
696 922 756 957 Ab
790 920 874 956 istis
908 920 1016 956 enim
1049 918 1206 956 liberati
1244 927 1335 956 sunt
1367 919 1504 956 fideles
1537 932 1609 968 per
1641 932 1747 957 exer-

431 980 554 1016 citum
601 981 875 1016 Romanorum
929 977 1113 1014 fidelibus
1162 977 1394 1014 ammonitis
1439 990 1509 1025 per
1557 979 1746 1025 angelum

431 1039 541 1086 quod
585 1037 802 1074 transirent
846 1038 895 1073 ab
943 1035 1156 1073 obstinatis
1202 1035 1336 1072 Judeis
1381 1035 1655 1072 subvertendis
1708 1036 1748 1072 in

432 1108 598 1144 regnum
639 1095 828 1144 Agrippe,
882 1094 985 1131 sicut
1032 1093 1198 1130 victoria
1250 1093 1440 1130 Gedionis
1486 1094 1749 1141 prenunciata

432 1166 503 1202 per
535 1154 737 1201 angelum,
783 1162 825 1189 ut
868 1160 977 1200 patet
1016 1152 1202 1188 Judicum
1235 1153 1315 1198 VII,
1351 1161 1417 1191 22.
1769 1153 1805 1185 15

496 1213 782 1248 Verumtamen
807 1210 928 1247 crevit
952 1218 1163 1258 peccatum
1198 1218 1234 1245 et
1267 1209 1468 1257 culpanda
1500 1210 1686 1246 vecordia
1709 1210 1750 1246 in

434 1269 607 1307 exercitu
631 1268 862 1307 christiano
896 1269 1084 1305 Seculare
1107 1267 1269 1316 quidem
1304 1267 1512 1304 brachium
1537 1267 1752 1304 infideliter

433 1328 543 1377 prius
567 1327 804 1375 deliquerat,
822 1336 865 1362 ut
887 1334 997 1374 patet
1013 1328 1060 1362 de
1082 1326 1326 1373 imperatore
1346 1326 1529 1362 Romano
1554 1338 1645 1362 cum
1670 1325 1750 1362 suis

433 1385 686 1432 satellitibus,
704 1393 741 1421 et
764 1386 993 1421 sacerdotes
1017 1385 1278 1432 postmodum
1302 1383 1461 1432 gravius
1480 1383 1749 1432 deliquerunt.

434 1445 526 1480 Ideo
571 1442 667 1480 dicit
711 1444 907 1491 propheta
955 1442 1048 1491 quia
1092 1442 1213 1478 omnis
1253 1442 1417 1478 violenta
1445 1441 1632 1490 predacio
1665 1454 1748 1478 cum
1767 1452 1809 1474 20

433 1502 598 1538 tumultu
643 1509 678 1538 et
723 1501 985 1537 vestimentum
1032 1500 1196 1537 mixtum
1241 1512 1325 1536 cum
1370 1500 1560 1550 sanguine
1602 1500 1675 1535 erit
1713 1500 1749 1536 in

433 1559 729 1596 combustionem
763 1566 798 1594 et
830 1559 952 1594 cibum
986 1560 1101 1608 ignis.
1149 1557 1259 1594 Licet
1292 1566 1425 1594 autem
1459 1557 1624 1606 quidam
1658 1570 1750 1606 gen-

433 1618 521 1654 tiles
555 1618 603 1653 de
636 1619 819 1654 Romano
854 1616 1026 1653 exercitu
1072 1616 1299 1653 habuerunt
1338 1615 1607 1652 intencionem
1641 1615 1749 1664 piam

434 1677 485 1712 ad
517 1684 688 1711 mortem
713 1674 875 1711 Domini
907 1674 1209 1721 vindicandum,
1244 1683 1380 1711 tamen
1414 1673 1454 1710 in
1486 1673 1556 1710 tali
1580 1682 1617 1710 et
1640 1682 1751 1711 tanta

435 1732 637 1770 occisione
684 1733 812 1781 gentis
859 1733 1023 1770 Judaice
1071 1732 1349 1781 multipliciter
1393 1740 1660 1779 peccaverunt
1712 1731 1751 1767 in
1768 1730 1807 1763 25

436 1791 639 1839 spoliandi
673 1791 862 1840 cupidine
896 1799 934 1827 et
966 1791 1191 1828 occidendo
1214 1790 1603 1835 immisericorditer,
1637 1789 1752 1827 aliter

436 1862 558 1898 quam
603 1849 758 1886 occisus
804 1849 991 1885 dominus
1035 1849 1270 1897 imperavit;
1317 1858 1353 1886 et
1398 1860 1442 1884 ex
1481 1848 1549 1884 illo
1583 1856 1750 1896 peccato

437 1907 558 1944 crevit
590 1906 809 1943 infidelitas
843 1919 1025 1944 cesarum
1052 1910 1328 1944 Romanorum
1353 1908 1403 1943 ad
1428 1915 1622 1954 martyres
1646 1914 1751 1954 post-

437 1967 602 2002 modum
636 1965 916 2002 occidendum.

494 2025 714 2072 Postquam
749 2036 843 2072 ergo
876 2022 1015 2060 Ysaias
1060 2024 1373 2072 prophetaverat
1406 2024 1455 2059 de
1491 2022 1650 2058 Christo
1683 2021 1749 2070 qui
1769 2020 1811 2052 30

436 2090 494 2118 est
538 2081 642 2118 basis
688 2081 804 2118 huius
849 2081 958 2118 verbi
991 2081 1230 2131 prophetici,
1277 2081 1473 2118 convertit
1506 2092 1546 2116 se
1579 2081 1629 2116 ad
1661 2092 1753 2128 pro-

436 2141 685 2188 phetandum
720 2140 768 2176 de
801 2148 967 2187 peccato
990 2140 1184 2187 ypocrisis
1208 2141 1462 2176 sacerdotum
1487 2138 1584 2186 legis
1607 2138 1751 2186 gracie.

438 2198 662 2247 Dz'sperdet‚
707 2197 850 2246 inquit,
897 2198 1088 2233 Dominus
1133 2199 1179 2234 ab
1212 2198 1338 2233 Israel
1368 2199 1531 2233 caudam
1572 2203 1607 2232 et
1639 2203 1754 2245 caput

439 2263 474 2292 et
506 2256 771 2292 incurvantem
805 2263 840 2291 et
873 2256 1150 2304 depravantem
1184 2256 1220 2291 in
1254 2257 1314 2291 die
1345 2268 1430 2291 unct.
1479 2253 1554 2291 Ubi
1598 2253 1754 2290 videtur

439 2313 705 2362 probabiliter
749 2314 993 2361 prophetare
1045 2315 1093 2350 de
1146 2313 1332 2362 nequicia
1387 2322 1423 2350 et
1476 2312 1753 2349 destruccione
1770 2309 1808 2341 35

440 2373 695 2408 sacerdotum
740 2380 923 2419 tempore
968 2371 1064 2419 legis
1110 2372 1255 2419 gracie,
1301 2371 1356 2408 ita
1390 2372 1498 2420 quod
1532 2382 1602 2418 per
1633 2378 1754 2418 caput

439 2429 635 2477 intelligat
668 2431 893 2466 Romanum
928 2429 1161 2477 pontificem
1203 2438 1239 2466 et
1272 2442 1342 2477 per
1365 2430 1534 2466 caudam
1557 2428 1753 2475 intelligat

439 2496 588 2524 sectam
634 2488 802 2523 fratrum
849 2500 926 2535 que
979 2497 1035 2524 est
1086 2487 1302 2524 novissima
1369 2499 1537 2535 sequens
1590 2498 1751 2534 papam.

440 2545 644 2593 Dispersio
702 2558 795 2582 vero
855 2554 986 2593 potest
1032 2554 1173 2582 notare
1232 2545 1464 2583 divisionem
1514 2543 1752 2592 pontificum

509 2726 532 2753 5.
554 2727 597 2753 Α;
619 2728 649 2753 et
668 2725 804 2752 iudaica.
885 2725 911 2752 8.
934 2724 972 2752 13:
996 2724 1095 2751 XXIII
1114 2727 1144 2751 et
1162 2724 1223 2751 XV.
1311 2724 1350 2751 18.
1373 2725 1409 2751 13:
1432 2725 1461 2751 in
1483 2724 1691 2758 z'mperalore‚·
1711 2723 1751 2751 ib.

440 2762 483 2788 A:
505 2761 569 2788 suis
591 2761 684 2787 deest.
778 2768 818 2795 19-
842 2759 952 2787 Codd.:
975 2759 1138 2787 satz‘llibus.
1231 2758 1275 2786 30.
1297 2760 1341 2786 A:
1364 2767 1441 2795 ergo
1463 2759 1555 2785 deest.

511 2853 563 2875 20.
593 2846 632 2875 Is.
660 2845 713 2884 IX,
742 2844 770 2876 5.
869 2845 921 2877 33.
949 2844 988 2875 Is.
1017 2845 1071 2883 lx,
1103 2853 1150 2878 141.
