1986 3289
121 206 168 240 50
729 212 846 244 opos
874 212 1206 244 immonsafflfw
1238 214 1319 244 ΜΒ.
1349 214 1402 245 111.
1512 203 1608 255 [CAP
1639 212 1721 240 xw.

408 319 652 354 minimarum
696 319 845 366 quidem
881 331 1011 354 rerum
1047 320 1215 355 decimas
1246 321 1454 367 offerebant
1493 322 1723 357 ostendende

408 377 607 426 religionis
667 377 821 426 gracia,
875 377 910 411 in
964 377 1115 413 iudiciis
1164 384 1289 412 autem
1339 385 1448 413 erant
1493 378 1633 424 iniusti,
1686 380 1721 414 in

410 435 611 482 fratribus
644 435 722 469 sine
755 434 1038 481 misericordia,
1073 436 1107 470 in
1143 435 1303 471 veritate
1334 447 1488 484 semper
1520 436 1720 472 increduli.

414 493 520 536 Quas
571 492 840 528 simulaciones
891 504 1023 528 eorum
1080 493 1269 528 Dominus
1322 505 1493 543 arguens
1548 494 1638 529 dicit
1690 503 1723 530 et

407 550 606 600 adiungit:
649 550 873 601 PIypocrite
921 551 1107 598 liquantes
1151 551 1322 597 culicem,
1369 552 1558 587 camelum
1599 555 1757 588 autem5

404 609 627 658 glucientes.
670 608 859 652 Quoniam
893 621 914 643 a
950 609 1109 644 modicis
1135 609 1286 657 quidem
1323 610 1470 645 delictis
1491 621 1531 645 se
1564 611 1725 646 abstine-

404 667 495 702 bant
518 679 587 714 que
608 666 705 715 fieri
734 667 857 702 solent
879 678 929 702 ex
952 667 1108 702 decimis
1137 680 1209 703 non
1245 668 1395 713 oblatis,
1428 680 1572 718 magna
1601 676 1724 704 autem

406 725 508 760 mala
542 724 729 760 alacriter
752 724 1050 766 committebant,
1082 725 1209 773 qualia
1232 733 1319 761 sunt
1342 725 1521 761 iniustum
1546 726 1725 762 iudicium

407 782 593 828 iudicare,
639 782 674 817 in
716 782 925 830 proximos
958 795 1047 818 suos
1081 783 1168 819 odia
1201 795 1400 829 exercere,
1441 784 1476 819 in
1512 784 1637 819 Deum
1671 784 1725 820 in-

405 841 604 876 credulum
639 852 730 876 esse.
764 841 806 875 In
840 852 955 876 causa
989 848 1113 876 autem
1146 841 1365 876 scribarum
1397 849 1432 877 et
1449 842 1725 890 phariseorum
1747 855 1785 876 ιο

405 898 561 934 illorum
595 898 737 933 cadunt
768 898 881 933 multi
911 906 946 934 et
978 911 1088 946 nunc,
1120 899 1185 947 qui
1217 900 1394 935 videntur
1424 900 1574 948 quidem
1609 900 1727 936 eccle-

405 957 501 992 siam
536 957 746 1003 honorare,
775 968 971 1005 pauperes
1004 957 1212 1006 consolari,
1258 958 1292 992 in
1339 958 1478 993 iudicio
1513 965 1638 994 autem
1670 971 1727 994 se-

407 1015 537 1050 dentes
582 1021 647 1049 aut
690 1015 899 1050 secundum
944 1026 1206 1063 personarum
1248 1016 1509 1063 accepcionem
1543 1016 1728 1059 iudicant,

405 1080 470 1108 aut
501 1073 707 1108 secundum
755 1073 1016 1121 differenciam
1061 1085 1261 1109 munerum
1296 1074 1394 1109 inter
1431 1086 1471 1109 se
1510 1074 1613 1122 ipsos
1645 1075 1729 1110 lites

404 1131 647 1180 quotidianas
691 1139 873 1166 exercent
917 1131 1004 1166 odia
1036 1131 1117 1167 sine
1145 1131 1243 1180 fine,
1281 1139 1538 1180 preponentes
1577 1136 1784 1181 semper15

405 1189 617 1225 avariciam
643 1188 811 1235 caritati,
845 1189 979 1237 infide
1005 1196 1130 1225 autem
1154 1201 1309 1238 semper
1331 1190 1477 1239 infirmi
1496 1197 1597 1237 sunt,
1630 1190 1730 1226 inter

407 1247 639 1282 christianos
684 1254 718 1281 et
762 1247 951 1282 hereticos
995 1248 1140 1282 nullam
1176 1247 1438 1296 differenciam
1471 1248 1727 1292 arbitrantur,

406 1305 503 1341 sicut
548 1312 583 1339 et
628 1305 821 1340 meretrix
865 1305 1004 1340 mulier
1048 1306 1269 1341 adulterum
1316 1306 1355 1341 id
1398 1306 1520 1354 ipsum
1550 1313 1663 1355 putat
1695 1314 1731 1342 et

408 1363 547 1398 virum.
587 1362 639 1397 Et
671 1362 745 1410 ipsi
774 1375 871 1412 ergo
896 1363 1084 1413 ypocrite
1105 1370 1192 1399 sunt
1215 1370 1250 1398 et
1281 1364 1438 1399 culicem
1469 1364 1626 1412 liquant,
1651 1376 1729 1400 mo—

410 1421 533 1456 dicum
569 1421 824 1469 reprimentes
852 1428 1054 1469 peccatum
1080 1429 1115 1457 et
1137 1422 1324 1458 camelum
1348 1422 1525 1471 gluciunt
1555 1422 1728 1458 maxima
1746 1435 1787 1456 20

410 1486 444 1514 et
470 1479 640 1528 pessima
674 1479 962 1516 committentes.

137 1529 371 1591 iffsliseteffilslfifgsse
468 1537 581 1572 Nunc
625 1537 825 1572 veniamus
870 1538 921 1572 ad
963 1537 1197 1572 sacerdotes.
1248 1538 1399 1594 Scimus
1441 1538 1528 1586 quia
1568 1550 1731 1574 servare

119 1607 158 1638 οη
171 1600 260 1626 tithes
273 1599 394 1626 thanon
410 1594 597 1630 iusticiam
632 1603 667 1630 et
687 1596 831 1643 facere
864 1595 1174 1631 misericordiam
1210 1602 1243 1630 et
1267 1595 1544 1645 lzaberefidem
1563 1603 1730 1645 propter

137 1634 376 1669 mghteousness.
410 1665 517 1689 suam
562 1653 735 1702 gloriam
782 1653 981 1688 mandavit
1025 1653 1152 1698 Deus;
1210 1653 1377 1689 decimas
1420 1661 1547 1689 autem
1588 1655 1731 1703 offerre

407 1719 574 1759 propter
607 1711 810 1746 utilitatem
844 1712 1105 1757 sacerdotum,
1153 1719 1192 1746 ut
1223 1712 1445 1747 sacerdotes
1478 1711 1628 1760 quidem
1657 1725 1728 1761 po-
1746 1716 1785 1748 25

406 1769 500 1817 pulo
533 1769 568 1803 in
601 1769 870 1817 spiritualibus
902 1770 1172 1817 obsequantur,
1202 1770 1341 1818 populi
1370 1777 1495 1804 autem
1520 1770 1555 1805 in
1589 1782 1728 1806 carna-

411 1827 507 1862 libus
538 1827 807 1862 sacerdotibus
840 1826 1141 1863 subministrent.
1178 1828 1412 1863 Sacerdotes
1435 1839 1531 1877 ergo
1557 1828 1729 1864 avaricia

403 1885 521 1933 pleni,
557 1885 590 1920 si
630 1885 713 1933 quis
747 1886 792 1920 de
820 1885 966 1934 populo
1002 1885 1168 1920 decimas
1208 1898 1280 1921 non
1314 1885 1510 1921 obtulisset
1547 1886 1599 1921 ita
1645 1899 1727 1922 eum

409 1942 683 1991 corripiebant,
715 1943 827 1991 quasi
847 1956 1033 1993 magnum
1066 1943 1210 1979 crimen
1223 1944 1398 1991 fecisset,
1432 1944 1517 1991 quia
1542 1944 1729 1980 decimam

409 2001 571 2036 alicuius
617 2001 675 2036 rei
718 2002 777 2036 vel
821 2001 976 2037 minime
1008 2014 1079 2037 non
1112 2002 1301 2037 solvisset.
1345 2002 1388 2037 Si
1418 2002 1500 2050 quis
1533 2009 1658 2038 autem
1693 2003 1728 2037 in
1747 2007 1786 2039 30

405 2059 551 2107 populo
592 2066 657 2094 aut
683 2060 870 2107 peccabat
902 2055 974 2110 aut,
1007 2060 1171 2095 alterum
1206 2060 1355 2095 ledebat
1388 2067 1454 2094 aut
1485 2060 1632 2108 aliquid
1653 2060 1730 2095 tale

411 2117 600 2164 faciebat,
635 2129 743 2152 nemo
777 2117 938 2152 curabat
967 2117 1168 2166 corripere
1201 2130 1297 2163 eum,
1332 2118 1441 2166 quasi
1471 2118 1616 2153 nullam
1651 2119 1729 2153 cul-

406 2187 497 2223 pam
521 2175 685 2222 fecisset
717 2175 783 2223 qui
814 2175 849 2210 in
883 2176 1008 2211 Deum
1037 2176 1235 2224 peccabat.
1271 2176 1332 2211 De
1353 2188 1421 2211 suo
1444 2176 1594 2223 quidem
1621 2177 1728 2211 lucro

409 2232 572 2268 sollicite
605 2233 787 2282 agebant,
823 2234 868 2268 a'e
898 2233 1031 2283 gloria
1066 2240 1190 2268 autem
1225 2233 1302 2269 Dei
1332 2241 1366 2269 et
1388 2234 1510 2269 salute
1533 2233 1726 2269 hominum

411 2290 670 2340 negligebant.
706 2291 796 2326 Ideo
831 2292 922 2327 dicit
954 2291 1027 2327 eis:
1067 2292 1117 2326 Ve
1150 2292 1255 2327 vobis
1279 2292 1342 2340 qui
1363 2291 1574 2337 decimatis,
1609 2292 1784 2333 eciam&

411 2348 646 2383 minutarum
694 2361 824 2384 rerum
871 2349 1030 2399 evigitis
1076 2350 1244 2385 decimas
1283 2363 1304 2385 a
1332 2350 1477 2398 populo
1513 2356 1546 2384 et
1579 2349 1728 2385 miseri—

410 2406 582 2442 cordiam
607 2414 640 2441 et
662 2407 849 2442 iusticiam
867 2420 939 2443 non
952 2407 1165 2455 facientem
1183 2408 1370 2456 populum
1395 2420 1467 2443 non
1501 2408 1725 2443 admonetis.

116 430 182 457 The
202 437 393 464 appearance

129 473 192 491 was
212 465 379 499 deceptive.

480 2566 503 2583 2.
545 2558 580 2583 I’›:
622 2557 701 2591 legis
719 2557 842 2592 gracia.
952 2557 976 2584 3.
1010 2558 1056 2583 A:
1087 2566 1206 2592 semper
1238 2559 1331 2584 deest.
1423 2566 1448 2590 7.
1488 2559 1533 2584 A:
1563 2558 1616 2593 qui
1638 2559 1724 2592 sieri.

411 2612 438 2637 ς),
463 2611 501 2629 10.
524 2603 693 2644 inc-redunt..
789 2612 821 2630 11.
844 2604 887 2630 A:
909 2604 963 2638 qui
981 2603 1075 2630 deest.
1152 2612 1191 2637 1-4·
1215 2604 1254 2630 15:
1275 2607 1305 2630 et
1323 2612 1387 2631 cum
1408 2612 1439 2630 se
1459 2604 1542 2639 ipsis.
1628 2604 1663 2631 15.
1686 2604 1724 2631 13:

410 2668 529 2695 semper
549 2661 641 2687 deest.
735 2662 774 2689 ιδ’,
797 2661 834 2688 B:
857 2662 900 2688 ad
918 2662 1059 2689 alterum.
1153 2669 1165 2687 :³
1179 2671 1197 2695 1.
1220 2663 1247 2688 A
1268 2662 1296 2688 in
1320 2670 1434 2696 marga
1455 2661 1546 2689 Nota.
1621 2662 1662 2689 25.
1686 2662 1723 2689 h.-

413 2706 572 2734 utilitates.
681 2706 719 2734 31.
742 2708 778 2734 B:
802 2708 975 2735 adulterum
995 2708 1124 2735 tedebat<
1236 2706 1280 2735 ΒΟ.
1304 2708 1341 2735 13:
1369 2708 1578 2735 minimarum:
1609 2707 1648 2734 ib.
1680 2709 1723 2734 A:

413 2753 543 2779 decimas
564 2754 579 2779 d
586 2764 616 2779 cu
623 2758 658 2780 δι.

485 2825 513 2856 5.
542 2825 660 2856 Mauh.
688 2826 803 2864 XXIII,
834 2836 884 2866 24.
