1986 3289
169 235 257 262 CAP-
279 227 359 280 LV·]
536 241 592 271 DE
620 240 933 271 ANTICHRISTO
964 241 1046 271 ΗΒ.
1074 240 1096 270 l.

227 348 354 394 Super
387 358 466 393 quo
488 348 742 393 Jeronymus:
786 346 948 381 Virtutes
981 345 1129 393 (inquit)
1162 346 1331 380 celorum
1357 355 1483 379 move-

1687 239 1769 276 203>

1507 349 1573 376 The
1594 357 1717 384 powers
1738 349 1773 376 of

1511 384 1626 410 heaven
1647 383 1709 411 will
1732 384 1766 410 be

168 405 309 439 buntur
342 404 593 440 diminucione
626 403 792 449 luminis,
838 403 1003 451 alioquin
1050 403 1216 453 legimns
1247 402 1365 438 solem
1398 413 1483 450 sep—
1500 419 1625 452 shaken,
1647 419 1776 445 because

169 462 314 511 tnplzim
350 462 569 497 habiturum
616 461 767 496 luminis
809 461 877 496 sea'
920 461 1215 510 comparacione
1259 472 1347 495 vere
1391 458 1485 494 lucis

170 520 294 555 onmia
319 519 404 555 usui
433 521 653 563 tenebrosam
683 519 715 554 si
742 519 867 566 itaque
888 519 957 555 iste
977 519 1036 554 sol
1058 519 1122 566 qui
1143 530 1241 553 nunc
1258 530 1332 567 per
1364 523 1483 552 totum

138 578 299 614 §orbem
335 578 483 612 rutulat
516 584 550 613 et
583 577 672 612 Inna
697 588 767 625 que
797 577 1005 613 secundum
1040 584 1094 612 est
1128 576 1332 618 luminare,
1366 574 1483 609 eciam

170 635 278 670 stelle
310 647 380 682 que
411 635 462 670 aa'
493 635 678 671 solacium
713 635 833 670 noctis
864 647 1020 670 accense
1052 641 1139 670 sunt
1171 645 1373 682 omnesque
1406 632 1484 668 vir-

172 700 269 728 tutes
309 704 402 740 quas
446 693 677 742 angelorum
725 693 986 728 multitudines
1032 692 1285 742 intelligimus
1332 691 1367 725 in
1419 690 1488 725 ad-

173 757 283 785 ventu
309 750 468 788 >Clzristzt
491 751 772 799 reputabuntur
803 751 839 785 in
873 751 1062 795 tenebras,
1099 749 1324 786 decuciatur
1354 760 1487 797 super-

173 808 300 844 cilium
334 806 465 843 eoritm
499 809 622 856 quise
643 815 795 844 sanctos
822 808 1059 844 arbitrantes
1087 807 1329 857 presenciam
1354 805 1489 841 iudicis

120 878 246 904 xonon
270 866 509 914 formidant,
543 867 626 901 Hec
656 867 906 913 Jeronymus.

1518 454 1554 479 all
1576 453 1669 487 lights
1689 453 1759 487 will

1513 488 1547 514 be
1568 487 1631 514 dim
1654 488 1758 515 before

1534 522 1584 549 the
1604 523 1691 557 glory
1711 523 1745 549 01·

1579 558 1693 585 Clu-ist.

231 923 398 959 Videtur
420 923 539 959 istum
565 933 745 959 sanctum
773 924 914 959 timere
938 925 1033 959 dare
1057 935 1215 959 sensum
1240 923 1346 958 hunc
1378 933 1489 958 sacre
1504 928 1571 956 The
1593 936 1649 955 sun
1671 929 1696 955 is
1717 928 1767 954 the

174 981 369 1029 scripture
402 983 511 1029 quod
536 981 717 1017 Christus
740 981 971 1018 immediate
1004 990 1093 1029 post
1127 982 1231 1017 hunc
1255 992 1485 1028 processum

1523 965 1615 998 Pope,
1637 963 1712 990 dark
1731 962 1761 989 in

1540 999 1590 1025 the
1611 998 1685 1032 light
1706 998 1740 1024 of

175 1039 367 1087 temporis
411 1039 540 1075 veniet
574 1041 623 1075 ad
658 1040 776 1075 finale
816 1039 1007 1075 iudicium
1042 1047 1109 1075 aut
1142 1039 1251 1087 quod
1284 1038 1356 1083 sol,
1393 1038 1488 1074 luna
1503 1034 1579 1061 saith
1595 1033 1653 1060 and
1669 1032 1779 1059 virtue.

176 1098 236 1133 vel
269 1105 374 1133 astra
420 1097 492 1132 celi
527 1106 642 1133 erunt
687 1106 781 1133 tunc
814 1097 948 1133 statim
995 1106 1085 1144 post
1118 1098 1191 1133 hec
1225 1095 1489 1144 corporaliter

124 1163 159 1194 15
176 1155 357 1198 alterata,
410 1156 478 1191 sed
523 1155 679 1191 videtur
723 1155 840 1191 istum
888 1154 1098 1203 concipere
1143 1156 1252 1203 quod
1290 1166 1396 1203 papa
1428 1154 1489 1190 vel

176 1212 249 1248 sibi
295 1212 521 1260 equivalens
567 1213 633 1261 qui
679 1212 774 1249 dicit
817 1225 857 1249 se
890 1214 1018 1261 ipsum
1056 1225 1139 1249 esse
1172 1221 1293 1260 caput
1325 1210 1489 1248 ecclesie

178 1270 385 1306 militantis
430 1271 711 1307 obscurabitur
755 1271 794 1306 in
837 1270 988 1306 lumine
1032 1270 1124 1306 fidei
1176 1270 1236 1307 vel
1275 1269 1489 1314 virtutum3

178 1328 268 1377 quia
305 1341 393 1364 cum
447 1341 548 1376 pape
581 1328 717 1365 omnia
760 1328 834 1364 ista
887 1328 1020 1364 officia
1054 1328 1204 1364 faciunt
1237 1336 1401 1375 propter
1433 1327 1490 1362 lu-

179 1399 302 1429 crum,
342 1386 556 1422 verisimile
585 1396 642 1422 est
671 1388 779 1434 quod
812 1388 1018 1422 subtracto
1056 1386 1123 1422 illo
1156 1386 1269 1422 lucro
1302 1393 1489 1433 percepta

122 1444 356 1482 20versucia
392 1444 629 1480 Antichristi
673 1444 954 1480 obscurabitur
1005 1443 1077 1480 iste
1110 1444 1167 1480 sol
1219 1444 1353 1492 quoad
1404 1454 1490 1479 sen-

179 1502 333 1538 sibilem
368 1502 650 1549 apparenciam
686 1511 723 1538 et
754 1502 963 1539 veritatem
997 1501 1119 1538 divini
1151 1501 1302 1539 iudicii.

238 1562 350 1596 Luna
383 1568 514 1596 autem
551 1569 680 1608 potest
713 1560 879 1607 intelligi
918 1559 1147 1608 quicunque
1181 1558 1281 1595 alius
1314 1559 1490 1606 prelatus

180 1617 343 1654 ecclesie
366 1626 434 1653 aut
457 1617 677 1666 imperator
704 1618 763 1654 vel
796 1630 860 1654 rex
894 1617 1083 1654 notabilis
1117 1617 1185 1665 qui
1219 1616 1292 1653 erit
1326 1624 1492 1664 propter

181 1675 555 1723 sophisticacionem
582 1676 698 1712 istam
717 1688 820 1723 pape
843 1676 904 1712 vel
926 1675 1020 1711 solis
1037 1674 1199 1711 alterius
1218 1674 1492 1722 cuiuscunque

125 1733 220 1771 25in
248 1733 444 1781 spirituali
476 1733 630 1770 lumine
662 1735 917 1781 obscuratus3
964 1741 1000 1769 et
1033 1733 1157 1782 stelle,
1192 1734 1268 1769 hoc
1301 1741 1370 1778 est,
1405 1743 1492 1779 pre-

181 1791 250 1827 lati
283 1791 350 1839 qui
384 1803 424 1827 se
456 1800 643 1839 reputant
690 1804 857 1839 magnos
904 1792 1024 1827 modo
1070 1790 1110 1826 in
1151 1790 1317 1826 ecclesia
1351 1791 1493 1826 cadent

183 1851 230 1885 de
262 1861 332 1884 suo
364 1848 497 1884 officio
521 1849 730 1885 deficiente
761 1850 873 1885 lucro
896 1849 1182 1896 temporalium
1215 1848 1350 1896 gracia
1383 1846 1494 1883 cuius

183 1907 367 1943 laborant
408 1906 594 1954 precipue
629 1916 665 1943 et
697 1907 861 1943 virtutes
895 1907 1087 1952 celorum,
1132 1907 1208 1942 hoc
1242 1915 1312 1955 est,
1358 1905 1494 1941 fideles

184 1966 231 2000 de
263 1964 430 2000 seculari
469 1964 631 2001 brachio
665 1973 701 2001 et
738 1964 825 2000 aliis
864 1964 1044 2012 partibus
1084 1963 1291 2000 militantis
1331 1961 1495 1999 ecclesie

129 2024 462 2068 30movebuntur‚
508 2023 807 2059 considerantes
855 2024 965 2070 quod
1016 2022 1135 2058 nimis
1181 2021 1249 2057 diu
1281 2033 1352 2069 per
1383 2019 1495 2056 Anti-

184 2080 319 2116 christi
352 2080 550 2116 versucias
583 2089 674 2116 sunt
696 2079 861 2116 seducti.
896 2082 970 2116 Iste
1003 2088 1136 2116 autem
1170 2091 1307 2116 sensus
1341 2078 1497 2115 videtur

184 2137 402 2185 probabilis
437 2146 473 2173 et
502 2151 618 2174 sensu
643 2137 758 2174 huius
782 2137 973 2185 evangelii
999 2137 1193 2174 catholice
1217 2136 1495 2185 applicandus.

243 2196 511 2231 Crisostomus
527 2205 656 2232 autem
677 2208 874 2243 exponens
890 2196 998 2231 illum
1017 2204 1163 2232 textum
1185 2197 1287 2231 Luce
1302 2196 1401 2238 XXI,
1424 2204 1495 2241 25:

187 2254 311 2288 Erunt
334 2254 447 2303 signa
472 2254 506 2289 in
521 2254 601 2290 sole
616 2262 689 2291 etc.
723 2254 776 2289 ita
806 2253 918 2289 dicit:
944 2254 1095 2299 Statim,
1115 2253 1257 2301 inquit,
1272 2260 1361 2302 post
1376 2252 1495 2287 trihu-

131 2318 170 2350 35
188 2312 372 2346 [acionenz
391 2312 539 2347 dierum
557 2312 712 2347 illorum
745 2312 805 2347 sol
827 2311 1096 2347 obscurabitur
1118 2319 1151 2346 et
1175 2311 1265 2346 luna
1289 2323 1360 2346 non
1395 2309 1497 2344 dabit

188 2369 312 2404 lumen
344 2382 452 2404 suzim
490 2377 524 2404 et
550 2370 660 2404 stelle
687 2370 823 2404 cadent
857 2370 902 2404 de
931 2369 1024 2405 celo.
1059 2369 1349 2416 Pati-esamilias
1379 2367 1497 2403 mori-

188 2434 270 2461 ente
302 2434 379 2462 tota
413 2428 548 2462 domus
580 2427 658 2462 eius
689 2427 882 2472 turbatur,
922 2427 1044 2462 omnis
1066 2427 1229 2474 familia
1263 2426 1419 2476 plangit
1452 2431 1497 2467 et,

189 2484 389 2520 conscissis
420 2485 556 2520 tunicis
586 2485 665 2520 suis
698 2485 833 2534 nigris,
873 2496 913 2519 se
944 2484 1119 2533 operiunt
1159 2484 1404 2527 vestimentis,
1445 2483 1499 2518 sic

262 2697 279 2716 1.
314 2691 341 2716 Α
368 2689 395 2716 in
429 2698 540 2722 mara:
567 2689 758 2723 *leronymus
862 2689 888 2715 8.
921 2690 965 2716 A:
995 2689 1188 2715 deducimur.
1299 2696 1339 2720 14.
1362 2689 1405 2714 A:
1430 2688 1496 2714 hoc.

191 2722 237 2756 34.
259 2726 286 2750 A
307 2724 335 2751 in
359 2733 471 2757 marg:
496 2724 712 2751 Crixostomns.
803 2723 847 2750 38.
870 2725 912 2750 A:
934 2724 996 2750 suis
1015 2724 1108 2750 deest.
1134 2732 1136 2737 ’

269 2818 292 2837 1.
333 2808 469 2838 comm.
506 2809 537 2838 in
572 2807 689 2838 Matth.
722 2808 743 2838 1.
776 2818 802 2838 c.
836 2818 912 2849 pag.
958 2818 1028 2849 197.
1127 2809 1178 2847 34.
1212 2809 1277 2848 Op.
1312 2807 1395 2847 Imp.
1424 2806 1444 2836 l.
1472 2817 1499 2837 c.

195 2863 271 2894 pag.
297 2852 374 2895 952,
401 2855 478 2895 933.

1512 1565 1579 1592 The
1600 1572 1693 1591 moon
1714 1564 1772 1591 and

1521 1604 1600 1627 stass
1619 1599 1774 1634 Emperor

1530 1635 1589 1662 and
1610 1634 1755 1661 Prelates.
