1986 3289
223 204 310 231 CAR
339 194 435 247 xlv]
584 207 642 237 DE
671 205 985 237 ANTJCHRISTO
1016 207 1097 237 ΗΒ.
1125 208 1146 237 1.
1772 203 1813 237 51

221 313 283 348 Sic
328 312 424 348 enim
473 320 507 347 et
556 312 669 347 modo
706 312 772 360 fit.
818 312 919 347 Ecce
962 312 1058 348 enim
1107 313 1319 362 episcopus,
1363 315 1397 349 si
1429 315 1530 349 debi-
1577 324 1799 363 soixisxynh

224 379 302 407 tum
347 370 504 406 lionoris
549 381 622 405 non
655 370 845 418 acceperit
888 383 909 405 a
950 371 1186 421 presbytero
1226 379 1291 406 aut
1318 373 1533 423 presbyter
1548 359 1676 386 modern
1700 364 1821 393 ⁹¹³0*ss

220 442 242 464 a
275 428 433 464 diacono
465 435 532 463 aut
564 427 747 463 diaconus
779 440 800 462 a
835 428 991 475 lectore,
1039 428 1223 464 irascitur
1266 436 1301 465 et
1339 431 1531 465 turbatur.

221 486 263 522 Si
292 493 418 522 autem
453 484 592 520 viderit
623 492 689 520 aut
721 485 921 534 episcopus
947 486 1228 536 presbyterum
1261 495 1327 522 aut
1363 488 1533 539 presby-

187 545 278 580 §ter
310 544 511 579 diaconum
527 543 631 578 circa
655 543 811 578 ecclesie
831 543 1048 592 obsequium
1065 556 1137 579 non
1154 552 1445 593 permanentem
1469 553 1535 581 aut

219 602 316 637 alias
333 608 538 650 peccantes
561 601 596 636 in
618 601 743 636 Deum
766 613 884 649 neque
905 601 1128 637 irascuntur
1151 602 1203 638 eis
1235 614 1352 651 neque
1384 611 1533 649 curant,

219 660 306 708 quia
339 670 468 695 omnes
500 659 652 707 quidem
686 659 731 694 de
752 671 820 694 suo
844 659 989 695 honore
1010 667 1097 695 sunt
1119 660 1286 708 solliciti,
1321 661 1367 696 de
1390 662 1534 697 lionore

220 717 295 753 Dei
326 717 463 754 nullus.
517 717 569 752 Et
595 716 801 765 porciones
833 717 991 765 quisque
1028 730 1118 753 suas
1154 719 1361 754 secundum
1408 719 1533 769 digni-

220 782 317 811 tates
347 787 437 811 suas
470 774 681 824 vigilanter
727 775 915 823 aspiciunt
948 782 983 810 et
1016 775 1225 823 defendunt
1257 784 1291 811 et
1322 778 1531 813 secundum

168 845 205 865 10
221 833 448 883 dignitatem
481 845 589 868 suam
623 845 757 868 curam
791 833 1012 881 impendere
1044 833 1147 869 circa
1172 834 1388 882 obsequium
1417 835 1534 871 eccle-

219 891 273 927 sie
316 902 388 926 non
433 890 642 925 attendunt.
698 890 740 924 Si
776 891 946 939 populus
996 891 1164 927 decimas
1216 904 1287 928 non
1342 893 1535 939 obtulerit,

220 955 466 984 murmurant
516 960 646 984 omnes
689 955 725 983 et
770 948 804 984 si
847 955 1071 997 peccantem
1119 950 1306 998 populum
1356 951 1534 996 viderint,

219 1018 327 1042 nemo
360 1013 582 1041 murmurat
619 1013 754 1041 contra
793 1018 867 1043 eos.
922 1006 1045 1050 Quam
1086 1008 1354 1055 compendiose
1392 1009 1428 1044 in
1462 1009 1535 1044 hiis

219 1064 341 1100 tribus
373 1064 599 1112 complexus
631 1070 686 1099 est
718 1070 753 1099 et
785 1064 1026 1100 condiciones
1065 1065 1258 1100 hominum
1299 1073 1333 1100 et
1373 1078 1442 1114 que
1474 1079 1535 1102 ne-

167 1123 202 1155 15
220 1121 388 1158 cessaria
450 1121 664 1157 hominibus
723 1129 811 1157 sunt
872 1123 924 1157 ad
974 1122 1172 1158 salutem?
1245 1123 1385 1159 Omnes
1437 1125 1533 1159 enim

219 1179 391 1216 homines
422 1186 489 1214 aut
520 1179 663 1215 iudices
693 1186 781 1215 sunt
811 1186 877 1214 aut
909 1179 1078 1226 iudicati,
1109 1179 1189 1215 sive
1209 1181 1433 1229 spirituales
1455 1183 1535 1218 sive

220 1237 445 1273 mundiales.
480 1237 532 1272 Et
564 1237 737 1273 omnibus
767 1238 1009 1287 generaliter
1031 1245 1109 1273 tam
1133 1238 1318 1275 iudicibus
1341 1252 1453 1287 quam
1478 1241 1535 1276 liis

219 1296 283 1344 qui
312 1295 532 1330 iudicantur
565 1295 638 1331 duo
673 1296 740 1331 lzec
772 1296 987 1331 necessaria
1020 1303 1107 1331 sunt
1146 1297 1198 1331 ad
1228 1297 1405 1344 salutem,
1428 1298 1534 1347 fides

220 1365 310 1388 vera
345 1360 379 1388 et
410 1365 528 1402 opera
562 1353 670 1389 bona.
706 1353 849 1389 Dicens
881 1365 977 1403 ergo
1011 1353 1205 1399 iudicium,
1239 1355 1366 1405 tetigit
1388 1368 1451 1391 eos
1472 1357 1537 1405 qui

163 1422 204 1443 20
219 1411 401 1457 iudicant,
445 1411 525 1447 sive
568 1411 784 1447 mundiales
816 1411 958 1447 iudices
995 1412 1060 1460 qui
1084 1419 1249 1460 presunt
1280 1414 1422 1449 mundo
1455 1414 1536 1450 sive

218 1469 439 1517 spirituales
490 1469 553 1517 qui
603 1469 804 1518 president
860 1469 1028 1505 ecclesiis
1067 1477 1106 1505 ut
1163 1470 1301 1505 iustum
1355 1471 1533 1507 iudicium

219 1526 394 1562 iudicent.
462 1526 544 1562 Hec
587 1534 641 1563 est
686 1527 782 1562 enim
832 1527 962 1575 prima
1015 1527 1162 1562 iusticia
1208 1540 1355 1575 eorum,
1418 1536 1457 1564 ut
1503 1530 1537 1564 si

219 1596 306 1620 vere
348 1592 414 1619 aut
457 1584 599 1620 iudices
645 1584 859 1620 mundiales
899 1585 1108 1634 loquuntur
1146 1585 1334 1621 iusticiam
1369 1594 1435 1622 aut
1481 1587 1535 1622 iu-

220 1642 321 1678 dices
351 1640 589 1690 spirituales.
636 1642 678 1677 Si
709 1654 798 1678 vere
830 1643 1040 1691 loquuntur
1071 1643 1260 1679 iusticiam
1294 1644 1329 1679 in
1362 1645 1533 1690 ecclesia,

163 1702 288 1748 25per
332 1700 402 1735 hoc
446 1700 662 1736 ostenditur
705 1700 739 1735 si
769 1700 906 1735 iustum
953 1700 1220 1746 iudicaverint,
1265 1702 1411 1737 dicente
1438 1715 1534 1751 pro-

215 1758 353 1806 pheta:
398 1757 440 1792 Si
477 1770 565 1793 vere
598 1757 722 1806 utique
754 1758 942 1794 iusticiam
977 1759 1186 1806 loquimini,
1231 1759 1326 1795 iuste
1358 1760 1534 1810 iudicate,

217 1815 299 1865 filii
329 1815 534 1852 hominum.
582 1815 658 1851 Sed
700 1816 734 1851 si
778 1828 851 1852 non
895 1816 1151 1851 iudicaverint
1182 1817 1321 1853 iustum
1355 1818 1534 1854 iudicium

218 1873 253 1908 in
287 1873 461 1918 veritate,
502 1885 572 1908 non
606 1874 813 1921 loquuntur
843 1874 1030 1909 iusticiam
1063 1875 1131 1910 sed
1162 1875 1197 1909 in
1230 1875 1340 1911 labiis
1373 1883 1532 1911 tantum.

218 1931 361 1966 Dicens
404 1938 529 1966 autem
562 1931 697 1966 Fidem
737 1931 917 1967 admonet
949 1944 1079 1967 omnes
1111 1932 1146 1966 in
1167 1932 1254 1981 fide
1286 1933 1415 1969 vivere
1447 1934 1533 1969 Dei.

163 1991 203 2023 30
219 1988 359 2023 Dicens
404 1995 439 2023 et
476 1988 792 2024 [Wisericordiam
826 1989 1158 2025 conversacionem
1192 1990 1328 2025 bonam
1363 1992 1536 2027 omnibus

214 2046 446 2095 predicavit.
481 2047 581 2081 Nam
615 2046 694 2082 sive
725 2047 957 2083 abstinencia
990 2060 1011 2082 a
1036 2047 1148 2083 malis
1179 2048 1259 2083 sive
1292 2060 1386 2097 opus
1419 2050 1534 2085 bona-

219 2116 304 2139 rum
339 2115 470 2139 rerum
498 2116 573 2152 per
606 2104 914 2140 misericordiam
949 2112 1215 2141 conservatur.
1258 2106 1360 2141 Nam
1395 2114 1429 2142 et
1461 2119 1533 2143 non

222 2162 365 2210 facere
397 2160 543 2198 homini
573 2174 642 2210 que
668 2163 755 2210 pati
797 2174 868 2198 non
903 2163 983 2198 vult
1021 2170 1056 2197 et
1077 2164 1219 2211 facere
1251 2175 1321 2211 que
1352 2164 1423 2200 sibi
1454 2165 1534 2200 vult

221 2219 329 2268 fieri,
362 2226 564 2267 utrumque
596 2220 858 2255 misericordie
889 2228 955 2255 est.

163 2278 202 2310 35
277 2277 406 2312 Duces
428 2278 506 2312 ceci
526 2277 714 2325 liquantes
737 2278 909 2322 culicem,
943 2279 1130 2314 camelum
1155 2286 1280 2314 autem
1305 2280 1530 2329 glucientes.

98 2334 181 2379 409⁴
226 2334 366 2370 Omnes
398 2347 495 2384 ergo
527 2336 748 2371 sacerdotes
788 2332 792 2387 Ι
833 2336 896 2383 qui
922 2343 1087 2384 propter
1120 2349 1191 2371 non
1225 2337 1372 2372 oblatas
1399 2338 1537 2386 populi

290 2499 309 2517 1.
330 2489 386 2517 Sic
406 2491 504 2518 eciam
519 2494 547 2518 et
560 2491 714 2526 niodofit.
789 2491 812 2518 3.
834 2493 876 2519 A:
900 2495 929 2519 et
948 2492 1041 2519 deest.
1115 2493 1139 2520 5.
1162 2492 1278 2520 Codd.:
1300 2494 1425 2521 ecclesie
1439 2494 1532 2521 deest.

220 2524 247 2552 S.
268 2525 305 2551 B.-
327 2525 492 2552 secundum
513 2526 605 2552 deest.
682 2525 785 2553 12—13⁴
807 2528 851 2553 A:
891 2535 992 2553 omnes
1011 2543 1043 2546 —
1064 2531 1236 2554 murmurat
1257 2528 1351 2554 deest.
1434 2529 1469 2556 15.
1493 2529 1531 2555 B:

220 2559 392 2587 hominibus
412 2560 515 2586 before
535 2568 647 2588 omnes.
733 2562 773 2587 16.
795 2562 837 2587 A:
860 2565 913 2588 aut
934 2561 1065 2588 iudicati
1082 2562 1174 2588 deest.
1265 2570 1308 2589 22.
1330 2563 1368 2589 B:
1389 2567 1422 2590 ut
1440 2564 1532 2590 deesl.

220 2592 263 2621 23.
290 2595 334 2621 A:
365 2595 513 2629 loquitur.
621 2596 667 2622 20.
696 2596 733 2623 ss:
761 2599 844 2622 recte
868 2596 1011 2623 iudicate.
1120 2604 1163 2632 27.
1197 2597 1235 2623 13:
1257 2597 1347 2632 Jilios
1368 2598 1532 2625 nominum.

221 2628 255 2655 28
288 2628 405 2656 Codd.:
426 2630 481 2655 sed
500 2630 677 2664 loquuntur.
752 2637 796 2664 29.
820 2632 862 2657 A:
885 2630 995 2665 infide
1015 2631 1129 2657 venire.
1153 2631 1190 2657 B:
1213 2632 1353 2658 correxit.
1428 2632 1466 2659 31.
1488 2634 1531 2659 A:

221 2662 297 2690 Nam
316 2664 346 2690 si
361 2663 403 2690 sit
419 2672 438 2690 a
458 2665 558 2690 malis.
638 2663 746 2691 31—32.
770 2666 816 2691 A:
839 2665 903 2692 sive
923 2673 1018 2699 opere
1037 2665 1186 2692 bonarum
1220 2674 1322 2693 rerum
1343 2667 1531 2694 abstinencia

221 2697 446 2725 misericordia.
544 2698 584 2725 35.
605 2700 649 2725 A:
670 2699 773 2726 dicens
791 2700 862 2726 ceci.
952 2698 997 2726 36.
1031 2701 1074 2726 A:
1096 2708 1174 2735 ergo
1196 2700 1290 2727 deest.

297 2779 349 2811 27.
389 2770 516 2801 Psalm.
546 2771 647 2810 LVII,
688 2781 717 2802 2.
756 2771 796 2803 Si
834 2781 914 2803 vere
953 2773 1068 2813 utique
1107 2772 1287 2804 iusticiam
1328 2773 1531 2813 loquimini:

225 2821 319 2847 recte
346 2816 514 2854 indicate,
533 2816 605 2858 filii
632 2818 828 2849 hominum.

1347 2874 1393 2916 4ss
