1986 3289
175 241 264 269 «ΑΡ.
286 232 408 286 LXIX]
548 244 607 275 DE
636 243 949 275 ANTmHRisTo
978 244 1063 275 ΜΒ.
1090 244 1112 275 1.

176 357 406 396 creatorem,
451 362 502 386 ex
545 350 812 399 corporalibus
855 350 1133 399 incorporalia,
1180 362 1231 386 ex
1276 351 1485 387 visibilibus

176 406 394 458 invisibilia,
427 419 478 443 ex
509 407 687 443 brevibus
718 408 965 457 sempiterna.
1003 409 1085 444 Hec
1117 409 1367 455 Jeronymus.

235 465 504 502 Crisostomus
537 473 670 502 autem
705 477 823 513 super
855 465 931 502 isto
963 474 1070 502 textu
1103 465 1159 502 sic
1191 465 1388 514 loquitur:
1427 467 1485 502 De

175 524 317 560 talento
357 523 570 573 agnicionis
607 523 754 559 Christi
789 523 995 571 adquisivit
1026 536 1139 559 unam
1173 524 1361 560 iusticiam
1394 524 1485 559 bene

143 582 350 627 5vivemio,
403 582 449 616 de
486 581 726 631 presbytero
770 588 895 616 autem
943 581 1025 630 ipso
1063 581 1263 629 acquisivit
1294 581 1482 617 iusticiam

173 639 336 675 sollicite
361 639 595 687 presidendo
628 638 796 684 ecclesie,
835 639 881 675 de
914 639 1029 675 verbo
1061 639 1263 687 acquisivit
1295 639 1482 675 iusticiam

176 697 332 732 verbum
358 696 530 732 veritatis
554 696 755 732 sinceriter
771 696 1034 744 predicando;
1066 697 1112 732 de
1134 697 1323 746 baptismo
1356 704 1482 733 autem

175 754 349 790 lucratus
381 761 437 789 est
458 754 666 790 secundum
695 753 841 789 Christi
862 754 1041 805 regulam
1065 754 1296 807 baptizando
1330 762 1365 791 et
1397 755 1484 805 dig-

176 824 245 848 nos
265 811 377 861 filios
421 824 506 847 cum
540 811 680 847 iudicio
712 812 868 848 ecclesie
899 811 1165 860 adquirendo;
1216 813 1262 848 de
1291 812 1484 862 sacrificio

122 884 160 904 10
173 869 379 917 adquisivit
410 869 612 912 iusticiam,
646 876 723 904 tam
758 870 941 905 mundum
976 876 1011 905 et
1039 869 1327 905 immaculatum
1360 871 1482 906 sacri-

172 927 310 976 ficium
358 939 435 975 pro
482 927 635 976 populis
679 927 873 974 offerendo
927 934 963 963 et
1004 939 1081 976 pro
1134 927 1304 976 peccatis
1349 928 1487 977 populi

174 985 389 1021 exorando.
426 985 509 1021 Hec
543 984 827 1021 Crisostomus.

232 1044 306 1078 Iste
338 1050 498 1078 sanctus
521 1041 682 1090 exponit
714 1041 943 1090 quinarium
978 1041 1251 1090 evangelicum
1276 1055 1358 1079 non
1391 1055 1484 1079 con-

173 1099 294 1136 trarie
334 1099 464 1136 sensui
509 1099 754 1147 supradicto,
799 1100 868 1136 sed
902 1108 1167 1136 mutescentes
1200 1113 1223 1136 a
1256 1100 1363 1137 fideli
1397 1113 1484 1148 pre—

121 1161 157 1193 15
175 1157 382 1194 dicacione
446 1157 676 1206 evangelica
728 1166 897 1205 possunt
960 1157 1023 1194 hic
1076 1159 1123 1193 de
1175 1158 1287 1194 lucro
1338 1158 1483 1206 premii

176 1215 403 1263 desperare.

651 1351 789 1392 CAP.
821 1351 1001 1392 LXIX.

232 1447 420 1495 Sequitur
452 1447 492 1483 in
525 1455 632 1483 textu
667 1446 854 1483 Matthei:
890 1446 1078 1483 Similiter
1109 1454 1144 1483 et
1175 1447 1240 1496 qui
1271 1448 1344 1483 duo
1377 1459 1484 1483 acce-

171 1512 289 1553 perat
320 1505 495 1541 lucratus
527 1512 582 1541 est
614 1505 690 1540 alia
724 1506 811 1541 duo.

118 1576 159 1597 20
232 1564 361 1610 Super
393 1575 472 1611 quo
502 1564 760 1610 Jeronymus:
802 1562 853 1598 Et
885 1562 954 1598 iste
980 1575 1057 1612 pro
1091 1563 1237 1599 viribus
1267 1563 1345 1599 suis
1377 1564 1483 1611 quid-

173 1620 263 1668 quid
294 1620 330 1656 in
363 1621 450 1670 lege
483 1621 672 1656 didicerat
704 1621 740 1656 in
774 1621 977 1671 evangelio
1011 1621 1222 1670 duplicavit
1252 1620 1334 1656 sive
1364 1621 1483 1657 scien-

173 1678 270 1714 ciam
303 1685 336 1713 et
381 1690 498 1727 opera
542 1678 735 1727 presentis
768 1678 842 1714 vite
886 1685 920 1714 et
943 1678 1086 1726 future
1128 1686 1247 1729 typos
1280 1679 1481 1715 intellexit.

174 1737 256 1771 Hec
287 1737 537 1783 Jeronymus.

229 1792 498 1830 Crisostomus
550 1802 683 1829 autem
736 1806 855 1841 super
906 1793 982 1829 isto
1026 1801 1133 1830 textu
1177 1793 1232 1830 sic
1283 1793 1480 1842 loquitur:

115 1854 154 1887 25
177 1851 253 1894 Qui
284 1852 357 1887 duo
381 1859 585 1900 acceperat
616 1859 699 1897 etc.‚
732 1851 772 1886 id
802 1858 869 1897 est,
904 1851 999 1887 duas
1031 1852 1211 1898 iusticias,
1246 1864 1359 1887 unam
1393 1852 1483 1887 bene

172 1908 332 1945 vivendo
366 1921 477 1957 quam
501 1909 703 1957 acquisivit
734 1922 756 1944 cz
776 1909 864 1958 fide
891 1909 1049 1954 Christi,
1082 1910 1247 1945 alteram
1279 1909 1483 1945 sinceriter

171 1966 426 2003 ministrando
472 1979 582 2015 quam
618 1967 719 2015 fecit
762 1978 812 2002 ex
850 1967 1061 2003 ministerio
1106 1967 1346 2005 diaconatus.
1399 1968 1481 2003 Hec

172 2023 461 2060 Crisostomus.

1522 473 1744 509 Chrysoslomz

1515 508 1751 543 Interpretation

1544 543 1579 569 of
1593 543 1643 569 the
1665 543 1720 570 five

1574 578 1696 604 talents.

1567 1570 1701 1598 Jerome.

1521 1799 1745 1834 chrysostom:

1532 1834 1610 1861 Two
1630 1834 1740 1860 talents

1531 1868 1620 1903 given
1641 1872 1671 1895 to
1690 1869 1740 1895 the

1567 1903 1695 1930 deacon.

228 2081 294 2117 Isti
338 2082 464 2118 sancti
509 2081 736 2129 intelligunt
781 2083 987 2130 quomodo
1032 2083 1222 2118 habentes
1271 2084 1377 2119 dona
1411 2082 1482 2119 Dei
1510 2085 1684 2125 Reivardis
1705 2086 1754 2113 for

1515 2128 1606 2155 usmg
1625 2128 1748 2155 powers

115 2138 391 2177 3omediocria
437 2139 477 2175 in
527 2139 683 2187 premio
728 2139 997 2187 duplicarunt,
1052 2140 1145 2188 quia
1194 2153 1276 2177 non
1321 2141 1546 2182 fuerunths
1566 2155 1615 2182 the
1635 2155 1715 2190 good
1737 2155 1771 2182 of

170 2195 295 2232 ociosi
328 2196 368 2233 in
391 2196 622 2245 recipiendo
645 2197 741 2233 istas
774 2196 981 2245 potencias
1016 2206 1053 2234 et
1083 2198 1263 2243 virtutes,
1297 2200 1366 2234 sed
1399 2207 1479 2234 tarn

171 2254 354 2291 doctrina
386 2267 507 2303 quam
541 2255 839 2303 exemplacione
873 2256 1146 2303 expenderunt
1178 2255 1285 2303 ipsas
1319 2258 1368 2292 ad
1403 2255 1483 2292 edi-

171 2311 409 2348 ficacionem
443 2312 622 2349 ecclesie.

229 2370 419 2417 Sequitur
450 2370 491 2406 in
522 2379 628 2406 textu
658 2370 847 2407 Matthei:
888 2371 964 2414 Qui
990 2378 1116 2407 autem
1141 2384 1257 2407 unum
1282 2379 1484 2420 acceperat

114 2432 153 2465 35
171 2427 300 2464 abiens
321 2428 432 2476 fodit
463 2428 498 2463 in
532 2436 679 2464 terram
713 2436 747 2464 et
779 2429 978 2465 abscondit
1002 2429 1203 2478 pecuniam
1235 2429 1381 2465 domini
1412 2429 1483 2466 sui.

240 2565 264 2592 3.
286 2567 314 2593 A
334 2566 363 2593 iu
385 2575 498 2602 marg:
520 2567 735 2595 Crixostomus.
821 2576 846 2601 7.
870 2569 912 2595 A:
933 2572 1033 2596 autem
1053 2569 1154 2597 deest:
1176 2568 1197 2595 Β
1218 2568 1248 2595 in
1272 2577 1366 2603 marg.
1388 2569 1482 2596 addit.

171 2609 213 2627 10.
233 2602 277 2628 A:
299 2601 354 2636 qui
370 2604 442 2628 tam.
569 2611 576 2629 1
597 2624 601 2629 .
629 2603 672 2629 A:
704 2610 761 2634 pro
787 2602 870 2637 ipsis.
981 2611 1018 2630 12.
1053 2605 1080 2630 A
1112 2603 1141 2630 in
1173 2611 1289 2638 marg:
1318 2603 1483 2631 Johannes.

172 2643 215 2667 14.
243 2637 286 2662 A:
317 2635 437 2670 afidei.
539 2644 579 2670 17.
608 2638 650 2663 A:
683 2636 757 2669 Cap.
779 2636 874 2663 LXIX
892 2637 985 2664 deest.
1095 2645 1143 2664 20:
1163 2639 1190 2665 A
1211 2637 1240 2664 in
1262 2645 1376 2670 mara:
1398 2638 1484 2665 Jero-

171 2677 286 2703 nymus.
407 2669 452 2697 23.
472 2671 499 2697 A
521 2671 549 2697 in
572 2678 685 2704 marg:
709 2671 923 2698 Crisostomzcs.
1015 2672 1049 2698 28
1083 2673 1109 2699 A
1130 2673 1158 2699 in
1181 2680 1295 2706 marga
1316 2672 1484 2700 Johannes.

242 2753 271 2784 3.
298 2753 365 2794 Op.
384 2754 469 2794 Imp.
488 2753 509 2784 1.
529 2763 555 2784 e.
576 2764 651 2795 pag.
673 2753 751 2796 964.
813 2754 861 2785 18.
889 2754 1007 2785 Matth.
1026 2755 1129 2794 XXV,
1155 2765 1203 2796 17.
1271 2765 1314 2785 20
1347 2756 1484 2786 Comm.

172 2799 205 2829 in
244 2798 361 2829 Matth.
402 2799 422 2830 1.
457 2810 485 2830 c.
524 2810 601 2841 pag.
643 2799 718 2831 206.
840 2802 892 2831 25.
932 2801 998 2842 Op.
1041 2802 1125 2842 lmp.
1164 2801 1184 2832 l.
1224 2812 1251 2832 c.
1291 2811 1369 2843 pag.
1407 2803 1485 2844 964.

173 2846 225 2885 34.
253 2844 371 2875 Matth.
397 2845 500 2884 XXV,
533 2845 582 2876 18.

1307 2914 1344 2946 Ι7

1531 2190 1581 2217 the
1601 2189 1728 2216 church.
