1986 3289
117 1141 152 1172 15

114 1444 156 1466 20

114 2303 129 2335 ¹2)

137 2304 152 2336 'Ji

175 225 264 253 CAP.
286 216 341 269 Π]
548 228 607 258 DE
634 227 949 258 ANTlcamsTo
978 227 1061 258 ΜΒ.
1088 227 1111 258 1.

174 333 344 369 dixerint
378 334 481 369 vobis
504 340 655 369 servate
687 341 721 368 et
744 334 871 381 facite
903 342 940 369 et
982 346 1062 369 non
1103 332 1253 369 diceret
1289 333 1343 369 sic
1366 333 1484 368 hodie

172 400 334 439 propter
365 390 710 427 introduccionem
745 390 892 426 heresis
926 390 1176 438 ampliorem.

230 451 277 484 Et
310 457 454 485 notant
486 448 622 484 fideles
655 450 861 496 quomodo
893 448 1075 485 Christus
1100 448 1196 484 dicit
1228 450 1337 496 quod
1369 461 1488 497 Super

170 507 395 542 cathedram
419 506 556 556 Affoysi
585 507 766 542 sederunt
788 506 912 542 Scribe
944 513 978 542 et
997 506 1184 555 pharisei,
1221 506 1486 553 intelligendo

172 577 241 612 per
274 565 508 600 cathedram
542 563 669 611 Moysi
702 576 815 600 suam
857 563 1108 600 iudiciariam
1144 572 1404 611 potestatem3
1451 572 1488 600 ct

170 621 296 658 variat
329 622 507 658 Christus
540 634 620 657 non
652 621 736 658 sine
781 634 902 658 causa
934 621 1098 657 indubie
1140 621 1305 658 nomina
1345 621 1486 657 talium

172 679 464 725 iudicancium3
508 687 544 715 et
575 691 645 727 per
678 679 855 727 primum
889 678 1124 727 intelligitur
1157 681 1266 727 quod
1298 680 1397 716 tales
1430 679 1489 715 iu·

171 737 277 773 dices
321 750 402 773 non
446 746 618 785 querunt
661 745 828 785 propter
874 738 1044 773 salutem
1098 737 1325 774 animarum
1380 737 1487 773 istud

172 794 350 831 officium
397 796 463 831 sed
510 803 678 843 propter
724 796 976 831 mundanum
1023 796 1169 831 fastum
1217 804 1285 831 aut
1329 795 1487 831 lucrum

117 862 125 883 1
171 853 472 900 temporalium,
519 862 556 889 et
601 861 818 901 utrumque
852 861 1017 889 notatur
1062 852 1245 889 fidelibus
1290 865 1360 900 per
1412 854 1488 890 hoc

171 912 278 958 quod
310 923 430 960 supra
463 911 690 946 cathedram
716 911 854 961 Moysi
873 911 1065 946 sederunt.
1099 913 1189 946 Non
1222 911 1318 946 dicit
1352 922 1485 947 autem

170 969 279 1016 quod
310 968 351 1005 in
392 969 570 1004 laborem
605 968 733 1016 Moysi
770 969 832 1005 vel
868 968 1178 1004 sollicitudinem
1210 968 1488 1005 subintrarunt

170 1027 237 1062 sed
269 1039 387 1075 super
417 1027 643 1062 cathedram
677 1027 815 1077 Moysi
843 1027 1037 1071 sederunt,
1071 1035 1108 1062 et
1139 1026 1314 1063 variacio
1358 1026 1487 1063 nomi-

171 1097 264 1120 num
298 1083 449 1121 scilicet
493 1083 716 1120 scribarum
751 1093 787 1121 et
821 1084 1096 1132 phariseorum
1140 1093 1251 1120 notat
1285 1085 1392 1132 quod
1426 1084 1485 1120 iu-

171 1142 276 1178 dices
320 1150 501 1190 tempore
544 1142 691 1178 Christi
736 1155 757 1178 a
790 1142 989 1178 iudicibus
1038 1142 1232 1190 temporis
1272 1142 1400 1190 Moysi
1445 1142 1485 1178 in

172 1199 351 1236 moribus
385 1200 603 1237 variantur.

229 1260 276 1294 Et
321 1267 430 1306 patet
476 1270 519 1294 ex
561 1257 690 1294 verbis
736 1258 1012 1305 Chrysostomi
1067 1266 1102 1294 et
1147 1258 1309 1294 racione
1357 1257 1482 1294 vivaci
1501 1265 1775 1300 Sinotacceating

171 1324 365 1363 quantum
400 1324 568 1364 peccant
591 1315 734 1363 prelati
759 1315 879 1352 hodie
903 1315 971 1364 qui
994 1328 1075 1351 non
1100 1324 1312 1363 acceptant
1336 1317 1482 1363 gradus

170 1373 210 1409 in
242 1373 318 1410 isto
351 1373 484 1410 officio
517 1373 592 1409 nisi
626 1382 791 1421 propter
823 1373 970 1409 fastum
995 1382 1032 1409 et
1054 1374 1225 1420 lucrum,
1259 1382 1295 1409 et
1318 1383 1484 1422 propter

173 1433 405 1468 mendacem
452 1444 590 1468 eorum
636 1431 986 1468 conversacionem
1032 1432 1206 1479 populus
1239 1444 1320 1468 non
1366 1433 1482 1467 debet

172 1491 333 1526 credere
366 1489 445 1525 suis
478 1489 732 1526 sermonibus
764 1502 895 1538 neque
927 1489 1018 1526 vite.
1052 1491 1133 1526 Nec
1167 1490 1241 1526 hoc
1274 1490 1402 1525 solum
1427 1498 1483 1526 est

169 1559 307 1583 verum
341 1548 388 1584 de
422 1547 737 1584 mutescentibus
770 1547 917 1595 ydiotis
950 1548 1017 1584 sed
1055 1549 1103 1584 de
1126 1547 1318 1584 fratribus
1342 1547 1409 1595 qui
1443 1560 1483 1583 se

171 1605 381 1642 vendicant
429 1618 511 1642 esse
555 1605 768 1653 precipuos
803 1605 1069 1653 predicantes.
1111 1605 1187 1653 Ipsi
1222 1605 1325 1641 enim
1362 1617 1483 1653 supra

171 1663 320 1700 scribas
370 1672 407 1699 et
458 1663 664 1711 phariseos
717 1663 815 1711 legis
867 1663 1009 1700 veteris
1054 1664 1284 1700 fabulantur
1332 1665 1482 1711 populo

170 1721 340 1758 ludicria
373 1730 492 1770 atque
527 1721 739 1758 mendacia
771 1730 808 1757 et
853 1721 1028 1769 correpti
1063 1723 1110 1758 de
1143 1720 1325 1757 tacencia
1363 1734 1480 1757 evan-

170 1779 261 1826 gelii
295 1779 433 1815 dicunt
465 1781 573 1828 quod
606 1779 781 1828 quelibet
814 1779 956 1815 veritas
980 1778 1087 1815 utilis
1112 1780 1261 1827 populo
1286 1788 1344 1815 est
1367 1791 1482 1816 evan-

170 1836 337 1884 gelium;
373 1846 409 1873 et
441 1837 496 1874 sic
529 1837 668 1874 dicunt
700 1836 896 1885 implicite
929 1838 1036 1886 quod
1069 1836 1324 1873 mendacium
1348 1837 1481 1873 fratris

171 1896 276 1942 apud
311 1897 454 1931 Sarum
488 1897 535 1932 de
569 1896 668 1931 duce
703 1895 935 1932 Lancastrie
969 1894 1041 1931 fuit
1074 1894 1339 1943 evangelium,
1387 1895 1480 1943 quia

171 1965 260 1989 cum
294 1953 509 1989 timentibus
542 1954 667 1989 Deum
702 1953 829 1989 omnia
853 1960 1114 2002 cooperantur
1145 1953 1180 1988 1⁸11
1214 1953 1366 1999 honum,
1400 1965 1480 1989 non

170 2010 335 2047 dubium
380 2011 476 2059 quin
524 2013 572 2047 ad
617 2011 830 2047 utilitatem
877 2011 1040 2048 ecclesie
1082 2010 1186 2047 cedit
1230 2012 1304 2047 hoc
1349 2010 1480 2047 fratris

171 2068 437 2114 mendacium,
483 2081 571 2105 cum
606 2069 873 2105 Antichristus
912 2070 961 2105 ad
995 2068 1208 2105 utilitatem
1243 2069 1408 2105 ecclesie
1442 2069 1480 2104 in

171 2126 359 2162 membris
392 2126 471 2162 suis
505 2128 552 2163 de
585 2136 669 2163 arte
703 2126 902 2163 mendacii
936 2126 985 2162 sit
1019 2126 1242 2172 convictus;
1287 2128 1355 2163 sed
1389 2140 1480 2174 pro-

170 2184 232 2220 cul
263 2197 284 2220 a
318 2184 501 2220 fidelibus
534 2193 576 2220 ut
609 2185 774 2221 audiant
807 2184 968 2221 missam
1002 2184 1134 2221 fratris
1168 2184 1279 2221 cuius
1313 2197 1479 2232 evange-

168 2241 265 2277 lium
299 2250 356 2278 est
388 2242 493 2278 istud
528 2242 801 2289 mendacium3
836 2255 926 2279 cum
950 2251 1082 2279 autem
1114 2251 1196 2278 tarn
1220 2242 1479 2290 pertinaciter

170 2299 284 2336 multi
330 2299 504 2348 religiosi
538 2301 755 2336 defendunt
800 2300 918 2336 hodie
951 2302 1059 2348 quod
1091 2300 1243 2337 licitum
1278 2309 1335 2336 est
1369 2313 1477 2336 men-

168 2357 234 2393 tiri
268 2367 304 2393 et
336 2366 417 2394 tam
452 2366 634 2406 patenter
666 2357 875 2406 implicant
909 2371 949 2394 se
983 2370 1073 2394 cum
1109 2359 1274 2404 mundo,
1320 2358 1477 2395 videtur

170 2416 276 2463 quod
321 2415 501 2452 Christus
545 2428 626 2452 non
669 2417 751 2452 vult
796 2417 906 2464 quod
951 2416 1086 2452 omnia
1131 2429 1208 2464 que
1245 2415 1474 2464 precipiunt

171 2472 304 2509 fideles
338 2473 485 2510 faciant
518 2486 591 2510 nec
623 2475 731 2522 quod
763 2482 983 2522 sequantur
1016 2473 1121 2521 ipsos
1154 2474 1194 2510 in
1228 2473 1419 2512 moribus.

237 2645 262 2673 3.
282 2647 310 2673 A
336 2646 365 2673 in
389 2654 501 2681 marg:
524 2655 546 2673 1.
646 2655 672 2681 7.
694 2646 810 2674 Codd.:
834 2646 1034 2674 medicantum.
1146 2655 1184 2674 12.
1206 2648 1244 2674 B:
1264 2647 1479 2674 subintrarunt

168 2680 262 2708 deest.
360 2689 399 2715 17.
420 2681 449 2708 A
475 2681 505 2708 in
526 2689 639 2715 marga
662 2689 690 2708 2.
781 2681 826 2709 28.
847 2683 891 2708 A:
913 2682 998 2716 apud
1016 2684 1147 2715 sctrum;
1168 2682 1209 2709 ib.
1230 2682 1272 2708 A:
1296 2681 1475 2709 Luncastw.

167 2714 211 2743 32.
232 2716 275 2742 A:
297 2716 484 2743 convinctus.
574 2714 620 2743 36.
642 2716 686 2743 A:
707 2724 741 2743 se
760 2723 826 2743 cum
845 2724 878 2743 se
898 2724 973 2743 cum.

240 2789 268 2819 3.
295 2787 412 2820 Matth.
439 2788 554 2827 XXIII,
584 2798 612 2819 2.
711 2788 762 2819 28.
790 2790 834 2819 At
867 2789 1077 2820 Parliarnent
1108 2789 1148 2820 of
1170 2789 1348 2831 Salisbury
1380 2787 1475 2829 1384.

171 2833 298 2864 (jhron.
326 2834 471 2875 Angliae
500 2833 575 2877 359.
642 2844 693 2877 29.
721 2835 824 2868 Rom.
852 2835 939 2874 VIII,
967 2833 1019 2865 28.

1512 1300 1627 1326 church
1649 1300 1683 1326 of
1705 1308 1754 1326 ces

1541 1335 1588 1361 for
1607 1335 1676 1368 gain
1698 1343 1733 1361 or

1588 1369 1686 1404 pride.

1526 1842 1613 1869 False
1634 1843 1744 1877 charge

1538 1877 1657 1911 against
1678 1877 1728 1904 the

1566 1912 1645 1939 duke
1665 1913 1699 1939 of

1548 1946 1723 1974 Lancaster.
