1986 3289
139 150 211 194 148
735 156 853 188 opus
878 155 1213 188 EVANGELICUM
1229 156 1324 187 Lus.
1351 156 1405 187 111.
1537 144 1642 197 [CAP.
1663 153 1726 181 XL.

419 274 543 310 quare
584 260 766 298 Christus
811 262 1036 297 destrueret
1081 260 1177 297 istas
1220 260 1468 297 substancias
1512 273 1640 308 usque
1678 262 1727 297 ad

417 319 609 356 nichilum
642 318 787 355 virtute
819 331 887 355 sue
920 318 1239 355 benediccionis?
1277 319 1395 355 Nulla
1426 318 1582 354 videtur
1619 318 1728 355 racio

418 377 495 414 nisi
538 386 582 413 ut
626 377 861 424 blaspheme
901 376 1072 422 dicatur,
1120 376 1249 424 ipsum
1290 388 1374 412 esse
1407 378 1534 412 Deum
1577 376 1725 412 malum

418 434 734 471 Manicheorum.
781 436 863 470 Nec
896 443 1063 482 possunt
1096 433 1158 470 isti
1198 433 1362 470 heretici
1396 433 1727 470 istam‘adnichi-

418 492 616 529 lacionem
662 492 950 539 subterfugere,
997 491 1091 540 quia
1136 500 1179 527 ut
1226 492 1374 528 habent
1420 491 1619 527 seminare
1657 494 1762 527 sua5

420 550 651 597 mendacia3
686 558 981 598 consequenter
1003 551 1109 585 Deus
1141 557 1272 597 potest
1305 548 1554 592 adnichilare
1578 558 1729 585 utram-

418 621 495 657 que
533 608 651 645 istam
693 607 943 644 materialem
983 606 1271 651 substanciam,
1315 608 1510 643 servando
1543 606 1729 643 accidens

418 678 585 714 pascens
617 678 777 702 sensum
811 665 973 701 illusum
1007 664 1343 701 irracionabiliter
1375 664 1476 701 sicut
1515 664 1636 712 prius,
1681 666 1728 700 Et

419 737 509 760 cum
543 724 652 759 nulla
684 735 777 771 pars
810 722 972 759 alterius
1003 722 1170 759 istarum
1204 721 1525 758 substanciarum
1550 731 1731 759 servatur

417 782 458 818 in
499 794 669 830 corpore
706 782 768 817 vel
805 781 1000 829 sanguine
1041 780 1217 825 Domini,
1262 779 1502 828 relinquitur
1534 781 1643 828 quod
1682 780 1789 816 sit1o

418 839 626 888 utriusque
671 838 784 875 istius
817 838 1045 875 substancie
1084 837 1365 884 adnichilacio,
1413 846 1456 873 ut
1487 846 1582 874 tunc
1614 838 1729 874 foret.

417 900 507 934 Non
546 897 652 934 enim
694 905 751 933 est
790 896 997 933 fundabile
1036 895 1077 931 in
1116 895 1381 944 grammatica
1418 896 1480 931 vel
1517 895 1730 943 scriptura,

418 956 527 1004 quod
567 955 641 991 iste
680 954 907 991 substancie
947 962 1234 990 convertuntur
1272 953 1312 989 in
1352 966 1497 1001 corpus
1536 962 1605 990 aut
1643 966 1730 990 san-

418 1013 579 1061 guinem
626 1012 782 1049 domini
827 1014 919 1048 Jesu
966 1011 1126 1057 Christi,
1172 1010 1248 1047 nisi
1293 1011 1376 1047 eius
1421 1019 1553 1059 partes
1598 1010 1731 1059 alique

418 1079 688 1117 remanerent,
721 1079 765 1106 ut
797 1079 908 1117 patet
942 1071 990 1105 de
1012 1081 1133 1105 uxore
1157 1070 1258 1105 Loth
1283 1081 1474 1106 conversa
1496 1069 1536 1104 in
1557 1077 1728 1105 statuam
1752 1072 1787 1103 ιδ

420 1129 526 1176 salis,
573 1130 621 1165 de
653 1127 886 1165 hominibus
920 1127 1121 1164 conversis
1154 1126 1194 1162 in
1226 1126 1331 1163 viros
1364 1126 1502 1173 iustos,
1550 1128 1659 1175 quod
1691 1126 1731 1163 in

418 1187 493 1223 ista
540 1186 709 1223 materia
758 1186 928 1221 multum
974 1184 1230 1233 appreciatur
1261 1184 1465 1221 Ysidorus.
1514 1186 1562 1221 Et
1595 1184 1651 1220 sic
1684 1186 1732 1220 de

418 1244 608 1281 omnibus
642 1243 970 1283 conversionibus
1004 1244 1051 1279 de
1080 1243 1226 1291 quibus
1258 1242 1437 1291 loquitur
1468 1242 1567 1278 fides
1600 1242 1732 1290 Scrip-

418 1312 506 1339 ture
552 1314 711 1350 semper
752 1301 913 1350 quidem
961 1309 1094 1337 manet
1138 1301 1441 1337 fundamentum
1487 1309 1629 1336 nature
1672 1301 1733 1336 vel

419 1359 684 1409 personalitas
738 1358 919 1396 conversi
970 1358 1011 1394 in
1064 1358 1237 1399 termino
1292 1357 1578 1405 conversionis,
1638 1357 1732 1406 quia
1748 1371 1790 1392 20

419 1421 525 1455 Deus
563 1430 645 1454 non
683 1426 741 1453 est
783 1425 899 1453 autor
931 1415 1266 1453 annichilacionis
1299 1417 1367 1452 sed
1400 1415 1730 1462 construccionis,

419 1476 509 1513 ideo
543 1478 602 1521 (ut
634 1484 745 1524 patet
778 1474 989 1523 posterius)
1024 1476 1130 1510 Deus
1162 1473 1251 1510 non*
1278 1473 1519 1522 dignabatur
1551 1474 1730 1510 conferre

418 1533 661 1570 humanitati
695 1532 855 1578 Christi,
905 1531 1024 1568 alicui
1068 1532 1250 1580 apostolo
1295 1531 1357 1568 vel
1401 1531 1600 1568 sacerdoti
1639 1540 1731 1568 ante

419 1593 641 1628 secundum
688 1589 958 1627 millenarium
1006 1591 1046 1625 in
1091 1603 1170 1638 quo
1222 1590 1375 1626 solutus
1435 1598 1492 1626 est
1542 1590 1731 1626 sathanas

419 1651 539 1686 talem
572 1649 760 1685 virtutem
795 1648 987 1684 miracula
1020 1647 1206 1684 faciendi.
1749 1650 1788 1681 25

142 1712 386 1753 Howdqesthe
476 1708 591 1744 Unde
644 1706 843 1742 mirantur
887 1705 1050 1754 quidam
1105 1705 1240 1741 fideles
1293 1705 1498 1753 quomodo
1550 1704 1733 1741 diabolus

151 1748 387 1818 ἀάἷζὲηῇᾎζθῐῖἷξ
422 1778 495 1813 pro
540 1766 694 1812 pudore
738 1772 869 1812 potest
913 1763 1062 1811 fingere
1107 1764 1214 1811 quod
1259 1762 1443 1811 discipuli
1483 1761 1542 1798 sui
1586 1761 1734 1798 faciant

153 1817 378 1880 anffiffiffss‘gfn,
421 1822 661 1859 miraculose
685 1831 722 1858 et
744 1820 981 1870 regulariter
1009 1820 1373 1878 transmutaciones
1396 1819 1624 1856 huiusmodi
1648 1819 1733 1856 sine

421 1893 554 1917 causa.
590 1879 773 1917 Christus
806 1879 912 1916 enim
945 1892 1026 1915 non
1059 1878 1198 1915 habuit
1232 1877 1471 1926 generaliter
1502 1877 1729 1925 potenciam

420 1938 518 1975 talia
551 1938 747 1974 miracula
779 1936 967 1983 faciendi,
1001 1949 1090 1973 cum
1125 1936 1250 1973 Marci
1273 1938 1336 1982 VI,
1365 1936 1382 1972 5
1415 1935 1603 1972 scribitur
1625 1936 1731 1983 quod
1751 1937 1791 1969 30

421 1996 602 2033 Christus
624 2008 696 2032 non
715 1995 842 2045 potuit
875 1995 1026 2044 aliquas
1054 1995 1215 2031 virtutes
1244 1994 1295 2030 ibi
1313 1995 1456 2043 facere
1486 1993 1561 2029 nisi
1586 2005 1733 2042 paucos

420 2054 597 2104 infirmos
641 2065 794 2090 curare.
845 2055 974 2090 Causa
1013 2061 1145 2089 autem
1191 2051 1283 2088 talis
1323 2051 1404 2088 ficti
1448 2050 1632 2087 miraculi
1676 2059 1734 2087 est

422 2113 673 2161 blasphema,
726 2110 821 2159 quia
882 2110 996 2159 fingit
1046 2110 1314 2146 Antichristus
1373 2110 1492 2146 talem
1545 2108 1732 2145 virtutem

422 2171 557 2206 datam
605 2168 842 2217 generaliter
890 2168 970 2205 suis
1003 2167 1222 2216 discipulis,
1273 2176 1315 2203 ut
1353 2179 1490 2203 sensus
1523 2165 1731 2203 hominum

158 2234 225 2261 God
249 2233 377 2272 isqtruth
421 2227 567 2264 frustra
600 2236 638 2263 et
671 2226 919 2263 mendaciter
952 2226 1189 2273 illudantur3
1235 2226 1303 2261 sed
1336 2237 1425 2261 cum
1460 2227 1566 2261 Deus
1598 2223 1789 2260 noster35

160 2269 375 2329 {1¹}{e{*(-2'¹(,¹{1‘}t
422 2285 471 2321 sit
502 2285 646 2321 veritas
679 2284 719 2320 in
752 2285 954 2321 abstracto
992 2296 1133 2320 amans
1166 2283 1373 2319 veritatem
1413 2295 1494 2319 non
1527 2291 1583 2318 est
1616 2294 1731 2317 suum

211 2346 324 2364 53⁸⁵&-
423 2342 478 2379 sic
524 2342 709 2390 decipere
758 2341 1009 2378 christianos.
1063 2343 1155 2377 Ideo
1201 2340 1339 2377 dicunt
1383 2340 1546 2388 quidam
1600 2339 1733 2375 fideles

422 2402 531 2448 quod
563 2399 801 2436 Antichristi
847 2399 1032 2447 discipuli
1077 2407 1168 2434 sunt
1208 2398 1248 2434 in
1286 2399 1360 2434 hoc
1398 2397 1561 2434 heretici
1599 2396 1733 2433 stolidi

421 2459 644 2506 plusquam
680 2469 812 2493 mures
836 2466 873 2493 et
895 2457 1045 2505 aliquid
1070 2457 1215 2492 habent
1240 2456 1280 2492 in
1313 2468 1384 2492 sua
1413 2455 1537 2491 delira
1559 2453 1733 2491 stulticia

421 2517 529 2564 quod
569 2515 721 2552 faciunt
767 2515 902 2551 fideles
931 2513 935 2566 Ι
965 2526 1206 2562 cognoscere
1246 2515 1352 2562 quod
1392 2526 1463 2549 sua
1502 2511 1733 2549 benediccio
1773 2515 1858 2556 4¹9‘¹

490 2650 514 2677 5.
536 2651 579 2677 A:
601 2658 656 2677 nec
674 2649 795 2676 habent.
870 2647 896 2675 8.
918 2649 963 2675 A:
985 2648 1146 2675 illusivum.
1226 2655 1269 2674 22.
1291 2647 1330 2674 13:
1353 2646 1549 2686 dignebalur.
1623 2646 1666 2673 1³8.
1688 2646 1732 2673 A:

421 2685 531 2712 heresi.
605 2684 652 2719 39.
674 2684 713 2711 B:
735 2687 764 2710 et
784 2683 929 2719 aliquam.
1003 2682 1047 2710 38.
1070 2684 1113 2710 A:
1136 2689 1326 2718 cognoscere
1345 2685 1443 2708 twme.

496 2778 544 2809 17.
561 2767 612 2798 (Is.
629 2768 795 2798 Isidorum
807 2768 915 2808 Alleg.
933 2768 964 2797 in
981 2767 1184 2807 sac.Sc1-ipt.
1205 2776 1280 2807 pag.
1301 2764 1375 2796 516.
1394 2765 1498 2803 (Edit.
1516 2764 1607 2794 Paris
1623 2762 1732 2801 1601).
