1986 3289
204 193 291 220 CAP.
313 183 466 236 LXXIV-j
580 195 638 225 DE
666 194 979 225 ANTICHRISTO
1010 194 1090 224 Iilss.
1120 194 1140 223 I.

258 301 376 336 Arnen
411 300 494 336 dico
520 300 623 335 vobis
652 300 834 348 quamdin
867 307 935 335 ete.
971 300 1111 335 Libera
1145 311 1212 334 nos
1246 306 1330 334 erat
1363 299 1501 334 intelli-

198 358 334 408 gencia
359 358 460 406 quod
483 358 517 392 in
541 357 645 393 cnznz'
660 370 835 406 paupere
863 357 1040 393 Christus
1062 357 1232 392 esuriens
1259 363 1502 405 pasceretur,

198 416 333 451 siciens
371 422 590 464 potaretur,
640 415 778 463 hospes
821 415 1068 451 induceretur
1107 415 1141 450 in
1175 415 1326 458 lectum,
1379 414 1504 449 nudus

200 473 416 516 vestiretur,
449 473 625 522 infirmus
654 473 889 518 visitaretur,
925 473 1079 508 clausus
1103 473 1138 508 in
1168 484 1325 508 carcere
1347 472 1505 507 haberet

166 527 383 567 5solaciunz
408 530 667 579 colloquentis.
705 531 781 566 Sed
813 542 863 566 ex
895 530 965 566 hoc
997 531 1098 578 quod
1128 530 1319 578 sequitur:
1358 530 1501 573 Quant-

199 588 263 623 diu
296 588 454 637 fecistis
506 588 571 623 uni
600 600 650 623 ex
689 588 760 624 lu'is
794 589 994 636 fratribus
1026 587 1120 623 meis
1158 588 1336 632 minimis,
1390 587 1506 622 michi

199 647 366 694 fecistis,
411 658 483 682 non
530 645 645 681 michi
680 646 920 696 generaliter
953 645 1105 681 videtur
1149 645 1293 681 dixisse
1332 645 1377 680 de
1405 657 1502 694 pau-

193 704 352 753 peribus
394 704 462 739 sed
507 703 552 738 de
598 703 670 738 hiis
700 703 765 752 qui
790 715 984 751 pauperes
1027 703 1166 751 spiritu
1211 703 1381 739 suntad
1413 714 1504 751 quos

198 762 408 797 extendens
441 773 575 796 manus
599 761 776 797 dixerat:
809 761 940 796 Μαῖεν
970 773 1052 796 mea
1085 768 1119 796 et
1140 762 1299 808 fratres
1332 760 1416 806 mei,
1451 761 1507 795 hii

146 828 182 848 10
198 827 284 855 sunt
316 819 379 867 qui
400 819 559 867 faciunt
591 818 822 854 voluntatem
851 818 982 866 patris
1015 818 1097 853 nzei.
1143 819 1223 854 Hec
1254 819 1503 865 Jeronymus.

254 876 420 913 Videtur
453 888 497 912 ex
531 877 604 912 hac
638 876 715 911 fide
749 884 785 911 et
817 887 935 912 sensu
968 875 1171 923 Jeronymi
1205 876 1313 923 quod
1346 889 1426 912 non
1460 888 1502 912 ex

198 934 272 970 hoc
305 934 584 971 accumulatur
618 933 804 970 meritum
830 933 955 969 eciam
980 933 1255 981 predestinato
1280 935 1387 981 quod
1410 933 1504 969 facit

197 992 272 1028 ista
305 1004 368 1028 sex
401 1004 520 1039 opera
550 991 824 1027 misericordie
857 991 1020 1028 cuilibet
1057 991 1265 1039 indigenti,
1301 991 1393 1039 quia
1426 1000 1504 1027 stat

197 1051 304 1098 quod
349 1049 542 1097 prescitus
576 1049 642 1097 qui
677 1058 734 1085 est
769 1050 995 1085 membrum
1030 1048 1180 1085 diaboli
1218 1048 1268 1085 sit
1301 1050 1414 1085 valde
1447 1049 1503 1084 in-

145 1107 334 1155 15digens
380 1116 416 1143 et
448 1109 499 1143 ad
531 1107 850 1143 destruccionem
899 1106 1062 1143 ecclesie
1096 1106 1243 1154 accipit
1275 1106 1351 1143 ista
1384 1108 1502 1143 bona.

196 1166 272 1201 Sed
306 1177 381 1213 que
406 1177 501 1212 rogo
526 1165 731 1201 evidencia
763 1164 794 1201 si
828 1166 948 1201 homo
981 1164 1106 1200 nutrit
1137 1178 1263 1201 unum
1298 1164 1501 1201 diabolum

197 1222 320 1259 filium
354 1222 589 1259 Antichristi
621 1223 704 1271 <qui
738 1231 794 1258 est
828 1223 950 1259 hostis
982 1224 1072 1258 Jesu
1112 1235 1155 1259 ex
1194 1235 1265 1259 sua
1297 1222 1502 1269 stulticia),

195 1280 357 1317 nomine
388 1282 480 1316 Jesu
513 1280 638 1317 nostri
672 1280 739 1328 qui
772 1280 820 1316 sit
853 1289 1066 1328 propterea
1100 1280 1383 1328 premiandus?

253 1339 367 1375 Unde
400 1339 474 1375 hoc
507 1338 755 1386 evangelium
790 1351 870 1374 non
903 1338 987 1374 sine
1020 1350 1141 1374 causa
1165 1338 1335 1386 explicat
1358 1338 1501 1386 quibus

142 1406 181 1426 20
196 1397 277 1437 vult
309 1396 510 1442 benefieri,
543 1406 585 1431 ut
618 1395 757 1432 discoli
797 1396 1069 1432 excludantur.
1116 1396 1322 1441 Quamdiu,
1356 1395 1499 1444 inquit,

191 1460 195 1461 ⁷
195 1454 350 1502 fecistis
374 1455 438 1490 uni
459 1466 509 1490 ex
538 1454 609 1490 hiis
630 1454 833 1502 fratribus
856 1454 948 1490 nzeis
981 1454 1161 1500 minimis,
1197 1454 1312 1490 michi
1330 1454 1497 1502 secfstis.

198 1511 273 1548 Ubi
318 1520 428 1559 patet
480 1524 523 1547 ex
567 1511 716 1559 triplici
764 1511 936 1547 termino
981 1512 1089 1560 quod
1134 1511 1403 1559 predestinati
1434 1511 1501 1560 qui

197 1569 309 1617 egeni
353 1570 509 1605 fuerant
554 1569 593 1604 in
638 1570 714 1605 hoc
747 1570 880 1606 seculo
913 1569 1151 1606 limitantur.
1205 1571 1305 1606 Nam
1339 1569 1501 1618 presciti

195 1639 275 1663 non
308 1636 401 1663 sunt
434 1628 481 1663 de
514 1627 759 1675 cognacione
793 1627 955 1672 Christi,
1002 1640 1091 1663 cum
1133 1639 1175 1663 ex
1215 1627 1500 1663 contrarietate

138 1684 176 1716 25
194 1685 446 1721 voluntatum
471 1697 552 1721 non
568 1689 660 1721 sunt
683 1685 838 1730 fratres,
872 1697 1030 1721 sorores
1065 1693 1132 1721 aut
1166 1694 1313 1721 matres
1338 1684 1498 1729 Christi,

194 1751 236 1778 ut
269 1744 318 1778 ad
351 1755 510 1779 sensum
546 1742 742 1790 evangelii
775 1742 941 1778 Matthei
975 1744 1058 1778 XIII
1099 1743 1214 1790 plane
1248 1751 1369 1790 patet.
1423 1744 1500 1779 Sed

193 1812 283 1836 cum
316 1813 396 1836 non
428 1800 476 1836 sit
501 1800 823 1847 communicacio
846 1800 993 1836 Christi
1017 1802 1067 1836 ad
1090 1800 1225 1847 Belial,
1260 1809 1370 1848 patet
1394 1801 1501 1848 quod

193 1857 246 1893 hii
288 1867 379 1894 sunt
423 1871 444 1894 a
489 1858 648 1894 Christo
697 1858 867 1894 maxime
919 1858 1052 1907 alieni,
1105 1866 1382 1894 verumtamen
1422 1871 1502 1895 non

193 1916 321 1951 audeo
355 1928 544 1961 asserere,
591 1915 684 1964 quia
738 1916 1029 1952 benefacientes
1075 1915 1200 1952 eciam
1247 1916 1429 1963 prescitis
1461 1916 1502 1951 in

136 1974 176 2007 30
193 1973 337 2009 Christi
370 1972 545 2017 nomine,
590 1975 683 2009 dum
718 1973 953 2021 ignorancia
993 1973 1295 2010 excusacionem
1342 1974 1499 2021 accipit,

65 2039 148 2083 432³
192 2039 381 2078 poterunt
416 2029 420 2082 Ι
456 2031 692 2079 promereri.
745 2033 821 2068 Sed
868 2032 1028 2079 quando
1074 2040 1181 2079 patet
1226 2032 1333 2079 quod
1377 2033 1499 2068 homo

192 2088 337 2125 sufficit
370 2089 598 2125 meritorius
644 2089 907 2125 elemosinare
941 2089 1053 2137 alios,
1106 2102 1185 2125 non
1228 2089 1345 2125 video
1386 2102 1498 2126 excu-

192 2146 394 2182 sacionem
439 2146 479 2182 in
523 2146 708 2194 peccatis.
765 2149 813 2182 Et
857 2146 948 2183 hinc
1000 2148 1120 2183 credo
1165 2148 1272 2195 quod
1319 2147 1498 2183 Christus

192 2204 371 2240 oneravit
422 2217 513 2240 suos
570 2204 773 2252 apostolos
829 2217 918 2240 cum
978 2204 1063 2240 istis
1107 2204 1295 2252 operibus
1349 2204 1500 2241 miseri-

136 2261 175 2294 35
193 2262 328 2297 cordie
361 2261 593 2309 corporalis,
628 2263 697 2298 sed
722 2274 811 2298 cum
836 2270 988 2309 septem
1013 2262 1200 2309 operibus
1223 2261 1499 2310 spiritualibus

194 2318 464 2356 misericordie
510 2319 739 2367 pocioribus
787 2329 823 2355 et
863 2319 1108 2356 facilioribus
1153 2320 1497 2367 adimplendum,

193 2377 313 2412 homo
361 2385 495 2413 tamen
529 2386 659 2424 potest
701 2390 743 2414 ex
777 2377 1084 2413 conversacione
1129 2386 1166 2413 et
1211 2377 1398 2425 operibus
1442 2378 1498 2414 in-

193 2433 418 2482 digencium
464 2435 663 2482 probabili
712 2435 942 2471 coniectura
990 2447 1246 2482 cognoscere,
1300 2435 1367 2483 qui
1407 2444 1498 2471 sunt

193 2491 264 2527 filii
290 2491 361 2528 Dei
394 2491 639 2542 imitacione,
673 2501 709 2528 et
741 2492 817 2529 ista
849 2492 1001 2529 noticia
1034 2505 1122 2529 cum
1149 2492 1236 2529 aliis
1269 2492 1415 2528 sufficit
1448 2494 1498 2529 ad

132 2564 177 2594 40
192 2549 294 2585 hanc
327 2550 575 2597 corporalem
602 2550 862 2586 elemosinam
888 2550 1207 2598 adimplendum.
1240 2550 1329 2586 Alia
1362 2559 1495 2587 autem

262 2726 293 2744 11.
315 2718 343 2744 A
364 2718 392 2744 in
415 2726 528 2753 marg:
549 2718 716 2745 Jolzannes.
838 2718 952 2753 37—38.
974 2720 1017 2745 A:
1040 2718 1243 2755 indigentum.

260 2812 290 2844 (J.
317 2802 420 2832 Marci
449 2802 501 2841 III,
530 2801 674 2835 33—35.
703 2803 795 2833 Luca
824 2802 907 2842 VIII,
937 2812 989 2834 21.

1712 185 1786 221 281

1588 306 1719 333 Christ's

1547 341 1688 367 brethren
1709 349 1760 368 are

1553 376 1602 402 the
1624 383 1702 414 poor
1722 376 1752 403 in

1606 414 1705 444 spirit.

1529 1353 1595 1380 The
1617 1353 1780 1387 reprobate

1558 1392 1610 1414 not
1630 1388 1699 1415 akin
1720 1392 1751 1415 to

1597 1422 1711 1450 Christ.
