1986 3289
177 232 264 260 cmv.
288 221 341 275 le
548 235 605 265 1³12*
634 233 947 265 AN'I'lfflrlRlsTO
977 234 1059 265 [AB.
1088 234 1123 265 ιι.
1690 236 1768 273 317

176 342 281 389 quod
307 340 345 376 in
370 340 568 388 scriptura
592 352 704 376 sacra
735 339 923 375 inseritur
946 340 1007 376 vel
1029 348 1189 387 oportet
1220 340 1326 388 quod
1352 339 1481 387 ipsum

175 398 329 435 eveniat
361 398 421 434 vel
454 399 561 446 quod
578 397 765 434 dominus
801 397 1036 441 menciatur,
1071 406 1220 434 etcum
1246 410 1326 433 non
1351 397 1484 433 minus

173 455 386 492 necessitat
430 455 714 503 preordinacio
760 467 805 491 ac
850 463 988 491 eterna
1028 455 1099 491 Dei
1152 455 1310 492 volucio
1362 468 1482 503 quam

174 513 386 561 scriptura,
439 515 605 561 planum
652 513 810 550 videtur
863 514 909 549 de
962 513 1104 549 futuris
1158 513 1324 561 singuIis
1377 514 1485 562 quod

141 571 398 613 finecessaria
430 580 521 607 sunt
553 572 699 607 futura.

711 730 846 772 CAP.
879 730 941 770 X.

230 825 420 874 Sequitur
445 826 485 862 in
507 835 615 862 textu
639 825 853 874 evangelii:
889 826 965 870 Qui
985 826 1124 874 accipit
1144 826 1179 862 si
1199 838 1307 874 quem
1332 826 1485 865 misero,
1546 843 1739 878 Angustiae:

173 897 231 919 me
253 885 410 933 accipit,·
443 885 507 933 qui
527 892 652 920 autem
683 896 742 920 me
764 884 914 932 accipit,
937 884 1076 932 accipit
1091 896 1190 930 eum,
1213 884 1276 932 qui
1290 884 1390 920 misit
1414 896 1484 920 me.
1506 877 1772 948 ssssisfflffisstoffth'ff

229 944 359 989 Super
402 954 481 990 quo
521 941 784 990 Augustinus:
841 942 1001 977 Tantum
1042 954 1086 977 ne
1137 942 1283 977 distare
1321 942 1489 992 intelligi
1553 948 1724 976 Arianism.

117 1014 155 1034 10
172 1000 291 1036 voluit
323 1000 422 1035 inter
453 1012 535 1036 eum
570 1012 678 1048 quem
712 1000 813 1035 misit
847 1007 882 1034 et
919 1012 960 1035 se
1000 1000 1124 1048 ipsum
1168 1007 1348 1048 quantum
1389 1000 1488 1036 inter

170 1070 209 1093 se
240 1058 362 1107 ipsum
397 1066 431 1093 et
463 1059 587 1093 Deum
617 1065 784 1106 patrem.
817 1057 905 1094 Hoc
926 1057 960 1093 si
981 1057 1051 1093 isto
1074 1058 1188 1093 modo
1213 1059 1487 1107 acceperimus,

171 1116 295 1151 nescio
328 1127 420 1163 quos
440 1116 595 1166 gradus
627 1116 728 1164 quod
749 1115 847 1151 absit
879 1115 1116 1151 Arianorum
1145 1128 1254 1151 more
1274 1116 1486 1164 faciemus.

171 1174 235 1209 Illi
265 1173 404 1222 quippe
426 1186 509 1209 cum
543 1174 703 1208 audiunt
736 1173 803 1209 hec
835 1173 1059 1223 evangelica
1094 1174 1209 1209 verba
1242 1186 1307 1209 seu
1342 1174 1488 1224 legunt,

174 1232 306 1267 statim
340 1232 391 1266 ad
424 1232 512 1267 illos
542 1232 697 1281 gradus
729 1231 790 1266 sui
821 1231 1019 1280 dogmatis
1051 1238 1215 1267 currunt
1246 1232 1382 1280 quibus
1416 1244 1489 1267 non

121 1290 386 1325 15czscend1mt
431 1290 482 1324 ad
527 1289 645 1324 vitam
677 1290 746 1325 sed
773 1289 1060 1338 precipitantur
1103 1289 1139 1324 in
1174 1297 1350 1325 mortem.
1390 1289 1488 1325 Con-

174 1347 278 1383 tinuo
324 1346 463 1395 quippe
508 1347 657 1383 dicunt:
707 1347 902 1395 Quantum
948 1346 1156 1395 Apostolus
1177 1347 1260 1396 filii
1303 1347 1419 1383 distat
1468 1359 1489 1382 a

161 1404 266 1454 filio,
298 1404 472 1453 quamvis
506 1405 672 1440 dixerit:
721 1405 798 1448 Qui
840 1405 985 1453 accepit
1027 1404 1061 1440 si
1103 1416 1211 1453 quem
1245 1405 1400 1451 misero,
1433 1417 1492 1440 me

173 1462 323 1511 accipit,
357 1469 503 1497 tantum
544 1463 660 1498 distat
699 1470 734 1498 et
763 1462 876 1512 filius
907 1475 928 1497 a
957 1469 1074 1511 patre
1118 1463 1293 1511 quamvis
1326 1463 1492 1498 dixerit:

181 1520 257 1564 Qui
287 1527 412 1556 autem
447 1532 506 1555 me
537 1520 687 1569 accipit,
726 1520 864 1569 accipit
892 1532 975 1555 eum
1010 1520 1074 1568 qui
1110 1533 1170 1556 me
1202 1521 1315 1557 misit.
1354 1521 1430 1557 Sed
1460 1520 1494 1556 si

118 1592 159 1612 20
175 1579 245 1613 hoc
276 1577 382 1623 dicis,
422 1578 560 1614 oblitus
589 1590 627 1614 es
657 1578 823 1614 heretice
853 1579 1008 1629 gradus
1039 1586 1136 1614 tuos.
1184 1579 1226 1614 Si
1257 1579 1353 1615 enim
1387 1585 1493 1614 tanto

176 1636 382 1671 intervallo
402 1643 569 1684 propter
601 1636 668 1672 hec
693 1636 853 1672 Domini
885 1636 1001 1671 verba
1023 1636 1154 1685 filium
1189 1649 1210 1671 a
1238 1644 1354 1686 patre
1376 1649 1493 1685 quan-

176 1700 254 1729 tum
288 1694 505 1742 apostolum
531 1693 739 1744 distinguis·
761 1707 782 1729 a
803 1693 906 1743 filio,
940 1694 1004 1729 ubi
1019 1694 1221 1742 positurus
1243 1707 1282 1730 es
1306 1694 1492 1743 Spiritum

177 1751 390 1786 Sanctum?
440 1751 650 1787 Exciditne
694 1751 762 1787 tibi
792 1752 894 1800 quod
933 1763 1080 1800 ponere
1131 1764 1214 1787 eum
1259 1753 1360 1788 soles
1406 1759 1495 1801 post

165 1808 328 1858 filium?
359 1808 449 1844 Erit
471 1820 567 1858 ergo
600 1809 680 1858 ipse
702 1810 801 1845 inter
823 1810 1038 1858 apostolum
1069 1817 1104 1845 et
1123 1810 1269 1858 filium,
1310 1817 1343 1846 et
1374 1810 1493 1846 multo

121 1869 159 1901 25
177 1866 343 1915 amplius
372 1866 526 1902 distabit
546 1866 658 1917 filius
690 1868 736 1902 ab
760 1867 934 1916 apostolo
967 1879 1080 1915 quam
1116 1875 1233 1916 pater
1255 1881 1275 1903 a
1298 1868 1387 1917 filio
1434 1867 1494 1903 An

169 1924 284 1972 forte
330 1931 369 1958 ut
415 1924 514 1960 inter
533 1924 665 1973 filium
699 1932 733 1960 et
777 1925 995 1974 apostolum
1028 1932 1142 1973 atque
1173 1926 1274 1961 inter
1293 1926 1427 1975 filium
1460 1933 1495 1961 et

175 1988 327 2030 patrem
362 1989 515 2017 maneat
541 1982 706 2030 paribus
738 1982 957 2018 intervallis
989 1983 1059 2018 ista
1094 1983 1304 2030 distinccio,
1351 1984 1496 2031 equalis

58 2044 141 2084 435⁰
180 2039 253 2075 erit
297 2039 467 2088 Spiritus
500 2037 665 2076 Sanctus
694 2037 697 2091 Ι
727 2040 863 2076 Filio?
907 2041 984 2076 Sed
1028 2053 1094 2076 nec
1139 2041 1209 2077 hoc
1253 2042 1377 2078 vultis.
1427 2042 1499 2077 Ubi

180 2109 277 2147 ergo
311 2109 392 2132 eum
423 2097 595 2145 posituri
631 2098 750 2133 estis?
799 2098 836 2133 si
877 2105 1018 2146 quanta
1050 2099 1193 2134 Filium
1234 2099 1357 2142 Patri,
1391 2107 1496 2134 tanta

124 2159 165 2190 ’ἑο
180 2155 394 2203 apostolum
426 2155 526 2190 Filio
558 2155 594 2190 in
624 2155 858 2191 discrecione
885 2157 1109 2205 supponitis.
1159 2156 1339 2192 Cohibete
1372 2157 1498 2205 itaque

182 2219 308 2247 vestre
334 2213 646 2261 presumpcionis
691 2213 894 2249 audaciam
949 2221 983 2249 et
1027 2214 1062 2249 in
1108 2214 1180 2250 hiis
1224 2215 1351 2250 verbis
1383 2215 1500 2250 nolite

182 2281 342 2318 querere
371 2278 549 2318 quantam
587 2277 621 2306 et
638 2271 732 2306 Filii
751 2279 785 2306 et
807 2271 984 2320 apostoli⁷
1009 2278 1156 2307 tantum
1182 2272 1313 2308 Patris
1337 2273 1499 2321 Filiique

183 2327 423 2363 distanciam.
466 2328 592 2376 Ipsum
631 2328 773 2364 Filium
812 2329 948 2377 pocius
992 2329 1121 2365 audite
1160 2330 1365 2365 dicentem:
1408 2330 1498 2380 Ego

183 2392 217 2420 et
249 2385 369 2421 Pater
400 2398 515 2420 unum
547 2398 691 2422 sumus.
732 2386 803 2422 Ubi
832 2387 981 2422 Veritas
1013 2387 1119 2423 vohis
1152 2387 1251 2423 inter
1281 2388 1497 2437 genitorem

127 2446 166 2479 35
183 2450 217 2478 et
250 2443 486 2492 unigenitum
531 2444 676 2479 nullam
717 2444 902 2480 distancie
931 2445 1183 2493 suspicionem
1231 2446 1396 2494 reliquit,
1437 2446 1501 2481 ubi

181 2501 336 2550 gradus
369 2508 516 2536 vestros
552 2498 734 2539 Christus
767 2503 907 2548 elicuit,
948 2503 1011 2537 uhi
1040 2503 1168 2538 scalas
1207 2509 1357 2539 vestras
1383 2510 1498 2552 petra

184 2558 391 2608 confregit.

255 2687 282 2713 (t.
304 2680 332 2706 A
353 2679 381 2706 iu
412 2688 524 2714 marga
547 2681 752 2717 Augustinus.
856 2689 893 2708 12,
916 2680 1145 2718 Atsaciainus.
1256 2684 1299 2709 28.
1322 2683 1365 2709 A:
1388 2682 1496 2709 mullis.

185 2712 231 2740 30.
252 2715 296 2741 A:
318 2714 349 2741 in
370 2714 464 2741 deest.
555 2714 595 2742 35.
620 2716 658 2742 M:
675 2717 968 2751 suppost'laci'onem.
1061 2716 1108 2743 31).
1129 2718 1172 2743 A:
1203 2717 1295 2743 elicit.

258 2808 288 2838 7.
326 2797 403 2828 Joh.
442 2798 526 2838 XIII,
568 2809 619 2829 20.
782 2811 812 2841 ‹J-
853 2800 885 2830 S.
927 2800 1140 2841 Augustinus
1178 2799 1200 2830 I.
1240 2810 1265 2830 c.
1305 2810 1383 2841 pag.
1421 2798 1496 2832 663.

190 2845 242 2876 33.
267 2843 344 2874 joh.
373 2844 413 2883 X,
443 2846 494 2877 30.
