1986 3289
199 218 279 266 316

217 1323 365 1350 Different
385 1321 476 1348 kinds

250 1358 284 1385 otv
302 1357 441 1384 electiori.

216 1555 345 1582 Iscariot
365 1553 478 1580 chosen

257 1590 304 1617 for
325 1597 340 1615 a
361 1587 441 1623 good

274 1631 418 1660 purpose.

251 2538 342 2564 Proot
364 2536 398 2562 os
416 2535 464 2561 the

264 2571 402 2609 doctrine
424 2571 456 2596 of

275 2610 435 2640 necessny.

805 223 968 254 OPERIS
994 221 1276 253 EVANGELICI
1305 221 1387 251 ΜΒ.
1416 221 1472 252 ιν.
1613 208 1720 261 [CAP.
1743 215 1794 242 lx.

487 329 673 365 divinitas
707 328 855 365 Christi
888 341 1008 375 quam
1044 327 1126 364 eius
1173 327 1401 363 humanitas
1446 326 1647 374 originant
1691 326 1795 362 istud

487 387 664 423 notabile
698 386 984 430 iuramentum,
1018 387 1086 421 sed
1120 386 1227 433 quod
1263 386 1338 421 hoc
1380 384 1651 431 iuramentum
1698 397 1798 420 nun-

489 458 608 493 quam
643 445 832 481 asseritur
856 443 930 479 nisi
955 444 1116 491 quando
1149 442 1328 490 sequitur
1362 442 1505 479 veritas
1544 443 1797 487 annotanda,

489 515 578 539 cum
621 511 754 538 autem
790 502 865 537 hoc
900 502 1134 537 mandatum
1170 499 1317 537 Christi
1363 501 1410 536 de
1457 500 1613 536 locione
1649 501 1795 547 pedum

489 560 537 596 sit
572 559 754 596 fidelibus
787 567 943 595 tantum
977 558 1166 604 notabile,
1201 567 1244 594 ut
1277 557 1456 594 Christus
1496 557 1689 605 exprimat
1718 557 1833 593 eius5

491 626 641 663 notam,
676 617 731 653 sic
765 617 916 665 arguit:
962 618 1051 653 Non
1085 625 1142 653 est
1174 628 1309 652 servus
1341 616 1400 652 vel
1435 616 1640 663 apostolus
1675 614 1802 651 maior

491 689 561 712 suo
595 675 760 711 domino
805 675 865 711 vel
899 674 1093 719 mittente,
1140 675 1208 710 sed
1251 686 1390 710 omnes
1437 672 1607 721 apostoli
1653 672 1801 709 Christi

491 742 581 770 sunt
615 733 697 769 eius
730 733 831 769 servi
865 741 902 768 et
936 734 984 768 ab
1019 744 1064 768 eo
1099 731 1207 768 missi
1255 740 1297 767 ut
1330 743 1373 767 ex
1419 731 1495 767 fide
1539 730 1800 778 supponitur:

492 804 586 839 ergo
619 803 758 827 omnes
804 789 859 826 illi
905 799 941 826 et
986 802 1056 838 per
1100 801 1348 838 consequens
1393 788 1476 825 eius
1521 788 1729 824 inferiores
1763 788 1802 824 in

493 849 627 886 divino
660 848 810 884 iudicio
843 856 935 884 sunt
967 847 1163 884 subdendi
1197 846 1260 883 isti
1293 846 1403 894 operi
1439 846 1666 883 Salvatoris.
1702 847 1801 882 Cum
1825 857 1863 878 10

494 920 587 955 ergo
621 906 800 943 Christus
833 914 914 942 tam
948 905 1155 954 signanter
1187 905 1226 941 in
1260 917 1431 952 persona
1462 904 1625 953 propria
1658 904 1805 940 fecerat

493 965 596 1001 istud
641 977 754 1013 opus,
801 976 939 1000 omnes
973 963 1179 1000 christiani
1224 964 1369 999 debent
1412 961 1517 998 istud
1550 962 1679 999 facere
1712 974 1804 998 con-

494 1031 719 1071 sequenter.
753 1024 800 1058 Et
832 1021 1074 1069 supponitur
1107 1021 1203 1057 fides
1237 1019 1433 1068 assumpti
1465 1028 1672 1067 tamquam
1697 1018 1805 1068 prin-

495 1081 645 1129 cipium
680 1092 750 1128 per
782 1092 822 1116 se
855 1088 1009 1116 notum.
1056 1081 1104 1115 Et
1135 1078 1225 1114 ideo
1259 1078 1464 1126 signanter
1496 1077 1592 1114 dicit
1625 1077 1806 1114 Christus

496 1138 723 1175 christianis
757 1137 1015 1185 generaliter:
1050 1137 1091 1174 Si
1114 1137 1186 1173 hec
1209 1135 1318 1173 scitis
1341 1136 1380 1172 in
1404 1135 1582 1184 practica
1604 1135 1807 1172 fructuose
1829 1135 1864 1167 15

497 1196 721 1234 doctrinam
756 1197 805 1232 ad
838 1207 1004 1244 operam
1038 1194 1293 1243 applicando,
1328 1193 1434 1230 beati
1480 1192 1589 1230 eritis
1633 1193 1665 1229 si
1699 1205 1806 1229 com-

497 1254 702 1303 pleveritis
735 1254 878 1290 horum
912 1254 1075 1289 fructus.

556 1312 740 1349 Secunda
772 1320 869 1348 nota
920 1319 1048 1347 textus
1088 1308 1308 1357 evangelici
1353 1317 1411 1345 est
1450 1309 1497 1344 de
1543 1307 1809 1345 distinccione

499 1370 710 1407 eleccionis
755 1370 1047 1418 apostolorum.
1092 1368 1278 1416 Aliquem
1325 1366 1427 1403 enim
1476 1365 1585 1414 eligit
1630 1365 1810 1403 Christus

500 1430 549 1466 ad
582 1428 853 1476 apostolatum
900 1428 1029 1464 solum
1063 1439 1136 1474 pro
1180 1425 1314 1462 officio
1348 1424 1412 1461 hic
1445 1423 1485 1459 in
1516 1424 1592 1470 via,
1626 1433 1669 1460 ut
1702 1430 1811 1471 patet
1828 1435 1869 1456 20

501 1488 548 1523 de
581 1485 778 1531 Scarioth‚
833 1494 872 1522 et
904 1484 1079 1533 aliquem
1124 1485 1174 1520 ad
1207 1481 1554 1519 beatificacionem
1588 1482 1628 1518 in
1667 1480 1811 1529 patria,

500 1553 543 1580 ut
575 1552 685 1592 patet
719 1545 765 1579 de
790 1542 1002 1579 duodecim
1040 1541 1232 1590 apostolis
1269 1550 1401 1589 preter
1424 1539 1569 1587 ipsum.
1605 1541 1695 1576 Ideo
1721 1551 1810 1575 cum

502 1601 684 1639 Christus
716 1601 811 1637 facit
843 1600 907 1637 hic
941 1600 1192 1636 mencionem
1229 1600 1276 1635 de
1310 1597 1570 1643 beatitudine,
1611 1597 1814 1645 signanter

502 1660 566 1696 hic
599 1658 737 1695 inserit
759 1659 876 1695 istam
903 1658 1146 1694 eleccionem
1181 1658 1231 1692 ad
1265 1655 1553 1693 beatitudinem
1583 1654 1813 1699 limitatam.

560 1719 607 1753 Et
639 1725 748 1765 patet
781 1718 889 1764 quod
921 1729 1002 1753 non
1036 1724 1094 1752 est
1124 1713 1396 1762 repugnancia
1429 1713 1469 1749 in
1503 1712 1710 1761 evangelio
1745 1713 1812 1748 sed
1831 1713 1871 1745 25

501 1774 689 1812 notabilis
722 1773 1007 1811 conveniencia
1056 1773 1356 1820 complexenda.
1405 1774 1485 1807 Nec
1519 1771 1683 1806 dubium
1718 1770 1814 1818 quin

502 1833 650 1869 eleccio
675 1832 861 1869 Scarioth
882 1832 955 1868 fuit
978 1832 1094 1876 iusta,
1129 1843 1217 1867 cum
1249 1838 1404 1866 tantum
1439 1828 1607 1877 profecit
1636 1828 1814 1873 ecclesie,

503 1891 722 1938 aliquando
746 1890 894 1926 directe
918 1898 960 1926 ut
984 1890 1148 1925 ferendo
1164 1888 1316 1924 loculos
1333 1896 1370 1923 et
1386 1886 1463 1923 alia
1481 1885 1702 1922 ministeria
1720 1897 1815 1933 apo-

503 1948 644 1985 stolica
661 1947 834 1996 plurima
849 1947 1034 1984 faciendo
1062 1955 1099 1982 et
1115 1944 1553 1994 aliquandoindirecte,
1580 1952 1623 1980 ut
1647 1943 1815 1979 furando

504 2005 731 2055 pecuniam,
757 2007 967 2054 prodendo
991 2004 1211 2041 Dominum
1238 2012 1274 2040 et
1297 2015 1389 2039 suos
1419 2002 1573 2038 futuros
1597 2001 1816 2049 discipulos
1832 2002 1874 2034 30

505 2064 782 2112 exemplando.
845 2063 1026 2100 Christus
1079 2071 1213 2099 autem
1265 2061 1423 2097 videtur
1474 2059 1580 2096 aliud
1639 2058 1817 2095 notabile

505 2121 713 2170 explicare,
767 2134 857 2157 curn
892 2121 988 2157 dicit
1021 2119 1220 2157 Scariothi
1252 2120 1301 2155 ad
1337 2119 1412 2154 hoc
1444 2117 1636 2166 proficere
1670 2126 1711 2153 ut
1744 2116 1816 2152 im-

505 2181 662 2228 pleatur
707 2179 903 2227 scriptura
938 2178 1084 2215 Psalmi
1129 2179 1196 2214 XL
1240 2176 1335 2212 dicti
1375 2177 1422 2211 de
1455 2175 1616 2212 Christo
1661 2183 1697 2211 et
1737 2173 1816 2210 suis

507 2237 713 2286 discipulis
765 2238 874 2285 quod
928 2236 1111 2284 proditor
1163 2234 1230 2283 qui
1284 2235 1425 2270 edebat
1469 2245 1613 2280 panem
1655 2231 1816 2275 Christi,

507 2297 614 2343 quod
638 2295 885 2343 Augustinus
918 2294 1074 2330 videtur
1098 2292 1316 2340 intelligere
1344 2293 1390 2327 de
1415 2290 1652 2337 Eucaristia,
1686 2289 1814 2337 ipsum
1834 2290 1873 2322 35

508 2353 709 2390 Christum
764 2352 984 2401 proditorie
1037 2349 1289 2388 conculcabit
1353 2358 1390 2386 et
1452 2347 1544 2384 hinc
1596 2349 1814 2384 secundum

508 2411 777 2458 Augustinum
812 2410 993 2447 Christus
1027 2409 1066 2445 in
1100 2407 1305 2456 evangelio
1338 2405 1542 2455 specificat
1583 2407 1690 2454 quod
1734 2404 1817 2452 ipse

509 2478 566 2504 est
600 2470 646 2505 de
680 2481 758 2516 quo
790 2468 966 2516 loquitur
1000 2466 1061 2503 hic
1094 2466 1305 2514 scriptura.

568 2529 615 2562 Et
649 2539 690 2562 ex
716 2527 790 2562 hoc
816 2526 950 2561 fideles
975 2524 1137 2560 eliciunt
1160 2524 1322 2559 terciam
1350 2531 1502 2567 notam,
1533 2520 1682 2557 scilicet
1710 2520 1816 2567 quod

510 2584 646 2620 omnia
670 2596 746 2632 que
763 2583 943 2621 evenient
959 2584 1007 2619 de
1025 2581 1261 2619 necessitate
1284 2579 1486 2626 evenient3
1504 2578 1597 2627 quia
1611 2576 1818 2626 supposito
1832 2590 1876 2620 40

584 2778 601 2795 ι.
624 2770 666 2796 A:
689 2769 873 2805 originavil.
947 2768 973 2794 8.
996 2769 1039 2795 A:
1062 2770 1093 2794 ul
1113 2767 1205 2794 deest.
1299 2766 1336 2792 18.
1360 2766 1386 2792 Α
1408 2765 1437 2791 in
1461 2772 1576 2798 marg:
1599 2769 1627 2789 2Α
1715 2769 1757 2789 22.
1780 2762 1816 2788 ss:

512 2812 549 2830 ae
569 2804 609 2830 IX
627 2804 784 2838 apostolic.
900 2811 948 2836 40.
978 2804 1004 2829 A
1021 2803 1049 2829 in
1067 2809 1179 2836 marga
1200 2809 1223 2835 5
1251 2801 1332 2836 quod
1352 2800 1456 2826 omnia
1478 2806 1535 2834 que
1556 2798 1698 2824 evenient
1716 2805 1819 2823 neces-

512 2840 598 2865 sario
620 2839 766 2865 evenient.
