1986 3289
211 206 300 233 CAP-
321 197 490 250 XXXVII-'l
594 209 650 240 DE
681 209 994 240 ANTmuRisTo
1024 209 1107 241 ΗΒ,
1137 210 1156 240 1.

212 317 286 352 isto
330 315 504 352 termino
561 318 704 352 locus
737 318 912 352 sanctus3
954 316 1092 364 pocius
1133 330 1203 364 pro
1243 317 1341 353 salsa
1375 317 1522 353 ficticia

210 387 330 422 quam
366 387 437 422 pro
472 373 638 410 veritate
671 374 746 419 rei;
781 374 870 410 talis
905 374 1008 410 enim
1045 374 1181 422 refuga
1215 375 1378 411 Christo
1412 384 1520 411 tante

210 432 435 469 contrarius
468 445 549 468 non
583 432 676 468 facit
710 431 885 480 aliquem
919 433 1053 468 locum
1095 441 1278 469 sanctum
1318 434 1386 469 sed
1420 433 1523 469 sicut

210 490 293 538 ipse
337 490 431 526 facit
475 502 516 526 se
559 489 759 526 nominari
802 498 957 539 patrem
1003 491 1275 537 beatissimum,
1329 490 1385 527 sic
1429 491 1522 527 facit

178 548 364 584 5curiarn
408 560 521 584 suam
555 548 784 596 specialem,
830 547 970 584 nidum
1011 547 1159 584 diaboli
1199 548 1371 585 simonie
1403 557 1523 597 atque

210 606 341 642 omnis
382 606 593 647 mendacii,
634 606 768 642 vocari
806 607 940 642 sedem
980 606 1295 643 sacratissimam
1336 615 1373 643 et
1407 619 1523 643 evan-

209 663 356 711 gelium
391 665 538 700 docens
572 664 688 700 istam
729 663 943 711 ypocrisim
979 673 1094 700 vocat
1132 664 1250 701 istam
1284 666 1419 701 sedem
1453 677 1523 712 per

210 722 433 759 antifrasim
466 722 598 758 locum
629 731 813 758 sanctum
844 723 964 758 modo
988 735 1068 770 quo
1092 722 1355 770 probabiliter
1378 723 1524 759 dicitur

210 781 411 816 Herodem
457 789 622 828 propter
666 779 943 816 iusiurandum
999 788 1035 815 et
1074 780 1193 816 simul
1226 780 1523 817 discumbentes

157 850 194 870 10
210 840 256 874 de
290 837 458 874 dacione
491 838 631 886 capitis
662 837 857 874 Johannis
891 837 1115 874 Herodiani
1150 839 1391 875 contristari.

266 897 365 932 Sunt
405 904 538 932 autem
585 895 699 944 signa
739 896 817 932 alia
850 908 927 944 que
962 895 1059 932 fides
1098 896 1295 944 scripture
1329 898 1377 933 de
1408 896 1521 933 Anti-

209 953 358 990 christo
411 953 596 1002 exprimit
649 966 726 1002 que
778 962 945 1002 possunt
998 953 1067 990 tali
1120 955 1256 1002 refuge
1310 954 1520 1003 applicari,

207 1012 381 1060 primum
427 1013 534 1060 quod
568 1013 787 1048 secundum
832 1012 1071 1060 Apostolum
1106 1014 1138 1048 Il
1175 1014 1355 1049 Thessal.
1395 1014 1461 1058 ΠΟ,
1495 1026 1520 1059 4

206 1069 476 1106 Antichristus
521 1070 727 1106 extollitur
763 1082 880 1119 super
918 1082 1029 1106 omne
1073 1071 1176 1119 quod
1214 1071 1355 1107 dicitur
1393 1072 1522 1115 Deus,-

155 1130 245 1164 [δεῖ
277 1127 310 1164 si
344 1141 448 1176 papa
480 1130 555 1165 hoc
587 1127 725 1164 fecerit
758 1127 1020 1164 conformiter
1060 1128 1117 1164 rei
1150 1137 1269 1176 geste,
1312 1128 1520 1177 probabile

208 1194 264 1222 est
297 1187 406 1234 quod
438 1186 522 1234 ipse
554 1198 674 1234 super
707 1186 911 1222 Christum
945 1187 1158 1232 extollitur,
1211 1186 1280 1235 qui
1320 1195 1378 1223 est
1410 1199 1520 1223 omne

206 1245 309 1293 quod
341 1244 483 1280 dicitur
510 1245 631 1291 Deus,
665 1256 755 1280 cum
785 1244 881 1280 talia
913 1243 1121 1292 privilegia
1155 1244 1367 1282 mendacia
1399 1253 1519 1293 atque

206 1302 405 1350 promissa
449 1315 531 1338 non
581 1311 715 1350 posset
760 1302 941 1339 Christus
995 1303 1089 1339 dare
1142 1302 1332 1339 divinitus
1384 1315 1516 1351 neque

205 1360 451 1407 humanitus,
486 1359 580 1409 quia
612 1360 943 1408 impeccabilitati
976 1372 1045 1397 sue
1067 1369 1264 1409 repugnat
1288 1362 1397 1410 quod
1419 1361 1516 1398 talia

148 1430 189 1451 20
205 1418 414 1458 autorizet.

263 1478 375 1513 Unde
398 1489 480 1513 non
510 1477 629 1513 habet
659 1489 702 1513 ex
734 1476 934 1524 scriptura
967 1476 1249 1513 auctoritatem
1276 1476 1371 1513 talia
1397 1478 1515 1513 bene-

203 1534 292 1571 ficia
336 1534 605 1571 ecclesiastica
644 1534 850 1582 parciendi
888 1533 964 1570 nisi
1011 1547 1055 1570 ex
1087 1534 1155 1571 illo
1197 1536 1300 1571 Luce
1332 1536 1412 1580 ΧΙΙ,
1454 1548 1514 1581 14,

202 1593 362 1640 quando
396 1592 559 1641 quidam
593 1592 718 1628 voluit
743 1591 947 1628 Christum
981 1591 1084 1629 inter
1115 1592 1246 1640 ipsum
1281 1601 1318 1630 et
1349 1593 1513 1629 fratrem

201 1663 316 1686 suum
342 1650 606 1687 hereditatem
631 1650 821 1701 dividere,
854 1650 1035 1687 Christus
1063 1651 1291 1698 respondit:
1332 1650 1365 1686 O
1386 1651 1514 1696 homo,

145 1709 281 1757 25quis
314 1721 373 1745 me
405 1709 598 1745 constituit
636 1709 798 1744 iudicem
837 1716 903 1744 aut
943 1708 1153 1745 divisorem
1186 1721 1303 1758 super
1335 1708 1432 1744 vos?
1466 1710 1514 1745 Et

202 1778 338 1803 revera
378 1779 421 1803 ex
453 1766 529 1803 isto
574 1775 682 1803 textu
713 1775 826 1814 potes
860 1766 1003 1803 elicere
1047 1767 1156 1814 quod
1188 1779 1296 1817 papa
1337 1766 1445 1802 dehet
1477 1767 1513 1802 in

202 1825 329 1875 magis
375 1825 597 1874 periculoso
643 1837 734 1861 casu
782 1831 1033 1861 concernente
1074 1825 1239 1860 salutem
1285 1824 1412 1860 anime
1454 1836 1512 1861 Se-

201 1883 367 1918 cundum
418 1883 558 1919 stultas
610 1882 872 1934 obligaciones
918 1890 954 1918 et
1000 1883 1260 1931 infundabiles
1311 1883 1357 1918 de
1403 1882 1512 1918 bene-

188 1940 295 1989 ficiis
326 1940 594 1977 ecclesiasticis
626 1941 757 1977 taliter
783 1941 998 1990 providere
1029 1953 1111 1977 non
1144 1941 1264 1977 habet
1297 1939 1512 1977 scintillam

143 2001 184 2033 30
200 1997 403 2035 evidencie
436 1999 486 2035 ad
520 1999 785 2035 colorandum
820 1998 1085 2046 cupiditatem
1118 1997 1368 2037 Antichristi.

258 2057 442 2093 Secunda
466 2056 650 2093 condicio
665 2056 901 2093 Antichristi
926 2065 983 2093 est
1000 2058 1109 2105 quod
1133 2056 1217 2105 ipse
1241 2055 1513 2105 presumptive

198 2114 239 2150 in
284 2114 592 2162 derogacionem
647 2115 743 2162 legis
792 2114 954 2151 Domini
1008 2114 1265 2151 constituitur
1308 2114 1512 2162 legislator

199 2172 306 2209 iuxta
339 2172 437 2208 illud
468 2172 616 2209 Psalmi
639 2173 703 2222 IX,
735 2183 800 2208 21:
841 2172 1035 2208 Constitue
1058 2173 1223 2208 Domine
1246 2172 1512 2223 legislatorem

198 2242 315 2279 super
358 2243 432 2267 eos.
475 2231 606 2266 Sciant
647 2238 783 2281 gentes
826 2231 1002 2279 quoniam
1036 2230 1208 2267 homines
1249 2238 1348 2267 sunt.
1396 2231 1514 2276 Quod

143 2289 421 2325 &secundum
455 2288 724 2336 Augustinum
770 2297 807 2325 et
846 2288 945 2325 alios
984 2297 1144 2324 sanctos
1184 2289 1231 2324 de
1264 2287 1513 2324 Antichristo

200 2346 426 2394 exponitur.
471 2348 519 2382 Et
551 2348 726 2383 secunda
757 2359 850 2394 pars
881 2358 1018 2382 versus
1058 2345 1206 2394 poterit
1238 2345 1294 2382 sic
1327 2357 1422 2382 sane
1455 2345 1513 2381 in-

199 2404 324 2452 telligi
356 2405 464 2453 quod
499 2412 634 2452 gentes
668 2416 855 2441 converse
888 2405 938 2440 ad
973 2403 1175 2440 Christum
1210 2416 1348 2440 verum
1383 2405 1511 2439 Deum

201 2470 237 2498 et
268 2475 408 2499 verum
441 2461 645 2499 hominem
673 2463 817 2498 debent
843 2473 1084 2510 cognoscere
1108 2461 1301 2510 quoniam
1328 2461 1511 2497 homines

198 2529 302 2567 sunt,
335 2521 411 2557 hoc
445 2529 515 2567 est,
550 2520 786 2568 dignitatem
821 2520 996 2556 humane
1029 2528 1172 2556 nature
1205 2520 1255 2556 ad
1284 2518 1510 2567 ymaginem

138 2584 183 2615 40
198 2577 270 2614 Dei
309 2578 410 2615 facte
449 2586 487 2615 et
524 2591 605 2614 non
649 2579 769 2614 stulte
812 2590 942 2626 neque
986 2577 1188 2625 superflue
1228 2589 1269 2613 se
1314 2588 1512 2625 exponere

198 2839 204 2845 ὁ
267 2814 287 2834 ῐ.
307 2807 351 2834 A:
368 2806 480 2842 pocius
498 2806 598 2833 twice.
673 2805 700 2833 8.
722 2805 759 2832 B:
783 2805 973 2841 antifresim.
1050 2813 1089 2839 17.
1114 2805 1160 2831 A:
1177 2804 1369 2841 pravilegia.
1424 2802 1463 2831 31.
1483 2804 1513 2831 A

197 2848 228 2868 m
249 2849 364 2876 marg.:
383 2847 412 2868 2.

1738 202 1809 238 135

1568 324 1659 361 Ἠοί)7
1681 325 1776 359 place*

1564 367 1632 395 may
1655 360 1689 385 be
1713 360 1788 386 used

1583 394 1755 430 ironically.

1589 903 1657 930 The
1679 912 1758 938 pope

1548 939 1643 965 exalts
1664 939 1788 965 himselt

1554 973 1651 1000 above
1671 974 1707 1000 all
1729 974 1793 1000 that

1548 1009 1573 1035 is
1593 1008 1689 1035 called
1711 1007 1791 1035 God.

1576 1482 1623 1510 He
1643 1484 1699 1511 has
1720 1492 1760 1511 no

1540 1519 1695 1554 authority
1715 1519 1795 1546 from

1565 1553 1724 1588 Scripture
1744 1559 1774 1581 10

1616 1588 1722 1615 confer

1589 1623 1749 1650 benefices.

1581 2063 1625 2090 He
1646 2065 1752 2091 makes

1587 2098 1715 2127 himself
1731 2108 1748 2126 a

1568 2134 1714 2169 lawgiver
1732 2134 1763 2162 in

1581 2169 1699 2203 despite
1719 2169 1754 2196 of

1571 2203 1670 2231 God⁷s
1690 2204 1759 2231 laW.
