1986 3289
182 196 271 225 CAP.
293 187 415 241 LXXI]
559 198 618 229 DE
645 197 958 229 ANricnRisTo
987 198 1069 228 LIB.
1097 197 1119 228 1.

181 306 231 341 ad
263 305 455 341 laborem.
506 304 623 340 Tales
656 303 761 339 enim
806 303 989 339 videntur
1030 302 1227 350 recepisse
1260 304 1485 339 mercedem

181 362 222 398 in
253 362 328 409 via,
377 370 414 398 et
446 361 535 397 ideo
567 373 712 397 vanum
757 360 913 397 videtur
961 372 1027 397 eos
1071 369 1285 408 propterea
1318 360 1487 396 beatitu-

182 419 315 456 dinem
349 418 389 455 in
413 418 541 467 patria
567 427 791 466 expectare3
826 427 863 454 et
897 418 972 454 hoc
1006 418 1156 454 faciunt
1179 417 1392 466 religiones
1416 417 1488 454 iste

180 489 281 513 vane
333 489 410 525 que
454 476 694 512 necessitant
738 484 871 524 partes
916 488 1008 512 suas
1041 475 1270 512 mendicare
1304 489 1376 523 pro
1409 476 1488 511 suis

149 534 297 572 §sociis
330 534 453 580 dorni,
486 534 553 570 ubi
586 533 730 582 singuli
762 533 864 570 sicut
896 533 936 569 in
969 541 1075 570 statu
1098 533 1332 570 innocencie
1365 546 1489 581 quan-

181 600 265 628 tum
305 594 354 628 ad
399 592 589 628 alimenta
634 600 671 627 et
715 600 942 639 tegumenta
996 591 1224 627 sufficerent
1267 590 1340 627 sibi
1379 591 1488 639 ipsis.

184 652 265 686 Nec
299 658 356 686 est
389 649 498 686 aliud
530 649 717 685 meritum
753 661 795 685 ex
828 661 899 684 sua
932 649 1247 696 conglobacione
1271 649 1347 685 nisi
1381 650 1489 697 quod

182 706 387 743 fortificari
421 715 513 743 sunt
545 707 585 742 in
616 706 795 755 ypocrisi
828 715 865 742 et
897 706 1073 754 peccatis
1097 706 1183 742 aliis
1216 715 1258 742 ut
1290 706 1367 743 sint
1391 719 1488 754 pau-

182 764 343 812 peribus
368 764 581 812 dupliciter
604 764 776 802 onerosi.
811 767 891 800 Nec
925 763 1090 800 dubium
1126 764 1221 813 quin
1253 772 1490 812 putrescunt

129 822 222 860 min
255 822 428 870 peccatis
475 822 656 870 pluribus
701 834 743 858 ex
788 821 857 858 tali
891 821 1220 870 congregacione,
1275 834 1364 858 cum
1411 822 1491 858 sint

181 880 316 916 fenum
356 879 482 916 viride
516 892 557 916 ex
597 879 861 916 ordinacione
895 879 1042 916 Christi
1081 879 1121 915 in
1154 880 1305 928 populo
1339 879 1491 928 dispar-

182 939 370 985 gendum.

661 1085 798 1126 CAP.
829 1085 1009 1127 LXXI.

240 1178 429 1227 Sequitur
461 1179 501 1215 in
533 1187 641 1215 textu
680 1179 866 1216 Matthei:
899 1179 1093 1216 Accedens
1123 1187 1250 1216 autem
1283 1180 1346 1229 qui
1376 1193 1490 1216 unum

129 1244 164 1275 15
181 1238 364 1273 talentum
397 1245 611 1286 acceperat,
652 1238 726 1273 ait:
773 1238 952 1284 Domine,
995 1237 1073 1273 scio
1105 1238 1191 1286 quia
1224 1238 1337 1274 homo
1371 1239 1492 1274 durus

182 1307 232 1342 es,
277 1295 385 1331 metis
416 1295 479 1331 ubi
509 1307 581 1331 non
608 1295 816 1341 seminasti,
850 1303 885 1331 et
916 1307 1140 1345 congregas
1182 1296 1244 1331 ubi
1272 1308 1344 1332 non
1377 1308 1490 1344 spar-

181 1353 285 1389 sisti:
317 1359 351 1388 et
383 1352 518 1388 timens
550 1353 627 1389 abii
657 1360 693 1389 et
724 1353 910 1389 abscondi
940 1353 1125 1389 talentum
1155 1360 1259 1389 tuum
1293 1354 1328 1389 in
1362 1361 1493 1389 terra:

182 1410 284 1446 Ecce
315 1410 431 1447 habes
467 1411 571 1459 quod
609 1418 714 1446 tuum
748 1418 813 1446 est.
868 1411 1119 1459 Respondens
1156 1418 1282 1447 autem
1316 1411 1492 1447 dominus

183 1468 262 1504 eius
308 1468 409 1504 dixit
455 1468 507 1504 ei:
551 1469 672 1504 Serve
704 1469 805 1504 male
843 1476 878 1504 et
904 1469 1036 1518 piger,
1081 1469 1228 1505 sciebas
1271 1469 1358 1518 quia
1392 1476 1490 1505 meto

127 1542 168 1563 20
184 1525 247 1561 ubi
289 1537 360 1561 non
404 1526 548 1562 semino
593 1533 628 1562 et
660 1538 863 1576 congrego
896 1526 960 1561 ubi
996 1538 1068 1562 non
1100 1527 1240 1575 sparsi.
1311 1526 1493 1576 Oportuit

184 1595 280 1633 ergo
313 1590 348 1619 te
375 1583 578 1632 pecuniam
624 1596 748 1620 meam
782 1584 1023 1620 committere
1060 1584 1329 1620 nummulariis
1363 1592 1397 1620 et
1429 1596 1490 1620 ve-

184 1641 289 1676 niens
321 1652 394 1690 ego
428 1641 656 1690 recepissem
690 1642 817 1690 utique
848 1642 951 1691 quod
983 1654 1107 1677 meum
1142 1650 1197 1678 est
1229 1655 1313 1678 cum
1349 1642 1488 1679 usuris.

243 1699 371 1746 Super
403 1712 482 1747 quo
505 1701 762 1746 Jeronymus:
805 1700 901 1735 Vere
932 1699 1003 1735 lioc
1033 1700 1220 1748 scriptum
1253 1707 1309 1736 est
1340 1700 1392 1735 ad
1423 1711 1491 1735 ex-

185 1757 374 1792 cusandas
397 1757 670 1793 excusaciones
701 1757 737 1793 in
765 1757 956 1806 peccati57·
988 1757 1107 1793 eciam
1141 1758 1227 1793 huic
1258 1769 1372 1794 servo
1405 1769 1489 1793 con-

128 1820 167 1852 25
185 1813 275 1864 tigit
319 1821 358 1849 ut
400 1815 451 1850 ad
488 1814 702 1865 pigriciam
736 1822 771 1851 et
803 1815 1086 1865 negligenciam
1130 1816 1309 1864 superbie
1348 1827 1493 1864 quoque

185 1871 328 1907 crimen
361 1872 570 1908 accederet.
624 1872 701 1916 Qui
729 1880 856 1908 autem
890 1872 1016 1908 debuit
1047 1873 1277 1921 simpliciter
1307 1873 1491 1908 inerciam

185 1929 361 1978 confiteri
381 1937 415 1965 et
440 1942 558 1966 orare
574 1930 919 1979 patremfamilias,
944 1942 962 1965 e
984 1931 1182 1966 contrario
1206 1930 1494 1979 calumpniatur

185 1994 220 2022 et
252 1987 342 2022 dicit
384 1999 424 2023 se
463 1988 652 2036 prudenti
670 1988 817 2036 fecisse
849 1988 1020 2034 consilio,
1065 2000 1110 2023 ne
1154 1988 1243 2023 dum
1290 1988 1399 2024 lucra
1428 1999 1493 2037 pe-

186 2044 294 2080 cunie
323 2052 503 2093 quereret
534 2045 652 2081 eciam
687 2046 733 2081 de
764 2053 870 2082 sorte
894 2045 1203 2094 periclitaretur.
1245 2046 1495 2095 Respondens

129 2109 169 2141 30
186 2109 312 2137 autem
347 2102 523 2138 dominus
556 2103 635 2139 eius
668 2103 768 2139 dixit
799 2103 852 2138 ei:
885 2104 1006 2139 Serve
1037 2104 1140 2139 male
1172 2110 1239 2139 etc.
1280 2104 1394 2147 Quod
1420 2116 1493 2152 pu-

186 2166 340 2194 taverat
370 2172 409 2196 se
436 2172 513 2209 pro
546 2160 799 2197 excusacione
844 2161 990 2197 dixisse
1034 2161 1070 2196 in
1103 2161 1256 2210 culpam
1285 2161 1493 2210 propriam

187 2217 362 2252 vertitur.
389 2218 535 2254 Servus
556 2226 682 2254 autem
709 2218 835 2254 malus
857 2219 1092 2267 appellatur,
1124 2219 1211 2267 quia
1236 2219 1493 2267 calumpniam

187 2275 340 2310 domino
371 2274 499 2323 facit;
530 2276 661 2325 piger,
700 2276 786 2324 quia
818 2277 1003 2311 talentum
1037 2276 1157 2312 noluit
1191 2276 1404 2324 duplicare,
1457 2284 1496 2311 ut

186 2332 222 2367 in
268 2332 392 2368 altero
430 2334 617 2381 superbie,
671 2334 707 2368 in
739 2334 863 2369 altero
908 2334 1148 2384 negligencie
1179 2334 1493 2383 condempnetur.

130 2395 169 2429 35
187 2389 240 2435 Si,
273 2390 403 2438 inquit,
436 2391 576 2426 durum
611 2398 645 2426 et
677 2391 872 2427 crudelem
907 2403 988 2427 esse
1020 2404 1079 2427 me
1108 2403 1273 2427 noveras
1304 2399 1339 2426 et
1370 2391 1495 2427 aliena

186 2447 340 2493 sectari,
385 2455 420 2483 et
463 2448 514 2483 ibi
555 2455 698 2484 metere
730 2449 794 2484 ubi
823 2461 896 2485 non
939 2449 1116 2492 severim,
1161 2460 1280 2497 quare
1324 2461 1396 2484 non
1428 2448 1497 2484 tibi

257 2682 294 2711 13.
315 2685 358 2710 A:
384 2684 458 2718 Cap.
480 2683 581 2710 LXIX.
673 2683 714 2711 23.
738 2686 764 2711 A
788 2686 815 2712 in
834 2693 947 2719 marg:
968 2686 1162 2721 Jeronymus
1237 2694 1283 2718 24.
1307 2686 1344 2712 R:
1366 2688 1395 2713 et
1415 2687 1494 2713 huic.

188 2717 308 2753 29-30.
332 2718 447 2745 Codd:
469 2718 865 2753 Respondeas—e1·deest.

263 2811 312 2841 ¹4·
339 2801 458 2833 Matth.
484 2802 588 2841 XXV,
618 2801 764 2843 24—28.

1695 189 1773 237 265

1573 1718 1711 1746 Jerome:

1539 1753 1606 1780 The
1626 1753 1743 1780 wicked

1507 1788 1658 1815 servant's
1673 1795 1783 1815 excuse

1536 1822 1634 1850 added
1656 1826 1687 1849 to
1709 1823 1756 1849 his

1601 1857 1688 1884 fault.
