1986 3289
145 175 219 211 132

157 643 183 670 It
204 643 230 669 is
259 641 399 668 vrobable

156 679 206 704 hat
225 676 248 704 C
276 676 330 703 rist
352 684 416 702 was

150 712 297 745 reterring
317 715 347 737 to
367 710 416 737 the

236 747 327 781 Pope.

182 2431 227 2459 Hc
249 2430 355 2458 stands
375 2430 404 2457 in

166 2466 215 2493 the
237 2466 306 2502 holy
329 2465 420 2501 placev

734 178 852 209 OPUS
878 177 1213 209 EVANGELICUM
1243 176 1325 207 LIB.
1352 176 1406 207 111.
1470 164 1578 218 [CAP-
1600 172 1740 200 XXXV!-

429 285 727 333 cognoscenda.
788 284 902 320 Unde
956 282 1012 319 sic
1070 282 1240 330 legimus
1299 282 1337 318 in
1390 282 1566 330 quodam
1620 293 1741 329 opere

430 341 669 390 magistrali:
718 340 828 377 Licet
871 350 1004 377 autem
1050 349 1177 377 textus
1222 340 1295 376 iste
1340 338 1534 388 evangelii
1579 340 1627 376 ab
1668 352 1741 375 usu

429 400 595 438 ecclesie
636 411 679 435 ex
713 399 870 435 cautela
903 398 1054 435 diaboli
1093 398 1142 434 sit
1180 398 1374 444 sublatus,
1415 406 1552 434 tamen
1585 396 1742 434 indubi-

429 467 561 495 tanter
584 457 668 493 eius
691 469 832 493 sensus
855 469 877 494 a
900 456 1085 493 fidelibus
1109 465 1166 493 est
1195 457 1412 503 notandus,
1447 468 1536 492 cum
1562 455 1742 491 Christus

429 527 585 553 summe
629 514 787 563 sapiens
832 524 869 551 et
907 527 1065 551 summe
1104 514 1316 551 benevolus
1355 526 1423 550 sue
1462 513 1628 550 ecclesie
1667 512 1742 562 ipsi

431 574 615 610 mandat:
655 573 732 617 Qui
762 573 857 623 legit
889 573 1094 623 intelligat.

489 634 543 667 Ex
576 643 656 679 quo
687 630 847 667 videtur
879 631 987 679 quod
1018 630 1200 666 Christus
1233 629 1362 666 innuit
1395 629 1513 666 huius
1548 627 1743 677 evangelii

431 689 650 726 leccionem
697 697 734 725 et
773 689 939 726 mandat
978 688 1062 725 eius
1089 683 1096 742 Ι
1124 687 1460 727 intelleccionem.
1507 686 1604 733 Quis
1650 699 1743 735 ergo

431 747 558 784 fidelis
597 746 803 783 omitteret
841 747 959 784 istam
1000 746 1091 783 talis
1132 745 1311 783 mandati
1350 745 1452 782 tanti
1486 744 1640 782 domini
1671 743 1744 781 im-

432 805 687 854 plecionem?
721 805 814 841 Ideo
849 817 938 841 cum
966 804 1263 853 protestacione
1296 803 1495 852 premissa
1528 802 1624 840 dicit
1655 814 1744 851 pre-

433 863 562 900 dictus
606 862 734 899 fidelis
779 871 990 911 tamquam
1035 862 1110 899 sibi
1154 862 1364 910 probabile
1408 862 1516 910 quod
1562 860 1745 898 Christus

432 920 617 968 intelligit
669 932 740 968 per
778 921 850 957 hec
894 922 1016 957 verba
1055 932 1203 969 papam
1242 919 1322 956 sive
1356 921 1579 956 Romanum
1613 917 1746 967 ponti-

434 979 569 1015 ficem:
619 978 703 1026 ipse
743 978 847 1015 enim
891 987 948 1015 est
980 978 1091 1015 radix
1124 978 1253 1015 tocius
1286 977 1403 1014 huius
1437 977 1607 1022 malicie,
1654 989 1742 1013 cum

434 1036 667 1073 mendacius
706 1049 728 1072 a
766 1037 928 1084 sequela
961 1036 1110 1073 Christi
1150 1038 1384 1085 degenerat3
1432 1035 1515 1083 ipse
1549 1034 1654 1072 enim
1689 1042 1746 1071 est

434 1093 720 1132 abhominacio
766 1094 1034 1132 desolacionis
1082 1094 1122 1131 in
1169 1096 1386 1140 abstracto,
1441 1106 1530 1130 cum
1585 1105 1629 1129 ex
1674 1105 1746 1129 sua

435 1152 601 1201 antiqua
634 1152 795 1189 malicia
828 1152 877 1189 sit
910 1152 950 1189 in
984 1152 1287 1201 perversitatem
1330 1151 1480 1188 diaboli
1512 1151 1744 1187 induratus:

435 1220 492 1248 est
536 1219 669 1247 autem
718 1210 1017 1257 abhominacio,
1071 1210 1166 1259 quia
1210 1209 1311 1246 sicut
1362 1209 1508 1246 veritas
1560 1221 1637 1257 que
1689 1217 1746 1244 est

435 1267 658 1317 adequacio
700 1268 755 1305 rei
795 1269 844 1305 ad
884 1268 1061 1316 primum
1094 1268 1339 1305 intellectum
1375 1276 1431 1304 est
1463 1279 1620 1304 summe
1653 1278 1746 1303 con-

435 1326 627 1371 solabilis,
662 1325 718 1362 sic
743 1326 998 1363 mendacium
1023 1339 1143 1375 super
1167 1327 1306 1363 eadem
1330 1325 1497 1362 veritate
1520 1324 1560 1361 in
1583 1323 1747 1361 homine

436 1385 611 1433 fingente
649 1396 689 1420 se
730 1396 813 1421 esse
853 1397 1056 1420 summum
1092 1384 1243 1421 Christi
1282 1383 1477 1421 vicarium
1510 1384 1658 1419 nedum
1692 1390 1749 1418 est

437 1455 594 1479 summe
627 1441 929 1479 abhominabile
961 1443 1029 1479 sed
1063 1441 1345 1479 abhominacio
1378 1441 1418 1477 in
1452 1442 1668 1478 abstracto.
1702 1442 1750 1476 Et

437 1500 535 1549 quid
572 1509 704 1548 potest
745 1512 828 1537 esse
868 1500 1124 1537 desolabilius
1170 1500 1324 1536 miseris
1364 1499 1449 1536 sine
1495 1497 1750 1547 proteccione

437 1558 637 1595 viantibus
682 1570 803 1606 quam
849 1557 983 1595 videre
1028 1559 1107 1595 tale
1153 1567 1273 1606 caput
1318 1557 1478 1605 dyaboli
1524 1556 1656 1593 dicere
1711 1568 1751 1592 se

439 1629 522 1653 esse
555 1615 702 1653 vicarie
736 1624 856 1664 caput
882 1617 989 1664 quod
1015 1616 1196 1653 Christus
1230 1624 1287 1652 est
1319 1627 1474 1651 summe
1508 1613 1752 1652 consolabile

440 1673 688 1710 mendaciter
739 1673 1033 1722 confingendo?
1085 1676 1170 1710 Hoc
1223 1687 1315 1721 ergo
1359 1682 1416 1709 est
1468 1671 1751 1710 abhominacio

439 1731 703 1769 desolacionis
741 1731 781 1768 in
820 1733 1021 1768 abstracto
1061 1745 1179 1780 quam
1216 1731 1359 1768 Daniel
1392 1730 1657 1779 prophetavit.
1705 1731 1753 1766 Et

441 1789 658 1826 manuduci
692 1798 858 1837 possunt
891 1790 1026 1827 fideles
1058 1790 1099 1826 in
1132 1802 1370 1827 consensum
1404 1788 1517 1825 istius
1551 1787 1751 1825 sentencie

443 1861 512 1896 per
557 1848 797 1896 exemplum,
841 1856 884 1884 ut
928 1847 959 1883 si
1004 1848 1092 1897 quis
1137 1849 1280 1896 hospes
1318 1847 1472 1884 solebat
1512 1846 1553 1882 in
1586 1847 1751 1882 domum

442 1906 560 1942 unius
607 1905 769 1953 patroni
816 1918 1008 1954 prospere
1053 1906 1249 1954 hospitari
1288 1914 1326 1942 et
1365 1905 1551 1941 succedat
1590 1903 1629 1939 in
1662 1904 1752 1940 loco

442 1963 501 2000 sui
541 1963 724 1999 tirannus
764 1963 831 2011 qui
871 1972 1014 2000 tractet
1052 1963 1258 2011 tyrannice
1299 1962 1476 2011 hospites
1509 1961 1549 1998 in
1582 1962 1650 1998 illo
1683 1962 1786 1997 ho-‘’

441 2021 566 2070 spicio
606 2022 871 2070 hospitantes:
918 2034 1051 2058 nonne
1096 2021 1246 2058 diceret
1285 2022 1332 2057 de
1364 2020 1431 2057 illo
1464 2018 1753 2068 patrefamilias

444 2080 552 2128 quod
599 2088 655 2115 est
699 2079 1001 2116 abhominabile
1045 2081 1230 2116 desolans
1278 2079 1368 2115 loco
1414 2077 1559 2127 prioris
1592 2076 1752 2125 patroni

443 2150 535 2174 suos
580 2137 757 2185 hospites
797 2136 1067 2174 consolantis?
1111 2137 1175 2174 Sic
1219 2137 1382 2173 indubie
1425 2144 1555 2184 potest
1601 2135 1753 2171 intrans

444 2197 609 2231 domum
658 2195 823 2232 ecclesie
867 2196 915 2231 de
954 2208 1059 2243 papa
1097 2195 1229 2232 dicere
1262 2194 1329 2243 qui
1362 2194 1460 2231 falsa
1499 2191 1753 2242 pretensione

444 2262 615 2301 occupat
658 2254 791 2289 locum
833 2252 981 2290 Christi
1031 2254 1138 2301 quod
1177 2261 1235 2289 est
1275 2251 1559 2289 abhominacio
1599 2250 1753 2287 desola-

445 2310 572 2347 cionis
612 2319 648 2347 et
686 2323 767 2347 non
801 2310 1116 2348 misericorditer
1154 2311 1365 2347 consolans
1404 2322 1497 2346 suos
1530 2308 1632 2345 filios
1664 2308 1753 2345 loco

446 2368 606 2405 Christi.

503 2428 590 2463 Stat
634 2435 766 2463 autem
813 2426 851 2463 in
895 2428 984 2463 loco
1023 2435 1162 2463 sancto
1201 2426 1460 2474 intelligendo
1499 2436 1569 2472 per
1606 2424 1753 2470 locum,

447 2484 513 2532 qui
566 2485 785 2520 secundum
839 2484 990 2532 logicos
1049 2493 1104 2521 est
1155 2486 1266 2520 sedes
1329 2481 1567 2531 argumenti,
1620 2482 1754 2518 sedern

1780 703 1866 745 418²

1765 819 1803 840 lo

1767 1097 1803 1130 15

1767 1399 1808 1420 20

1770 1678 1809 1711 25

1771 1979 1813 2001 20

1773 2245 1812 2279 35

447 2541 699 2578 auctoritatis
745 2555 914 2589 summe,
962 2555 1049 2578 cum
1091 2555 1171 2578 non
1209 2542 1338 2578 solum
1379 2540 1510 2577 innuit
1550 2552 1589 2575 se
1627 2539 1816 2577 facere40

447 2599 583 2636 omnia
615 2612 692 2648 que
725 2599 906 2637 Christus
939 2600 1068 2648 potuit
1101 2601 1167 2636 sed
1203 2600 1328 2636 multa
1361 2611 1437 2647 que
1461 2596 1642 2635 Christus
1674 2609 1756 2633 non

447 2657 591 2704 potuit,
645 2666 682 2694 et
727 2657 784 2694 sic
828 2659 1045 2694 secundum
1092 2658 1329 2705 Apostolum
1377 2656 1509 2705 quoad
1555 2654 1754 2704 duplicem

520 2810 546 2836 9.
572 2802 609 2830 B:
632 2802 808 2830 dimitteret.
900 2802 941 2831 23.
966 2803 1003 2830 13:
1023 2802 1126 2830 dicere
1146 2802 1241 2830 deest.
