1986 3289
204 191 253 228 32

184 1110 282 1144 Every
302 1109 397 1136 crime
419 1108 443 1135 is

266 1152 281 1170 a
302 1144 350 1171 lic.

188 1458 363 1494 Hypocrisy
384 1465 441 1484 one

210 1496 240 1520 ot
260 1494 310 1531 the
331 1496 427 1519 worst

270 1535 345 1554 sms,

195 2026 262 2053 The
284 2033 363 2060 pope
384 2024 433 2051 the

214 2063 363 2089 soremost
385 2059 419 2086 of

186 2099 235 2124 tlte
257 2095 441 2131 hypocrites.

782 190 900 222 OPUS
926 189 1261 221 EVANGELICUM
1290 189 1372 220 LIB.
1400 188 1453 220 III.
1554 175 1659 229 [CAR
1682 185 1773 213 LXII-

464 300 519 329 est
550 294 630 342 ipse
654 296 946 339 zmiversorum;
978 295 1028 330 ita
1062 302 1096 330 et
1118 295 1303 331 sacerdos
1319 307 1484 343 peccans
1506 306 1623 343 super
1646 306 1775 330 omnes

458 351 633 399 punitur,
679 365 750 389 non
783 354 907 389 solum
937 359 1104 401 propter
1143 365 1253 389 Suum
1281 360 1483 401 peccatum
1515 352 1584 388 sed
1610 359 1777 401 propter

464 409 646 454 omnium,
680 411 765 459 quia
800 411 879 460 ipse
901 423 1017 447 causa
1049 410 1098 446 sit
1121 411 1293 446 omnihus
1322 411 1373 445 ad
1399 410 1651 459 peccandum.
1685 409 1775 445 Ideo

464 474 589 502 autem
639 481 710 504 non
750 469 873 504 solum
900 468 1115 519 ypocritas
1159 468 1272 513 dixit,
1316 468 1384 504 sed
1427 468 1545 503 eciam
1591 467 1775 517 infideles,

463 525 548 571 quia
580 525 614 560 si
645 538 774 562 onmes
806 526 957 574 quidem
990 526 1178 577 ypocrite
1209 526 1381 575 infideles
1411 533 1511 571 sunt,
1545 537 1616 561 non
1650 525 1808 560 tamen5

464 594 595 618 omnes
627 583 800 633 infideles
822 591 909 619 sunt
932 584 1133 634 ypocrite.
1167 584 1269 619 Ecce
1301 583 1397 619 enim
1430 583 1594 633 gentiles
1626 583 1775 631 quidem

464 639 636 689 infideles
667 649 766 686 sunt,
792 642 981 692 ypocrita
1012 648 1234 676 autemnon
1266 648 1366 687 sunt,
1400 641 1486 689 quia
1521 653 1593 676 non
1615 640 1776 690 fingunt

462 709 502 732 se
534 698 661 734 colere
698 699 910 744 Christum,
951 711 1035 734 cum
1070 711 1142 734 non
1182 699 1308 734 colant
1339 699 1407 734 sed
1439 698 1686 746 manifestum
1721 709 1777 733 se-

464 763 631 803 quuntur
664 769 852 792 errorem.
907 756 1082 805 Ypocrite
1113 764 1238 792 autem
1279 764 1366 792 sunt
1396 756 1510 792 Judez'
1541 763 1576 792 et
1607 755 1776 799 heretici,

463 813 521 848 illi
552 822 676 850 autem
709 814 775 863 qui
803 827 843 850 se
877 815 1006 850 dicunt
1035 815 1192 856 Judeos,
1232 827 1315 850 czmz
1350 826 1422 850 non
1460 821 1560 860 sunt,
1592 814 1660 849 sed
1690 820 1777 849 sunt
1798 826 1835 846 10

462 883 676 922 synagoga
709 879 865 917 satane‚·
908 872 966 907 illi
996 879 1121 907 autem
1162 873 1409 922 qnifingunt
1439 884 1479 908 se
1511 884 1591 908 esse
1623 871 1776 907 christi-

462 941 568 973 anos,
602 942 687 966 cum
709 930 783 966 sint
806 930 1045 975 Anticlzristi‚
1079 937 1214 966 contra
1243 930 1461 965 Christum:
1494 930 1598 972 Item,
1633 929 1667 965 si
1695 929 1778 978 quis

464 988 618 1023 videtur
650 1000 730 1024 esse
763 988 798 1023 in
832 988 990 1023 ecclesia
1024 995 1058 1023 et
1090 996 1185 1038 agat
1223 995 1358 1024 contra
1391 988 1604 1035 ecclesiam,
1649 995 1684 1023 et
1715 987 1778 1023 ille

463 1046 552 1081 talis
575 1046 766 1097 ypocrita
801 1046 943 1081 dicitur
975 1058 1065 1082 esse.
1101 1047 1183 1082 Hec
1217 1045 1499 1081 Crisostomus.

521 1103 721 1139 Faciendo
748 1103 868 1139 finem
904 1104 951 1139 de
984 1112 1161 1139 tractatu
1195 1112 1231 1139 et
1264 1103 1521 1139 sermonibus
1543 1101 1833 1138 Antichristi15

464 1162 774 1209 supponendum
810 1169 868 1197 est
900 1160 1031 1209 primo
1076 1163 1185 1209 quod
1219 1173 1337 1197 omne
1383 1160 1535 1197 crimen
1576 1160 1625 1197 sit
1669 1172 1777 1196 men-

465 1219 639 1264 dacium,
686 1219 780 1267 quia
814 1219 930 1255 aliter
963 1232 1044 1255 non
1078 1219 1178 1255 foret
1212 1218 1428 1266 displicens
1460 1217 1632 1255 veritati.
1686 1219 1778 1254 Ideo

465 1277 537 1312 ista
573 1279 765 1313 mendosa
800 1277 1015 1326 duplicitas
1040 1276 1135 1312 dicit
1169 1277 1365 1313 defectum
1391 1276 1431 1312 in
1456 1277 1531 1313 hoc
1555 1289 1634 1324 quo
1657 1276 1779 1312 homo

465 1334 611 1370 servire
646 1336 788 1371 debeat
820 1335 991 1371 veritati.
1046 1336 1124 1370 Isto
1159 1347 1251 1382 ergo
1285 1334 1494 1382 supposito
1532 1334 1689 1370 videtur
1721 1333 1778 1369 in-

465 1393 674 1429 ferendum
709 1394 816 1441 quod
850 1393 953 1429 inter
991 1392 1127 1429 omnia
1163 1402 1326 1440 peccata
1362 1392 1558 1440 ypocrisis
1582 1392 1630 1428 sit
1653 1405 1776 1428 unum
1796 1405 1837 1426 20

467 1452 514 1486 de
550 1450 744 1487 maximis.
779 1453 879 1487 Nam
916 1464 1004 1487 cum
1039 1450 1079 1485 in
1113 1463 1177 1486 sex
1211 1450 1459 1486 excellenciis
1493 1451 1683 1486 fundatur
1715 1462 1777 1485 su-

466 1508 617 1556 perbia7
653 1518 688 1545 et
722 1509 911 1556 superbia
944 1521 1020 1556 quc
1055 1517 1110 1544 est
1144 1508 1339 1556 ypocrisis
1372 1508 1562 1544 fundatur
1594 1507 1634 1543 in
1666 1520 1779 1544 sanc-

466 1566 579 1602 titate
613 1579 688 1614 quc
723 1575 779 1602 est
811 1579 891 1603 una
925 1568 972 1602 de
1008 1566 1202 1604 maximis,
1256 1567 1420 1613 planum
1466 1565 1623 1602 videtur
1671 1567 1778 1613 quod

466 1624 659 1672 ypocrisis
704 1624 753 1660 sit
800 1624 1055 1660 mendacium
1093 1624 1310 1660 maximum
1352 1632 1389 1659 et
1421 1636 1492 1671 per
1531 1636 1779 1671 consequens

465 1682 514 1718 sit
547 1692 772 1730 peccatum.
826 1684 918 1719 Ideo
951 1682 1107 1718 videtur
1140 1683 1247 1730 quod
1284 1681 1465 1718 homines
1500 1690 1710 1729 peccantes
1744 1689 1780 1717 et
1798 1684 1836 1716 25

466 1740 635 1776 maxime
686 1749 868 1788 tempore
912 1739 1008 1787 legis
1053 1740 1185 1787 gracie
1231 1741 1425 1775 excedunt
1478 1740 1780 1787 quodammodo

467 1807 675 1846 peccatum
702 1798 892 1844 Luciferi3
927 1798 1017 1834 ideo
1041 1798 1245 1845 signanter
1279 1806 1392 1833 notat
1416 1797 1664 1845 evangelium
1689 1809 1778 1833 cum

467 1855 719 1903 exposicione
759 1855 995 1892 Crisostomi
1048 1857 1155 1904 quod
1200 1855 1378 1903 ypocrite
1423 1864 1539 1891 erunt
1572 1854 1781 1902 dampnati

466 1913 703 1962 profundius
741 1914 781 1949 in
825 1914 993 1959 inferno,
1049 1922 1085 1949 et
1130 1914 1185 1949 sic
1230 1926 1322 1961 pars
1366 1925 1467 1961 pene
1506 1912 1777 1961 ypocritarum

468 1972 541 2007 erit
575 1971 748 2008 maxima
782 1981 817 2007 et
851 1971 954 2007 inter
987 1983 1110 2019 penas
1144 1971 1241 2007 alias
1272 1971 1359 2018 plus
1394 1971 1564 2007 intensa.
1797 1983 1838 2005 oo

525 2032 630 2066 Inter
662 2042 854 2077 personas
888 2038 1020 2065 autem
1056 2028 1257 2077 ypocritas
1280 2028 1437 2065 videtur
1470 2029 1673 2065 diabolum
1709 2041 1780 2076 pa-

466 2100 557 2135 pam
593 2099 742 2135 ponere
775 2087 813 2123 in
855 2087 1044 2135 primatu,
1093 2086 1187 2135 quia
1220 2087 1305 2134 ipse
1338 2086 1377 2122 in
1411 2086 1621 2123 sanctitate
1653 2085 1780 2122 falsis-

467 2145 563 2181 sime
598 2145 799 2181 extollitur
834 2157 953 2193 super
977 2145 1201 2189 Christum3
1237 2145 1343 2192 quod
1377 2157 1473 2192 rogo
1509 2144 1635 2180 maius
1670 2155 1777 2179 men-

467 2203 625 2239 dacium
660 2216 780 2251 quam
806 2203 938 2239 dicere
971 2204 1079 2250 quod
1112 2202 1197 2250 ipse
1229 2211 1355 2238 totam
1382 2202 1621 2238 militantem
1655 2202 1778 2237 eccle-

467 2261 580 2312 siam,
634 2261 794 2297 eciamsi
842 2260 928 2308 ipsa
980 2260 1135 2296 infinita
1180 2260 1309 2304 fuerit,
1355 2260 1439 2308 ipse
1484 2261 1588 2296 solus
1633 2258 1834 2295 suffieit35

467 2319 693 2366 evangelice
728 2318 932 2366 regulare?
972 2327 1009 2354 et
1050 2328 1184 2354 tamen
1218 2318 1362 2354 veritas
1396 2327 1452 2354 est
1485 2319 1591 2365 quod
1627 2316 1778 2353 insuffi-

467 2376 736 2412 cientissimus
769 2376 925 2412 videtur
948 2378 997 2412 ad
1031 2388 1071 2411 se
1095 2376 1224 2423 ipsum
1250 2376 1378 2411 solum
1405 2375 1631 2423 evangelice
1665 2387 1777 2422 regu-

467 2435 645 2480 landum,
692 2447 781 2470 cum
827 2433 1023 2482 quidquid
1072 2433 1206 2470 fecerit
1260 2442 1375 2469 sonat
1425 2433 1463 2469 in
1497 2432 1775 2469 extollenciam

467 2492 672 2539 ypocrisis,
708 2501 750 2527 ut
785 2500 893 2539 patet
917 2493 964 2527 de
998 2492 1078 2527 suis
1102 2491 1344 2537 nominibus,
1381 2493 1427 2526 de
1451 2491 1530 2526 suis
1555 2490 1777 2527 concessio-

466 2549 581 2585 nibus
616 2559 734 2597 atque
769 2549 970 2596 operibus.
1791 2554 1834 2585 40

538 2743 556 2761 1.
578 2736 604 2761 A
621 2735 649 2761 in
667 2743 779 2769 marga
801 2734 949 2761 sacerdos
970 2735 1075 2763 honus.
1096 2735 1202 2760 malus.
1286 2742 1317 2760 11.
1336 2735 1377 2760 A:
1394 2736 1425 2760 et
1438 2733 1491 2760 isti
1508 2735 1619 2760 autem.
1694 2731 1729 2760 15.
1747 2734 1775 2759 Α

467 2777 494 2806 in
513 2777 627 2803 marg:
649 2769 815 2796 Johnnnes.
904 2769 944 2796 16.
965 2770 994 2796 A
1009 2769 1037 2796 in
1061 2777 1173 2810 marga
1198 2776 1229 2800 tf
1250 2769 1288 2795 ib.
1311 2769 1354 2795 Ar
1376 2769 1490 2795 crimen
1506 2769 1603 2794 twice.
1690 2774 1729 2801 19.
1748 2768 1776 2794 A

467 2811 494 2829 in
518 2812 618 2837 marg:
643 2810 668 2829 2.
761 2803 798 2830 31.
821 2805 847 2830 Α
869 2804 896 2830 in
920 2811 1033 2838 marg:
1052 2806 1084 2830 η’.
