1986 3289
197 229 287 257 CAP.
309 219 408 273 V111.]
562 232 622 262 DE
648 230 963 262 ANTiCHR1sTo
992 230 1075 261 ΜΒ.
1103 230 1141 261 11.

198 338 247 374 ad
280 338 438 374 laudern
473 336 543 372 Dei
582 345 618 372 et
650 336 861 373 utilitatem
897 336 1062 372 ecclesie
1102 336 1248 372 referre
1293 337 1395 372 dona
1431 348 1507 384 que

198 397 303 431 Deus
337 407 380 431 ex
419 407 488 430 sua
529 394 663 442 gracia
702 394 755 430 eis
789 394 896 429 dedit
918 406 998 430 non
1044 393 1314 441 superbiendo
1348 405 1391 429 ex
1431 393 1507 429 illis

198 452 373 500 acceptis
404 452 634 488 muneribus
667 453 734 487 sed
771 451 1019 500 proficiendo
1044 451 1208 488 ecclesie
1233 451 1304 487 Dei
1329 450 1505 498 graciam

198 518 235 546 et
268 509 435 557 gloriam
476 510 713 545 extollendo.
754 511 802 544 Et
845 510 920 545 hoc
954 510 1070 545 docet
1114 509 1176 545 hic
1222 509 1402 545 Christus
1442 522 1506 545 vo-

164 567 328 604 5cando
360 579 399 603 se
433 567 562 614 ipsum
599 566 832 614 magistrum
869 575 905 602 et
929 566 1152 603 dominum.
1187 568 1263 602 Sed
1297 566 1391 614 quia
1415 579 1507 614 pro-

197 625 391 673 pinquum
422 624 461 660 in
491 624 565 660 isto
599 633 656 660 est
686 624 924 673 periculum,
954 624 1086 660 videat
1130 624 1367 660 christianus
1399 625 1505 672 quod

195 696 275 719 non
314 683 522 719 subtrahat
560 681 709 718 humile
755 681 1032 727 ministerium,
1066 684 1133 718 sed
1173 682 1311 729 pocius
1351 690 1506 729 satagat

195 739 234 775 id
266 740 394 788 ipsum
427 740 597 783 adicere,
636 748 679 775 ut
712 739 898 776 dominus
931 739 993 776 hic
1026 739 1213 776 ostendit.
1255 739 1505 776 Periculosus

194 797 329 846 itaque
374 806 431 834 est
472 798 614 833 modus
660 797 822 834 heretici
881 806 1070 834 truncare
1115 796 1241 833 'fidem
1294 797 1504 845 scripture,

142 866 180 887 10
195 855 391 903 capiendo
414 863 569 903 partem
589 855 672 891 eius
695 856 744 891 ad
766 867 923 891 sensum
942 864 1186 900 extraneum,
1210 864 1365 903 partem
1384 854 1502 891 aliam

195 926 272 961 que
315 925 472 949 sensum
507 913 681 961 priorem
732 921 944 961 exponeret
977 913 1216 958 omittendo,
1262 921 1304 949 ut
1356 913 1504 948 multos

194 970 326 1007 audivi
378 972 665 1018 respondentes
724 972 773 1007 ad
832 971 935 1007 hanc
997 970 1115 1006 fidem
1174 972 1283 1018 quod
1339 970 1504 1019 quilibet

194 1027 434 1065 christianus
473 1030 589 1065 debet
621 1028 733 1076 sequi
767 1028 969 1064 Christum
1011 1028 1051 1064 in
1086 1028 1277 1074 moribus,
1311 1037 1354 1064 ut
1388 1030 1504 1065 docet

194 1086 442 1134 evangelium
475 1085 514 1122 in
560 1087 635 1123 hoc
666 1086 770 1124 loco.
824 1087 909 1131 Que
949 1085 1171 1137 (inquiunt)
1210 1085 1415 1122 evidencia
1447 1094 1505 1122 est

141 1143 225 1180 15si
252 1144 432 1180 Christus
465 1144 520 1180 sic
543 1143 692 1189 fecerit,
725 1153 820 1180 tunc
853 1145 978 1180 debeo
999 1143 1184 1180 faciendo
1215 1143 1348 1180 taliter
1370 1143 1501 1192 ipsum

193 1202 317 1250 sequi,
351 1214 441 1238 cum
474 1214 592 1238 nemo
624 1201 724 1238 alius
756 1210 887 1249 potest
920 1201 1078 1237 Christo
1119 1200 1159 1237 in
1194 1201 1372 1238 moribus
1416 1213 1504 1238 coe-

193 1259 321 1308 quari,
354 1259 444 1296 ideo
478 1260 602 1296 debeo
637 1259 789 1296 deferre
836 1258 1085 1307 prerogative
1119 1258 1267 1295 Christi
1307 1260 1503 1296 servando

193 1316 268 1353 sibi
300 1317 417 1354 istam
451 1316 656 1365 propriam
692 1316 940 1365 dignitatem.

249 1375 365 1411 Tales
389 1375 551 1424 quidem
576 1374 716 1411 discoli
741 1374 889 1411 diaboli
924 1387 1004 1411 non
1020 1374 1276 1411 considerant
1298 1375 1501 1422 quomodo

137 1443 178 1464 20
194 1434 332 1469 Petrus
364 1433 503 1469 volens
536 1432 738 1469 Christum
772 1433 987 1480 precedere
1020 1441 1065 1474 et
1078 1432 1274 1469 voluntati
1307 1445 1375 1469 sue
1409 1445 1502 1469 con-

192 1490 400 1540 tradicere,
434 1490 547 1526 dixit:
594 1491 701 1527 Absit
751 1491 821 1526 hoc
867 1503 888 1526 a
922 1498 957 1526 te
988 1491 1175 1535 Domine;
1217 1491 1285 1527 sed
1319 1489 1501 1526 Christus

192 1548 389 1596 signanda
421 1547 623 1596 sapiencia
657 1550 817 1584 Petrum
842 1547 1037 1596 corripuit
1059 1549 1222 1596 quando
1246 1548 1359 1584 dixit:
1399 1548 1502 1584 Vade

187 1613 277 1655 post
309 1618 369 1642 me
398 1606 574 1642 sathana.
610 1608 699 1642 Non
732 1605 837 1642 enim
872 1607 987 1642 docet
1028 1606 1125 1642 fides
1164 1605 1360 1654 scripture
1393 1607 1502 1654 quod

65 1665 149 1706 435⁸
192 1663 432 1700 christianus
455 1663 599 1712 aliquis
623 1672 841 1712 coequetur
864 1663 1024 1700 Christo
1047 1663 1087 1700 in
1119 1664 1297 1700 moribus
1320 1664 1379 1700 vel
1407 1660 1411 1715 1
1441 1675 1502 1700 ex-

137 1723 175 1755 25
192 1722 324 1770 cellat,
356 1721 449 1770 quia
473 1721 544 1758 scit
569 1723 668 1758 bene
692 1722 800 1769 quod
824 1722 899 1757 hoc
922 1734 1002 1758 non
1024 1721 1185 1770 poterit,
1218 1733 1292 1758 nec
1322 1721 1501 1758 Christus

192 1779 267 1815 hoc
305 1778 488 1827 precipit,
533 1780 601 1816 sed
648 1781 756 1828 quod
798 1779 999 1815 Christum
1035 1779 1075 1815 in
1119 1791 1361 1828 quocunque
1394 1780 1501 1827 quod

191 1836 327 1873 fecerit
344 1836 561 1874 distancius
576 1838 635 1873 vel
652 1837 916 1885 propinquius
934 1836 1125 1873 imitetur.
1145 1839 1224 1873 Nec
1239 1845 1297 1873 est
1312 1836 1501 1884 possibile

193 1906 276 1930 esse
309 1894 569 1931 christianum
595 1894 768 1943 aliquem
805 1894 879 1930 nisi
915 1894 1098 1931 habuerit
1130 1908 1152 1931 a
1175 1894 1336 1931 Christo
1360 1903 1499 1942 poten-

192 1951 293 1988 ciam
328 1953 378 1989 ad
409 1952 542 1989 taliter
574 1954 793 1989 secundum
827 1954 994 2000 gradum
1029 1952 1202 2001 aliquem
1239 1952 1498 1995 imitandum;

135 2013 176 2046 30
192 2009 282 2046 ideo
320 2009 374 2046 hii
404 2010 544 2046 discoli
578 2010 810 2047 Antichristi
850 2023 923 2058 pro
956 2012 1096 2047 eodem
1144 2023 1166 2047 a
1206 2009 1398 2058 magistro
1428 2023 1499 2046 suo

191 2067 395 2115 accipiunt
434 2068 636 2105 Christum
676 2067 716 2104 in
756 2067 934 2104 moribus
973 2067 1123 2105 imitari
1158 2077 1194 2105 et
1233 2067 1306 2104 sibi
1345 2067 1385 2103 in
1423 2067 1500 2104 vir-

191 2125 342 2161 tutibus
376 2125 578 2174 coequari,
612 2126 678 2162 sed
713 2129 787 2162 ista
820 2125 995 2162 stulticia
1019 2125 1169 2162 diaboli
1203 2135 1261 2162 est
1292 2125 1450 2173 supina.

250 2184 364 2219 Unde
404 2179 464 2236 (ut
496 2192 609 2220 notat
641 2183 900 2231 Augustinus)
946 2183 1019 2220 iste
1058 2196 1268 2232 processus
1307 2183 1497 2231 evangelii

192 2240 286 2276 satis
313 2240 472 2277 instruit
516 2242 624 2289 quod
666 2254 747 2277 non
770 2254 982 2290 possumus
1021 2241 1195 2277 Domino
1239 2241 1279 2277 in
1319 2241 1498 2277 moribus

135 2298 380 2346 3¹5coequari
427 2299 492 2334 sed
547 2298 811 2347 propinquius
850 2308 917 2335 aut
963 2299 1162 2336 remocius
1201 2299 1330 2347 ipsum
1371 2299 1496 2347 sequi,

192 2368 280 2391 cum
327 2365 683 2405 quantumcunque
728 2357 894 2393 nitimur
937 2356 1000 2393 hic
1046 2357 1085 2393 in
1117 2357 1191 2402 via,
1238 2369 1317 2392 non
1360 2369 1497 2392 sumus

190 2412 355 2449 omnino
389 2413 472 2450 sine
494 2423 674 2462 peccato,
708 2414 808 2451 sicut
831 2423 989 2463 oportet
1012 2427 1084 2450 nos
1109 2416 1269 2451 credere
1293 2414 1494 2450 Christum

191 2482 287 2506 esse.

246 2528 389 2564 Tercio
413 2541 456 2565 ex
490 2528 604 2565 dictis
639 2529 773 2565 fideles
807 2529 970 2565 eliciunt
1003 2530 1108 2577 quod
1143 2541 1262 2576 grave
1286 2538 1493 2577 peccatum

131 2599 175 2629 40
190 2594 246 2621 est
278 2585 383 2621 istud
417 2588 649 2623 mandatum
676 2587 822 2622 Christi
856 2596 1160 2634 contempnere3
1195 2600 1287 2623 nam
1316 2596 1496 2622 terrenus

260 2738 298 2757 12.
318 2731 346 2758 A
367 2730 396 2757 in
419 2738 531 2765 marg.:
557 2730 711 2757 Obieccio.
786 2738 827 2763 io.
844 2731 871 2757 A
887 2731 917 2757 in
933 2739 1045 2764 marg:
1067 2730 1245 2766 Responsio.
1319 2730 1432 2764 24—25.
1449 2732 1493 2758 A:

191 2766 372 2792 exexcellat.
463 2764 498 2799 39
533 2766 560 2791 A
581 2765 610 2791 in
633 2773 746 2797 marg:
767 2774 799 2799 3.

261 2846 312 2867 22.
340 2836 456 2867 Matth.
482 2837 570 2876 XVI,
599 2838 745 2869 22—23.

1715 234 1794 271 313

1569 872 1748 907 Objection:

1582 907 1671 936 Since
1692 916 1738 935 we

1547 947 1659 969 cannot
1679 943 1765 978 equal

1529 976 1643 1011 Christ,
1665 985 1710 1004 we
1732 986 1782 1005 are

1545 1016 1598 1038 not
1622 1012 1724 1040 bound
1744 1017 1774 1039 to

1565 1046 1669 1074 follow
1692 1047 1746 1074 His

1584 1082 1733 1116 example.

1578 1383 1727 1410 Answer:

1558 1416 1617 1444 We
1638 1422 1751 1445 cannot

1518 1451 1591 1478 rival
1609 1450 1722 1487 Christ,
1738 1453 1790 1480 but

1580 1494 1625 1513 we
1647 1492 1728 1514 must

1522 1520 1637 1548 imitate
1660 1521 1729 1549 l-lim
1750 1530 1784 1549 as

1524 1555 1569 1582 far
1589 1563 1621 1582 as
1642 1564 1687 1583 we
1709 1564 1775 1583 can.

1524 2534 1547 2560 lt
1568 2535 1593 2561 is
1613 2542 1704 2569 grave
1726 2536 1771 2562 sin

1545 2573 1575 2595 10
1596 2569 1753 2603 d1sregard

1521 2603 1581 2629 this
1601 2604 1767 2631 command

1562 2637 1596 2664 of
1613 2638 1728 2665 Christ.
