1986 3289
201 211 288 239 cAv.
313 201 435 254 xtlx]
574 213 631 243 DE
660 211 973 242 AussicufflsTo
1002 211 1083 241 ΜΒ.
1113 212 1135 242 1.
1717 214 1792 249 Ι79

199 327 329 367 preter
369 318 661 365 exposicionem
700 316 849 353 dictam
883 329 904 352 a
942 318 1157 363 jeronymo
1190 317 1321 353 audivi
1356 326 1382 353 a·
1410 330 1507 364 quo·
1539 347 1774 381 interpretation

199 377 290 412 dam
316 376 510 411 moderno
534 383 745 422 reputante
778 387 817 410 se
842 387 924 411 esse
949 373 1193 410 catholicum
1217 373 1271 410 ita
1294 374 1506 422 scriptam:
1540 382 1573 408 ot·
1590 382 1640 408 the
1659 380 1721 408 text
1742 381 1780 417 by

203 434 373 478 Constat,
407 432 549 481 inquit,
595 445 645 468 ex
682 431 897 469 testimonio
935 432 1130 481 scripture
1172 432 1274 480 quod
1310 440 1397 468 sunt
1430 439 1509 468 tres
1575 416 1740 487 {xffssgffin

191 499 326 540 partes
377 491 532 526 ecclesie
582 490 794 535 militantis,
846 490 989 526 scilicet
1028 490 1261 536 sacerdotes,
1314 490 1510 526 seculares

164 548 341 585 5d0nzini
390 556 424 584 et
455 549 708 584 communitas
751 548 1028 583 laborancimn.
1092 548 1328 583 Sacerdotes
1361 556 1508 591 autem,

196 607 263 655 qui
296 606 335 641 in
358 607 482 642 Judea
515 615 618 652 sunt⁷
653 607 727 642 hoc
760 615 830 651 est,
865 605 905 641 in
939 605 1186 641 confessione
1219 604 1371 641 ordinis
1405 605 1508 641 chri-

195 663 311 701 stiani
351 665 495 699 debent
540 665 590 699 ad
635 672 789 700 montes
834 663 980 711 fugere,
1036 664 1111 699 hoc
1144 671 1214 711 est,
1267 664 1316 698 ad
1350 672 1508 699 sanctos
1536 667 1603 708 Tlie
1624 670 1784 709 mountain

195 730 327 770 patres
349 721 459 769 prius
492 730 671 757 mortuos
705 731 740 757 et
772 721 997 769 specialiter
1027 722 1076 757 ad
1110 720 1312 757 Christum
1348 729 1384 757 et
1417 734 1509 757 suos
1577 712 1602 731 ¹⁵
1625 703 1729 732 (ΛΜ

196 780 399 828 apostolos
443 788 481 815 et
525 779 564 815 in
609 779 687 815 fide
720 792 840 828 quam
874 779 949 827 ipsi
988 780 1210 815 docuerant
1255 788 1359 815 stare
1405 779 1509 815 firmi

144 847 233 876 xoet
277 837 529 874 oracionibus
577 850 622 873 ac
662 837 851 885 exemplis
896 849 1033 873 eorum
1078 836 1245 873 viriliter
1289 849 1420 883 agere,
1470 837 1509 872 in

196 895 342 932 Christi
386 895 562 931 remedio
616 904 652 931 et
704 894 906 932 adiutorio
959 894 1199 931 confidendo
1253 894 1359 931 iuxta
1413 895 1509 930 illud

196 952 341 989 Psalmi
366 954 478 998 CXX,
520 966 530 988 1
549 965 556 986 :
591 953 739 989 Levavi
759 954 890 989 oculos
909 965 1012 988 meos
1034 953 1069 988 in
1094 959 1240 988 montes
1263 953 1362 988 unde
1386 953 1510 988 veniat

194 1011 383 1047 auxilium
430 1011 554 1047 michi.
602 1011 736 1047 Sancti
782 1011 886 1047 enim
932 1010 1086 1058 priores
1131 1010 1290 1046 fuerunt
1330 1010 1509 1058 asperius

195 1069 455 1116 corporaliter
500 1069 710 1116 persecuti,
764 1069 831 1105 sed
876 1081 957 1105 non
1011 1068 1192 1104 callidius
1235 1069 1295 1104 vel
1329 1068 1510 1116 asperius

142 1134 178 1166 15
195 1128 327 1174 quoad
359 1135 545 1162 mentem.
579 1126 689 1163 Sicut
722 1139 816 1174 ergo
839 1127 963 1162 Judea
995 1126 1281 1173 interpretatur
1313 1126 1508 1176 confitens,

193 1184 249 1220 sic
293 1184 361 1232 qui
406 1184 648 1220 confitentur
681 1185 886 1221 Christum
936 1192 972 1220 et
1005 1184 1088 1220 eius
1128 1184 1331 1232 sequelam
1369 1193 1508 1220 contra

194 1244 296 1278 hanc
328 1251 477 1278 sectam
511 1241 816 1290 quadruplicem
849 1241 1097 1287 Antichristi‚
1132 1242 1312 1289 exemplo
1346 1241 1438 1278 fidei
1472 1251 1509 1278 et

195 1295 380 1352 celestis}
411 1299 599 1336 adiutorii
643 1300 721 1336 sint
766 1308 1008 1337 constantes.
1057 1301 1103 1335 Et
1149 1300 1199 1335 ad
1240 1299 1345 1335 istud
1378 1309 1508 1347 potest
1529 1303 1738 1339 signification
1760 1305 1794 1333 of

196 1357 422 1394 moralizari
460 1357 627 1394 historia
660 1359 756 1394 Gen.
790 1359 887 1404 ΧΙΧ,
921 1370 958 1403 4,
1008 1358 1043 1403 5,
1089 1357 1156 1393 ubi
1189 1357 1377 1393 scribitur
1410 1370 1507 1406 quo—
1556 1341 1606 1367 me
1628 1344 1712 1402 {31¹5
1733 1341 1768 1367 of

138 1427 180 1449 20
197 1417 316 1452 modo
349 1417 423 1451 a'uo
454 1416 587 1466 angeli
623 1415 691 1464 qui
730 1417 777 1451 de
816 1415 922 1451 facto
955 1415 1115 1451 fuerunt
1147 1414 1320 1451 ministri
1354 1415 1509 1451 domini

193 1473 283 1511 Jesu
316 1473 462 1510 Christi
507 1473 574 1522 qui
619 1475 839 1509 secundum
878 1472 1021 1509 lsaiam
1067 1481 1124 1508 est
1170 1473 1303 1520 magni
1349 1473 1505 1509 consilii

193 1531 356 1579 angelus
401 1540 438 1567 et
486 1532 704 1567 secundum
745 1532 983 1579 Apostolum
1028 1538 1132 1566 tanto
1178 1531 1316 1567 melior
1360 1532 1511 1582 angelis

193 1590 359 1638 effectus,
413 1597 552 1637 quanto
586 1589 827 1637 differencizts
865 1601 935 1637 pre
974 1588 1050 1625 illis
1088 1601 1224 1625 nomen
1258 1589 1511 1633 hereditavit,-

194 1647 261 1694 illi,
315 1647 493 1696 inquam,
547 1648 621 1683 aluo
654 1647 787 1697 angeli
828 1654 1044 1682 narrarunt
1076 1647 1176 1682 Lotlz
1221 1647 1507 1683 subversionem

138 1704 177 1737 25
195 1705 361 1741 Sodonze
392 1712 427 1741 et
457 1705 694 1740 mandarunt
724 1705 797 1741 sibi
826 1705 929 1753 quod
961 1705 1007 1740 de
1039 1705 1110 1740 isto
1138 1704 1315 1753 periculo
1348 1717 1506 1740 suorum

193 1763 406 1812 quempiam
435 1762 716 1812 preimtnirent.
750 1764 835 1810 Ipse
869 1770 1002 1798 autem
1027 1761 1269 1810 premunivit
1292 1763 1393 1798 duos
1416 1775 1508 1798 suos

194 1833 358 1868 generos
391 1829 428 1857 et
461 1829 623 1868 propter
659 1820 856 1856 defectum
897 1819 989 1856 fidei
1020 1819 1180 1856 illorum
1211 1820 1421 1856 videbatur
1453 1820 1507 1856 eis

194 1878 307 1927 quasi
358 1879 499 1914 ludens
542 1877 672 1925 loqui3
719 1887 755 1913 et
801 1890 918 1914 mane
964 1877 1114 1925 angere
1140 1886 1357 1925 coegerunt
1405 1879 1506 1914 Loth

193 1948 355 1972 uxorem
390 1946 426 1972 et
458 1937 556 1972 duas
588 1935 689 1972 filias
722 1935 805 1972 eius
838 1935 941 1972 exire
974 1935 1191 1972 civitatem.
1227 1937 1273 1971 Et
1305 1935 1505 1983 sequitur:

138 2004 178 2027 30
193 1994 287 2030 Noli
323 1994 515 2043 respicere
542 2001 633 2042 post
665 2001 819 2044 tergum
853 2001 958 2029 tuum
992 2006 1058 2029 nec
1089 2001 1166 2029 stes
1198 1993 1234 2029 in
1267 1994 1371 2029 omni
1401 1994 1505 2030 circa

194 2052 351 2102 regione
372 2052 492 2088 sedin
517 2058 642 2088 monte
662 2052 813 2087 salvum
847 2059 882 2087 te
893 2052 981 2100 fac,
1013 2064 1058 2087 ne
1090 2059 1124 2087 et
1146 2059 1184 2086 tu
1208 2051 1324 2087 simul
1350 2063 1503 2100 pereas.

194 2109 269 2146 Ubi
303 2109 432 2157 primo
464 2117 626 2145 notatur
659 2113 716 2156 (ut
750 2109 873 2157 prius)
908 2109 1015 2157 quod
1056 2109 1243 2156 culpandi
1277 2118 1368 2145 sunt
1401 2109 1504 2145 chri-
1546 2113 1651 2140 Those
1670 2119 1770 2141 arcto

194 2167 311 2203 stiani
344 2167 411 2215 qui
443 2179 525 2203 non
558 2168 725 2203 credunt
756 2166 974 2215 prophecie
998 2166 1145 2203 Christi
1179 2167 1313 2214 magni
1347 2166 1504 2203 consilii
1533 2148 1783 2212 brllzrpleisxpelilotgo

194 2224 336 2273 angeli,
371 2238 460 2261 cum
494 2224 702 2272 dampnati
734 2233 826 2261 sunt
859 2226 939 2260 duo
971 2224 1105 2272 generi
1142 2225 1258 2270 Loth,
1308 2224 1402 2273 quia
1434 2238 1505 2261 no·
1520 2220 1569 2246 the
1590 2220 1734 2282 ἓξξὲῑῐῐέἕ
1753 2221 1788 2248 of

138 2282 353 2319 351uerunt
386 2284 547 2319 credere
580 2284 734 2319 duobus
767 2282 916 2330 angelis
934 2281 1184 2318 venientibus
1217 2283 1266 2318 ad
1300 2284 1403 2319 Loth
1436 2282 1504 2331 qui
1556 2297 1758 2325 messengers.

194 2349 286 2376 sunt
330 2340 487 2377 Christo
533 2339 825 2377 ministratorii.
879 2341 1065 2376 Secundo
1116 2348 1257 2376 notato
1298 2342 1503 2389 quomodo

196 2399 296 2434 Loth
329 2407 563 2446 preceptum
608 2407 664 2434 est
702 2406 745 2434 ut
776 2398 816 2434 in
850 2406 985 2434 monte
1017 2398 1139 2434 salvet
1172 2410 1212 2434 se
1244 2398 1388 2446 ipsum,
1432 2411 1504 2435 nec

137 1299 150 1315 d

67 1311 131 1341 422

263 2566 288 2595 3.
308 2569 352 2595 A:
374 2568 422 2595 vel
440 2571 520 2595 sunt.
610 2567 633 2595 5.
654 2568 683 2595 A
704 2568 734 2595 in
750 2576 863 2603 marg:
885 2568 919 2595 A.
1011 2575 1056 2601 27.
1084 2569 1129 2595 A:
1151 2576 1249 2595 nome.
1323 2575 1367 2602 27,
1389 2566 1433 2594 28.
1455 2568 1499 2594 A:

195 2602 225 2629 ei
242 2603 341 2638 quasi.
433 2601 476 2630 32.
497 2603 526 2629 A
546 2602 576 2629 in
598 2610 712 2637 marga
736 2611 759 2629 ι.
849 2601 895 2629 36.
916 2603 944 2630 A
964 2602 993 2629 in
1016 2611 1129 2637 marg:
1152 2610 1179 2630 2.

266 2696 295 2717 2.
322 2686 458 2717 Scilicet
482 2685 640 2718 Johanne
666 2686 805 2728 Wyclif.
834 2686 902 2717 Cfr.
928 2688 1035 2718 Serm.
1061 2687 1117 2717 lat.
1137 2687 1192 2726 IV,
1221 2685 1285 2727 387
1312 2692 1345 2717 et
1371 2686 1395 2717 ll
1427 2685 1502 2724 354,

196 2732 217 2763 l.
246 2742 287 2772 24
313 2739 345 2764 et
371 2743 469 2774 seqq.
566 2742 621 2763 21.
648 2732 723 2763 Ref.
749 2739 784 2763 to
810 2733 1014 2774 Septuagint
1031 2733 1170 2764 version
1196 2732 1235 2763 of
1257 2731 1367 2763 lsaiah
1388 2732 1445 2771 IX,
1472 2730 1503 2763 6.

197 2778 262 2809 Cfr.
282 2779 332 2809 De
352 2778 449 2809 Civili
469 2779 633 2810 Dominio
652 2778 673 2817 Ι,
693 2778 735 2820 67
756 2779 822 2809 and
842 2780 1005 2810 Sermons
1019 2779 1074 2819 lV⁷
1092 2789 1171 2820 427.
1233 2786 1286 2809 22.
1306 2778 1409 2809 Hebr.
1431 2778 1452 2817 Ι,
1470 2788 1502 2817 4.

198 2825 249 2856 30.
277 2824 363 2854 Gen.
390 2825 475 2863 XIX,
507 2835 554 2865 17.

1303 2882 1369 2910 104⁶·
