1986 3289
154 1298 339 1326 confession
362 1307 425 1325 was

158 1339 209 1361 not
230 1333 372 1361 enforced
395 1334 423 1360 in

176 1369 224 1395 the
247 1368 400 1404 primitive

221 1404 346 1431 cliurch.

740 206 857 237 OPUS
883 206 1217 238 EVANGELICUM
1247 206 1329 238 LIB.
1356 207 1412 237 III.
1572 195 1678 248 [CAP.
1698 204 1751 233 IV.

500 312 590 348 Vidi
622 321 755 349 autem
789 311 868 348 iam
902 313 1013 347 tarde
1036 313 1292 359 jeronymum
1326 325 1445 359 super
1477 312 1552 348 isto
1576 312 1752 360 capitulo

442 370 608 407 Matthei
660 371 778 405 XXIII
831 369 942 417 quasi
989 369 1236 417 evangelium
1288 370 1572 406 seminantem:
1635 369 1751 416 Quid,

443 427 586 476 inquit,
616 427 866 473 mansuecius,
888 427 977 475 quid
998 427 1197 477 benignius
1220 428 1386 463 Domino
1410 434 1591 476 temptato
1615 440 1636 462 a
1654 428 1752 476 pha-

443 486 552 522 riseis
596 485 901 534 confringuntur
932 484 1066 520 insidie
1109 497 1242 520 eorum
1282 492 1316 520 et
1347 486 1554 520 secundum
1588 485 1752 521 Psalmi-

441 551 562 579 stam:
606 542 758 592 Sagitte
795 542 1055 590 parvulorum
1090 543 1204 590 facte
1245 550 1333 578 sunt
1364 543 1488 592 plage
1533 555 1678 589 eorum,
1718 549 1752 578 et

442 601 686 637 nihilominus
736 607 903 648 propter
951 600 1168 636 sacerdocii
1219 608 1254 635 et
1304 600 1466 636 nominis
1524 600 1750 650 dignitatem

443 660 624 695 hortatur
661 658 830 706 populos
874 665 913 692 ut
955 657 1191 693 subiciantur
1228 658 1280 693 eis
1312 670 1383 693 non
1417 670 1535 707 opera
1566 659 1635 694 sed
1666 659 1751 693 doc-

442 717 583 753 trinam
616 716 915 751 considerantes.
957 715 1071 759 Quod
1102 722 1226 751 autem
1260 716 1332 751 ait:
1365 716 1491 764 Super
1523 716 1750 752 cathedram

442 775 580 825 llloysi
609 774 791 810 sederunt
821 773 946 808 scribe
978 781 1013 808 et
1038 773 1217 821 pharisei
1242 785 1316 821 per
1347 774 1572 808 cathedram
1607 772 1750 810 doctri-

442 845 527 868 nam
561 832 659 882 legis
691 831 866 867 ostendit.
901 831 1015 880 Ergo
1044 838 1078 865 et
1100 831 1207 866 aliud
1229 832 1330 879 qnod
1352 831 1494 866 dicitur
1515 831 1551 866 in
1575 831 1752 866 Psalmo:

442 890 482 925 ln
515 890 702 926 cathedra
738 888 959 937 pestilencie
1002 901 1074 924 non
1106 889 1224 925 sedit:
1267 889 1319 924 Et
1350 889 1557 924 cathedras
1590 889 1750 924 venden-

440 948 537 984 cium
571 948 768 983 columbas
800 947 936 982 evertit
968 946 1183 982 doctrinam
1217 947 1395 982 debemus
1426 946 1613 995 accipere.
1657 946 1752 982 Alli-

438 1013 536 1055 gant
567 1013 691 1041 autem
725 1017 841 1040 onera
879 1003 1022 1053 gravia
1055 1011 1121 1040 etc.
1166 1004 1254 1040 Hoc
1294 1004 1534 1054 generaliter
1564 1004 1753 1040 adversus

440 1075 570 1099 omnes
601 1063 815 1112 magistros
846 1062 910 1111 qui
938 1062 1108 1112 grandia
1141 1062 1266 1097 iubent
1297 1069 1332 1098 et
1364 1061 1518 1098 minora
1552 1074 1623 1097 non
1646 1062 1752 1110 faci-

440 1129 516 1157 unt.
553 1121 775 1157 Notandum
809 1127 935 1155 autem
968 1120 1070 1168 quod
1102 1127 1136 1155 et
1169 1120 1321 1155 humeri
1350 1127 1385 1155 et
1408 1119 1554 1169 digitus
1576 1126 1610 1154 et
1633 1132 1749 1156 onera

440 1187 475 1215 et
507 1179 658 1214 vincula
690 1178 822 1226 quihus
843 1178 1062 1228 alligantur
1084 1189 1200 1213 onera
1222 1177 1480 1226 spiritualiter
1501 1177 1750 1227 intelligenda

438 1245 538 1274 sunt.
572 1238 655 1273 Hec
687 1238 939 1282 Jeronymus.

499 1297 573 1331 Iste
617 1303 751 1330 autem
797 1302 958 1329 sanctus
1002 1301 1117 1328 acute
1162 1291 1307 1328 invexit
1353 1302 1490 1329 contra
1536 1293 1750 1329 modernos

440 1352 649 1401 pontifices
695 1360 815 1399 atque
848 1350 1067 1398 phariseos,
1112 1358 1155 1385 ut
1189 1358 1329 1386 contra
1363 1352 1587 1387 Romanum
1621 1350 1750 1399 ponti-

442 1411 554 1447 ficem
590 1419 626 1446 et
659 1422 751 1446 suos
785 1408 1002 1456 complices
1035 1416 1072 1444 et
1105 1416 1244 1444 eontra
1277 1408 1451 1455 prelatos
1483 1417 1519 1445 et
1543 1408 1749 1456 religiosos

442 1470 657 1505 modernos
710 1479 879 1516 quorum
934 1465 1192 1515 supercilium
1238 1465 1411 1513 ypocrisi
1456 1475 1513 1502 est
1561 1467 1748 1502 velatum.

439 1526 550 1563 Sicut
603 1535 735 1562 autem
771 1538 793 1561 a
825 1534 1005 1572 tempore
1045 1523 1191 1559 Christi
1236 1536 1361 1572 usque
1402 1525 1452 1560 ad
1498 1525 1602 1560 hunc
1640 1525 1749 1560 Jero-

439 1597 602 1632 nymum
651 1593 687 1620 et
732 1592 891 1619 sanctos
925 1584 1109 1619 doctores
1149 1581 1247 1617 alios
1280 1581 1364 1618 sine
1397 1581 1466 1618 tali
1500 1582 1749 1619 confessione

439 1642 567 1678 sancti
611 1643 660 1678 ad
695 1641 866 1689 patriam
901 1640 1063 1688 spissius
1096 1640 1342 1685 volaverunt,
1387 1639 1442 1675 sic
1476 1648 1565 1687 post
1597 1639 1750 1676 iniunc-

439 1709 520 1736 tam
566 1699 682 1736 istam
731 1698 1023 1735 confessionem
1064 1698 1112 1733 ab
1147 1697 1385 1733 innocencio
1420 1699 1466 1733 111
1500 1697 1664 1746 spissius
1698 1699 1747 1734 ad

440 1766 591 1794 tartara
624 1758 925 1794 descenderunt.
971 1758 1020 1792 Et
1058 1764 1209 1791 certum
1252 1764 1308 1791 est
1342 1768 1384 1791 ex
1419 1755 1495 1791 fide
1528 1757 1635 1804 quod
1667 1764 1747 1792 tam

440 1815 644 1863 graciosus
668 1824 725 1852 est
755 1817 860 1851 Deus
893 1823 929 1850 et
953 1812 1231 1861 alligacionem
1256 1812 1540 1861 astringentem
1567 1813 1748 1850 homines

439 1882 594 1910 tantum
640 1872 793 1917 odiens,
839 1872 941 1908 sicut
985 1871 1057 1908 fuit
1100 1870 1140 1906 in
1185 1870 1351 1907 ecclesia
1396 1870 1611 1918 primitiva.
1657 1873 1748 1907 Ideo

439 1931 576 1967 dieunt
608 1931 744 1967 fideles
777 1930 860 1967 istis
884 1928 1073 1977 satrapis:
1108 1929 1396 1976 Dii-umpamus
1418 1929 1574 1965 vincula
1608 1942 1744 1965 eorum

440 1999 475 2025 et
509 1988 754 2037 proiciamus
788 2002 810 2025 a
842 1987 956 2024 nobis
989 1987 1125 2035 iugum
1151 1986 1345 2034 ipsorum,
1380 1999 1469 2022 cum
1495 1987 1582 2034 plus
1607 1995 1746 2023 curant

438 2047 662 2083 libertatem
697 2046 793 2094 legis
839 2047 1004 2093 perdere
1049 2057 1168 2093 quam
1205 2044 1466 2081 hereditatem
1499 2045 1559 2080 vel
1590 2045 1744 2081 lucrum

438 2106 660 2153 temporale
694 2104 892 2150 amittere,
926 2103 1019 2151 quia
1047 2102 1229 2141 Christus
1264 2101 1458 2138 concessit
1490 2102 1605 2138 istam
1632 2102 1747 2138 liber—

438 2172 558 2198 tatem
607 2175 681 2210 pro
725 2163 852 2198 salute
897 2161 1029 2197 anime
1076 2169 1113 2196 et
1150 2159 1398 2195 Antichristo
1432 2172 1520 2195 cum
1562 2159 1747 2196 omnibus

438 2220 518 2256 suis
551 2219 814 2268 complicibus
847 2232 928 2255 non
962 2227 1019 2255 est
1050 2217 1203 2254 licitum
1238 2217 1317 2254 sive
1350 2217 1538 2265 possibile
1570 2217 1672 2253 viam
1697 2219 1745 2254 ad

438 2278 610 2326 patriam
644 2277 826 2313 fidelibus
860 2276 1007 2312 Christi
1040 2275 1285 2322 restringere.

971 2402 1109 2444 CAP.
1141 2403 1221 2443 IV.

497 2498 686 2545 Sequitur
731 2498 771 2534 in
816 2507 922 2534 textu
968 2499 1178 2546 evangelii:
1226 2500 1362 2535 Omnia
1396 2512 1493 2549 ergo
1526 2512 1645 2548 opera
1677 2512 1746 2535 sna

429 2555 588 2602 faciunt
620 2564 660 2591 ut
694 2557 898 2592 videantur
929 2557 975 2592 ab
1008 2557 1235 2594 hominibus.
1282 2557 1461 2594 Dilatant
1493 2557 1589 2593 enim
1617 2557 1745 2606 phila-

509 2685 527 2703 ι.
549 2678 576 2703 Α
597 2677 626 2704 in
648 2685 760 2712 marg:
781 2677 972 2713 Jeronymus.
1056 2680 1083 2705 o‘.
1105 2678 1143 2705 B:
1161 2681 1292 2714 propter
1310 2679 1532 2706 sacerdocium.
1606 2686 1632 2712 7,
1653 2678 1680 2705 ὃ.
1703 2679 1746 2705 A:

440 2711 594 2738 doctrina.
685 2712 725 2739 18.
746 2713 774 2739 A
795 2712 823 2739 in
846 2721 960 2748 marg:
980 2712 1146 2740 lohannes.
1237 2721 1283 2747 24.
1307 2715 1348 2740 A:
1370 2714 1542 2741 valuerunt.

511 2782 536 2802 2.
575 2772 621 2802 St.
651 2773 851 2814 Hieronymi
888 2773 978 2814 Opp.
1012 2780 1096 2804 tom.
1125 2773 1210 2813 VIII,
1243 2783 1319 2815 pag.
1352 2772 1410 2804 182
1451 2773 1518 2811 (ed.
1558 2772 1744 2815 Vallarsii).

440 2816 465 2848 5.
496 2817 621 2849 Psalm.
651 2818 765 2858 LXIII,
791 2818 822 2849 8.
902 2829 948 2850 11.
978 2820 1102 2851 Psalm.
1130 2820 1153 2858 I,
1186 2830 1211 2850 1.
1287 2821 1338 2861 37.
1366 2819 1484 2850 Matth.
1510 2819 1625 2858 XXIII,
1655 2819 1683 2850 5.

1771 844 1808 864 10

1771 1127 1807 1158 [5

1766 1704 1804 1736 25

1764 1993 1805 2024 30

1764 2280 1803 2312 35
