1986 3289
131 192 205 229 144

122 534 275 562 Evidencc
296 533 329 560 of
347 534 396 561 the

131 569 253 604 Corpus
274 568 388 596 Christi

206 605 316 640 hymn3

185 1692 265 1720 from
287 1693 337 1720 the

202 1728 319 1755 Missal.

729 188 846 220 OPUS
872 187 1207 219 EVANGELICUM
1237 187 1320 219 Llss.
1349 187 1401 218 ΙΙΙ.
1455 175 1561 229 [CAP-
1582 184 1719 213 XXXIX.

412 307 556 342 corpus
590 294 757 340 Christi3
793 302 828 330 ct
863 292 998 330 habito
1038 294 1113 329 hoc
1157 306 1178 329 a
1212 292 1453 341 Berengario
1488 292 1595 329 misit
1627 306 1721 340 gau-

412 354 551 389 denter
584 352 623 388 in
656 351 866 389 Franciam
902 360 1022 400 atque
1057 351 1313 387 Germaniam
1347 352 1553 398 quomodo
1577 352 1722 387 Beren-

412 410 545 459 garius
578 410 687 458 prius
712 409 910 446 hereticus
939 410 989 446 ad
1014 408 1132 445 fidem
1159 408 1399 445 catholicam
1424 416 1480 445 est
1504 417 1721 456 correctus,

411 477 454 505 ut
486 477 595 516 patet
629 471 686 504 De
720 469 840 505 Cons.
875 467 963 506 dist.
997 468 1041 506 ΙΙ.
1074 467 1165 517 Ego
1198 467 1478 517 Berengarius.

470 528 577 563 Istud
621 535 754 563 autem
800 526 1047 574 quadruplex
1100 524 1376 561 testimonium
1429 536 1549 572 supra
1602 524 1755 563 fidem5

411 584 606 632 scripture
635 582 640 634 Ι
671 593 847 620 moveret
879 583 1007 620 eidem
1042 582 1244 620 sentencie
1276 581 1513 619 consentire.
1547 584 1595 618 Et
1617 582 1721 618 idem

411 642 535 679 tercio
575 651 685 690 patet
718 654 761 678 ex
793 641 1025 678 testimonio
1059 642 1169 689 quod
1202 648 1384 688 acceptat
1416 653 1509 677 usus
1543 640 1722 677 ecclesie.

410 702 512 737 Nam
547 700 585 736 in
624 700 836 737 festivitate
877 699 1056 747 corporis
1089 699 1234 736 Christi
1275 698 1331 735 sic
1371 706 1506 735 cantat
1539 697 1723 735 ecclesia:

724 759 887 794 Verbum
922 770 1013 794 caro
1040 769 1179 807 panem
1214 769 1347 793 verum

782 816 904 852 Verbo
938 828 1092 852 carnem
1126 815 1260 865 efficit,
1744 831 1783 852 xo

715 874 851 922 Fitque
881 874 1042 925 sanguis
1080 873 1228 910 Christi
1258 885 1419 919 merum,

774 932 863 968 Etsi
892 944 1026 968 sensus
1059 932 1197 982 deficit.

717 991 778 1026 Ad
798 991 1045 1040 firmandum
1079 1002 1148 1026 cor
1178 989 1370 1026 sincerum

776 1049 866 1084 Sola
888 1048 995 1099 fides
1025 1048 1181 1098 sufficit.

470 1106 560 1144 Sive
604 1115 737 1143 autem
778 1107 956 1143 Thomas
1002 1107 1050 1142 de
1087 1105 1248 1154 Aquino
1289 1103 1561 1152 composuerit
1604 1103 1781 1144 istum15

412 1178 620 1213 ympnum,
665 1174 707 1201 ut
744 1166 902 1201 Fratres
941 1163 1049 1212 prius
1090 1163 1285 1200 finxerant
1318 1171 1354 1199 et
1393 1163 1651 1210 postmodum
1686 1162 1726 1198 in

412 1223 571 1271 scriptis
604 1222 683 1259 suis
717 1222 990 1259 revocaverint
1022 1222 1097 1258 ista
1135 1222 1255 1258 verba
1294 1229 1500 1269 tamquam
1536 1219 1724 1266 heretica,

412 1294 493 1318 non
526 1289 582 1317 est
616 1293 730 1327 cura3
765 1280 970 1317 evidencia
1002 1289 1138 1316 tamen
1172 1288 1230 1316 est
1263 1280 1370 1327 quod
1410 1278 1578 1315 ecclesia
1618 1291 1725 1315 com-

414 1339 589 1376 muniter
621 1339 695 1376 ista
729 1347 898 1376 cantans
931 1346 1115 1386 acceptat
1147 1337 1234 1386 ipsa
1265 1346 1475 1385 tamquam
1515 1336 1726 1375 catholica.

413 1400 494 1434 Nec
539 1406 595 1434 est
640 1397 741 1433 alius
786 1409 924 1433 sensus
972 1396 1182 1444 fingendus
1227 1395 1291 1432 isti
1331 1394 1463 1432 versui
1510 1394 1585 1431 nisi
1618 1395 1726 1443 quod
1743 1412 1784 1434 20

413 1457 577 1493 verbum
612 1455 684 1492 Dei
718 1455 904 1491 dominus
931 1456 1041 1491 Jesus
1072 1454 1252 1492 Christus
1285 1452 1377 1490 fecit
1409 1465 1556 1501 panem
1588 1465 1723 1489 verum

412 1514 558 1551 virtute
596 1513 706 1551 verbi
745 1512 805 1549 sui
846 1525 929 1549 esse
961 1513 1023 1549 vel
1060 1512 1179 1548 fuisse
1219 1511 1302 1548 eius
1341 1523 1504 1548 carnem
1548 1519 1585 1547 et
1618 1512 1726 1559 quod

415 1575 566 1609 bonum
612 1572 750 1609 vinum
797 1579 833 1607 et
880 1571 1031 1607 clarum
1079 1570 1121 1606 fit
1173 1569 1336 1618 sanguis
1382 1568 1528 1606 Christi
1581 1567 1727 1605 virtute

415 1631 615 1667 dictorum
651 1632 863 1667 verborum
900 1629 971 1665 etsi
1005 1640 1140 1665 sensus
1173 1628 1299 1678 deficit
1332 1627 1437 1664 istud
1471 1639 1727 1675 cognoscere.

475 1690 589 1725 Unde
633 1689 852 1725 secundum
899 1686 1174 1723 testimonium
1224 1685 1422 1734 accipitur
1475 1687 1523 1721 de
1568 1687 1728 1721 Secreta
1745 1693 1784 1725 25

420 1747 549 1784 medie
582 1746 699 1783 misse
722 1745 875 1782 Natalis
899 1744 1076 1791 Domini,
1109 1744 1175 1780 ubi
1209 1753 1296 1781 orat
1329 1743 1495 1780 ecclesia
1528 1751 1570 1778 ut
1604 1742 1730 1779 credit

417 1806 512 1842 satis
557 1804 752 1842 catholice
797 1804 905 1852 quod
948 1804 1045 1840 sicut
1084 1804 1196 1839 homo
1234 1802 1388 1853 genitus
1421 1801 1576 1849 refulsit
1609 1802 1729 1847 Deus,

417 1864 471 1900 sic
509 1864 576 1899 lzec
614 1871 771 1900 terrena
809 1862 1027 1898 substancia
1068 1861 1175 1897 nobis
1206 1861 1387 1909 conferat
1418 1860 1519 1908 quod
1557 1859 1727 1895 divinum

418 1929 483 1958 est.
529 1923 610 1958 Nec
650 1921 751 1958 foret
791 1920 921 1968 ipsum
962 1921 1012 1956 ad
1051 1918 1305 1967 propositum
1349 1917 1425 1954 nisi
1466 1918 1538 1953 hec
1570 1925 1728 1953 terrena

418 1979 646 2016 substancia
678 1987 769 2027 post
803 1977 1152 2014 consecracionem
1186 1976 1312 2013 hostie
1346 1983 1583 2012 remaneret.
1745 1982 1786 2014 30

475 2037 663 2074 Tei-cium
698 2045 831 2073 autem
866 2035 1141 2072 testimonium
1184 2044 1241 2071 est
1274 2036 1435 2071 Secreta
1465 2032 1560 2070 ferie
1589 2041 1729 2080 quarte

419 2098 602 2142 Quatuor
640 2104 868 2143 temporum
904 2093 1163 2142 Septembris,
1208 2092 1277 2129 ubi
1310 2091 1477 2128 ecclesia
1516 2090 1730 2127 confitetur

419 2155 527 2202 quod
561 2155 667 2190 Deus
709 2165 760 2189 ex
804 2152 877 2188 hiis
919 2159 1025 2188 terre
1045 2151 1247 2200 fructibus
1283 2150 1428 2186 scilicet
1447 2150 1654 2198 frumento
1693 2156 1730 2184 et

420 2213 504 2248 vino
556 2218 801 2248 sacramenta
853 2223 922 2246 sua
975 2217 1153 2246 constare
1197 2208 1330 2247 voluit.
1384 2210 1432 2244 Et
1477 2214 1633 2244 constat
1685 2218 1728 2242 ex

419 2269 718 2317 significacione
764 2268 880 2304 huius
918 2267 1027 2304 verbi
1066 2276 1251 2303 constare
1289 2267 1397 2314 quod
1431 2264 1597 2302 ecclesia
1629 2264 1726 2300 illud
1743 2271 1783 2304 35

418 2327 545 2364 noluit
589 2328 696 2376 quod
740 2326 885 2363 virtute
932 2324 1227 2362 benediccionis
1265 2323 1379 2372 panis
1420 2332 1458 2360 et
1489 2323 1626 2359 vinum
1660 2323 1726 2358 de-

418 2386 606 2431 sinerent,
641 2387 734 2421 dum
771 2384 994 2432 inciperent
1028 2382 1194 2420 ecclesie
1228 2394 1311 2418 esse
1343 2389 1609 2418 sacramenta.

487 2583 514 2607 ὅ.
536 2581 561 2607 Α
585 2579 613 2606 in
636 2586 752 2612 marg:
787 2578 860 2604 Usus
889 2577 1023 2604 ecclesie.
1052 2584 1074 2603 1.
1178 2586 1206 2610 ⁴.)-
1246 2576 1288 2602 A:
1320 2575 1447 2602 Panum.
1540 2573 1576 2601 15.
1607 2572 1726 2601 Codd.:

417 2615 559 2650 Alquino.
652 2622 691 2648 ¹1)-
715 2614 752 2640 13:
781 2613 839 2639 isla
859 2616 1024 2647 [amquam.
1134 2611 1173 2638 25⁴
1202 2612 1229 2637 A
1257 2610 1287 2637 in
1315 2617 1427 2644 marga
1459 2616 1486 2636 2.
1578 2607 1616 2636 31.
1649 2608 1677 2635 A
1697 2608 1727 2634 in

419 2658 532 2684 marga
553 2658 586 2683 y.

492 2722 520 2752 5.
554 2721 688 2751 Decreti
722 2720 825 2751 tercia
859 2729 947 2760 pars,
986 2719 1036 2749 De
1071 2718 1188 2756 Cous„
1231 2717 1308 2747 dist.
1341 2716 1379 2755 II,
1422 2725 1494 2756 cap.
1532 2714 1634 2753 XLII,
1679 2713 1727 2745 15.

420 2781 450 2810 g).
471 2767 522 2798 Cf.
542 2768 731 2798 Sermones
757 2766 795 2805 II⁷
822 2766 900 2807 459.
951 2774 1004 2806 27.
1024 2765 1146 2795 Sarum
1166 2763 1284 2794 Missal
1303 2763 1356 2793 ed.
1377 2761 1567 2793 Dickinson
1586 2759 1652 2792 col.
1675 2759 1727 2792 58.

421 2816 473 2846 35.
502 2814 547 2844 Id.
576 2813 651 2843 Col.
681 2813 754 2852 540.
784 2811 834 2843 Cf.
862 2812 1047 2842 Sermones
1075 2810 1112 2849 ll,
1137 2811 1217 2850 454.
