1986 3289
193 230 282 258 cAp.
306 221 377 274 m]
558 234 616 265 DE
645 233 958 265 ANTICHRISTO
989 234 1074 266 Lm.
1101 234 1139 265 Π.
1707 238 1786 276 315

191 341 329 376 levabit
360 341 579 376 calcaneum
623 353 732 376 suum
778 347 913 376 contra
959 352 1029 376 me.
1074 340 1208 386 Amen,
1251 340 1370 375 Amen
1417 340 1499 376 dico

195 398 311 444 vobis,
339 399 567 447 priusquam
589 398 680 447 fiat⁷
715 405 753 432 ut
777 410 859 433 cum
882 399 1039 446 factum
1062 398 1192 446 fuerit
1224 398 1392 434 credatis
1414 398 1499 446 quia

190 467 262 505 ego
293 468 390 492 sum.

245 515 373 561 Super
404 526 484 560 quo
517 512 783 561 Augustinus:
831 513 918 548 Hoc
950 513 1033 548 ideo
1068 512 1180 558 dixit,
1227 513 1313 560 quia
1347 513 1499 549 laverat
1557 521 1747 554 Augustine:

154 572 302 619 §pedes
355 571 631 619 discipulorum
684 570 875 620 magister
925 570 1153 606 humilitatis
1209 579 1244 606 et
1296 571 1411 606 verbo
1464 578 1498 606 et
1512 555 1783 623 chgssfflssfbxffiffinffl

186 629 378 677 exemplo,
410 630 479 664 sed
515 629 730 677 poterimus
762 640 804 663 ea
838 640 908 675 que
938 635 1024 663 sunt
1046 628 1244 663 onerosius
1274 628 1497 663 disserenda
1580 629 1610 650 to
1632 625 1717 652 bliss.

185 687 265 734 ipso
297 687 503 722 adiuvante
526 687 730 734 disserere,
752 685 786 721 si
816 698 888 721 non
922 686 959 720 in
983 685 1035 721 eis
1065 697 1136 734 que
1174 685 1379 734 manifesta
1411 693 1499 721 sunt

185 743 449 780 immoremur.
506 744 599 779 Cum
649 755 745 793 ergo
797 743 865 778 hec
898 743 1087 779 Dominus
1126 744 1378 791 promisisset,
1431 744 1497 778 ad-

184 801 328 837 iunxit:
361 802 445 837 Non
479 802 525 837 de
569 802 741 837 omnibus
775 800 878 837 vobis
912 801 1008 836 dico.
1054 801 1144 850 Ego
1183 801 1261 836 scio
1293 813 1387 850 quos
1426 801 1498 836 ele-

132 877 167 896 10
181 859 322 908 gerim,
355 860 426 895 sed
458 866 497 894 ut
530 860 739 908 impleatur
769 858 986 907 scriptura:
1022 859 1098 902 Qui
1121 860 1328 894 manducat
1355 871 1495 907 panem

183 929 329 952 mecum
364 917 502 952 levabit
545 929 663 965 super
695 929 755 952 me
787 917 1008 952 calcaneum
1041 928 1162 952 suznn.
1200 917 1289 952 Hoc
1319 917 1411 965 quid
1443 924 1498 952 est

181 974 289 1009 aliud
320 975 393 1010 nisi
434 975 670 1011 conculcabit
712 974 801 1009 nze?
844 974 987 1010 Notum
1023 981 1078 1009 est
1111 975 1156 1009 de
1188 986 1259 1022 quo
1293 974 1499 1022 loquatur,-

178 1032 301 1068 Judas
352 1033 415 1068 ille
466 1033 636 1068 traditor
680 1032 758 1067 eius
802 1032 1033 1081 adtingitur.
1094 1031 1208 1081 Ergo
1254 1032 1377 1080 ipsum
1425 1044 1496 1067 non

178 1090 363 1139 elegerat,
397 1091 495 1126 unde
526 1090 572 1125 ab
605 1090 657 1126 eis
689 1101 781 1138 quos
812 1090 929 1139 elegit
961 1089 1030 1125 isto
1062 1101 1239 1125 sermone
1269 1090 1495 1125 secernitur.

111 1150 161 1182 -15
184 1148 298 1190 Quod
320 1160 416 1198 ergo
441 1148 537 1191 dico,
570 1148 706 1196 inquit:
738 1147 850 1182 Beati
872 1147 976 1183 eritis
998 1147 1032 1182 si
1051 1147 1232 1195 feceritis
1255 1159 1311 1193 ea,
1345 1159 1417 1183 non
1451 1148 1497 1183 de

177 1205 352 1241 omnibus
396 1206 500 1241 vobis
545 1206 640 1241 dico.
694 1205 767 1240 Est
799 1205 899 1240 inter
931 1217 999 1240 vos
1031 1205 1095 1252 qui
1136 1217 1208 1240 non
1253 1205 1327 1240 erit
1362 1205 1496 1240 beatus

176 1274 293 1311 neque
313 1263 440 1311 saciet
462 1275 517 1301 ea,
551 1263 640 1313 Ego
670 1263 748 1299 scio
772 1275 864 1310 quos
887 1262 1085 1312 elegerim.
1126 1263 1232 1306 Quos
1255 1262 1328 1298 nisi
1349 1274 1411 1298 eos
1433 1263 1498 1310 qui

176 1320 275 1356 beati
303 1328 427 1367 erunt,
451 1321 639 1369 faciendo
673 1333 741 1368 que
768 1321 942 1369 precepit
974 1332 1018 1355 ac
1039 1321 1229 1368 facienda
1263 1321 1495 1356 monstravit

176 1378 240 1426 qui
270 1378 428 1426 efficere
460 1379 590 1414 beatos
616 1379 775 1427 potest?
806 1379 892 1413 Non
917 1385 983 1424 est,
1007 1377 1140 1426 inquit,
1175 1378 1300 1413 Judas
1323 1378 1493 1413 traditor

118 1449 159 1470 20
175 1431 353 1471 electus?
381 1436 486 1479 Quid
517 1444 573 1472 est
604 1448 701 1486 ergo
734 1437 836 1484 quod
867 1436 943 1471 alio
982 1436 1064 1471 loco
1098 1436 1208 1471 dicit:
1248 1436 1383 1471 Nonne
1420 1448 1492 1486 ego

176 1505 242 1529 vos
274 1494 474 1529 duodecim
509 1494 611 1544 elegi
642 1501 676 1529 et
707 1506 803 1529 unus
840 1505 890 1529 ex
929 1493 1034 1529 vobis
1076 1493 1253 1529 diabolus
1298 1493 1384 1529 est?
1434 1494 1492 1528 An

174 1558 208 1586 et
223 1551 302 1600 ipse
315 1552 367 1586 ad
382 1551 528 1600 aliquid
546 1559 600 1587 est
623 1552 762 1587 electus
784 1552 835 1587 ad
855 1552 955 1600 quod
974 1551 1100 1600 utique
1121 1558 1205 1586 erat
1225 1551 1493 1587 necessarius?

174 1608 261 1644 Non
293 1616 419 1645 autem
453 1610 504 1644 ad
536 1609 807 1645 beatitudinem
833 1610 879 1644 de
911 1621 982 1657 qua
1007 1609 1121 1644 modo
1144 1609 1218 1644 ait:
1250 1608 1364 1645 Beati
1385 1609 1491 1644 eritis

172 1666 395 1714 sifeceritis
418 1667 491 1703 ea?
523 1667 609 1703 Hoc
641 1680 713 1703 non
749 1667 793 1702 de
825 1667 999 1702 omnibus
1023 1667 1125 1704 dicit.
1169 1667 1247 1702 Scit
1276 1667 1373 1702 enim
1399 1678 1492 1715 quos

51 1725 134 1768 435Ῑῠ
173 1725 224 1758 ad
254 1724 471 1761 societatem
501 1720 505 1776 Ι
535 1724 778 1760 beatitudinis
811 1724 922 1760 huius
955 1724 1128 1774 elegerit.
1165 1724 1252 1760 Non
1276 1732 1331 1760 est
1364 1736 1415 1760 ex
1438 1724 1490 1760 eis

173 1781 242 1817 iste
283 1782 347 1830 qui
380 1795 519 1831 panem
563 1783 641 1818 eius
682 1782 735 1818 sic
770 1783 915 1825 edebat,
955 1789 994 1817 ut
1031 1794 1148 1831 super
1192 1782 1300 1817 illum
1344 1782 1491 1817 levaret

173 1840 405 1875 calcaneum.
440 1840 503 1875 Illi
526 1840 813 1876 manducabant
830 1852 971 1888 panem
1004 1840 1229 1886 Dominum,
1262 1840 1330 1875 iste
1347 1852 1487 1888 panem

173 1897 333 1933 Domini
374 1905 508 1933 contra
542 1898 765 1944 Dominum,
808 1898 866 1933 illi
909 1898 1039 1945 vitam,
1086 1897 1155 1933 iste
1200 1909 1354 1945 penam.
1415 1897 1492 1941 Qui

173 1955 271 1990 enim
305 1956 513 1991 manducat
545 1956 715 2005 indigne,
748 1955 801 1990 ait
832 1956 1052 2004 Apostolus,
1088 1955 1268 1990 iudicium
1291 1955 1365 1991 sibi
1380 1968 1486 1990 man·

117 2016 158 2048 30
174 2013 300 2048 ducat.
335 2014 498 2060 Amodo,
521 2013 652 2061 inquit,
672 2013 756 2049 dico
780 2014 884 2049 vobis
901 2013 1226 2062 priusquanzfiat)
1250 2020 1289 2048 ut
1319 2013 1488 2048 credatis

173 2082 257 2105 cum
280 2071 435 2118 factum
449 2072 591 2119 fuerit,
614 2071 699 2118 quia
724 2083 796 2121 ego
828 2083 926 2116 sum,
960 2071 1000 2106 id
1023 2078 1088 2116 est,
1124 2083 1196 2121 ego
1227 2083 1310 2106 sum
1345 2071 1391 2106 de
1415 2082 1486 2119 quo

173 2129 239 2163 illa
285 2129 481 2176 scriptura
521 2129 721 2177 precessit,
776 2128 838 2164 ubi
870 2129 1011 2164 dictum
1046 2136 1121 2164 est:
1165 2129 1242 2172 Qui
1279 2129 1486 2164 manducat

167 2198 307 2234 panem
330 2198 453 2222 meum
478 2187 619 2222 levabit
633 2198 751 2235 super
774 2198 832 2221 me
854 2187 1088 2222 calcaneum.
1116 2187 1199 2222 Hec
1222 2186 1483 2234 Augustinus.

231 2246 284 2279 Ex
317 2243 391 2280 isto
425 2244 630 2292 evangelio
663 2243 795 2280 notari
818 2253 1006 2292 poterunt
1038 2245 1164 2280 multa
1197 2246 1315 2290 bona,
1352 2244 1484 2291 primo
1532 2262 1641 2288 John's
1663 2262 1746 2289 habit

117 2304 155 2336 35
173 2303 378 2348 quomodo
401 2303 601 2338 Johannes
628 2314 737 2338 more
770 2315 842 2337 suo
866 2301 1134 2349 limpitudinis
1162 2302 1319 2338 intuens
1343 2301 1482 2337 divini·
1499 2297 1533 2323 of
1551 2297 1702 2358 d‘ffffssssgv
1720 2298 1769 2323 1¹¹3

173 2367 293 2394 tatem
329 2359 477 2395 Christi
511 2372 556 2396 ac
590 2359 672 2395 eius
696 2359 986 2395 humanitatem
1014 2360 1284 2396 communiter
1312 2359 1482 2396 iurando

173 2416 349 2463 geminat
401 2417 530 2464 ipsum
565 2418 705 2454 Amen.
759 2420 838 2453 Nec
892 2418 1019 2453 solum
1055 2426 1218 2454 notatur
1258 2419 1364 2465 quod
1399 2426 1478 2452 tam

239 2640 268 2663 4.
290 2632 317 2658 A
337 2632 367 2658 in
389 2640 503 2666 marg:
524 2632 726 2668 Augustinus.
839 2641 879 2666 14.
902 2632 940 2659 13:
961 2634 1104 2659 secernit.
1208 2640 1244 2667 17.
1268 2632 1305 2658 B:
1329 2631 1478 2666 eligerint.

171 2664 213 2693 23.
236 2668 282 2692 A:
305 2667 406 2693 eretis.
497 2666 538 2694 32.
559 2669 603 2694 A:
626 2668 678 2694 ubi
696 2668 790 2694 deest.
892 2666 936 2700 34.
959 2669 987 2694 A
1007 2668 1036 2693 In
1059 2674 1173 2701 marg:
1194 2666 1362 2694 Jolmnnes.

239 2760 271 2790 4.
305 2752 337 2780 S.
370 2751 584 2791 Augustinus
617 2750 637 2781 I.
671 2761 698 2781 c.
733 2761 808 2791 pag.
842 2749 919 2781 602.
1069 2761 1117 2780 10.
1157 2751 1283 2781 Psalm.
1314 2750 1385 2788 XL,
1430 2760 1477 2781 10.

173 2806 225 2826 20.
251 2796 326 2827 joh.
354 2797 408 2835 VI,
436 2807 489 2837 7¹·
616 2807 669 2838 27.
697 2798 718 2826 I.
746 2797 825 2827 Cor.
851 2797 905 2836 XI,
945 2806 996 2838 29.
1123 2797 1174 2828 30.
1202 2796 1277 2827 Joh.
1302 2796 1387 2835 XIII,
1430 2806 1478 2838 19.

173 2843 223 2874 32.
251 2842 304 2872 ΡΞ.
331 2843 402 2881 XL,
435 2853 484 2872 10.
