1986 3289
221 194 311 221 CAP.
333 185 418 239 vn]
579 197 637 228 DE
667 196 978 228 ANTICHRISTO
1007 197 1091 228 ΜΒ.
1118 197 1155 227 11.

222 303 393 339 veritatis
426 303 479 338 ait
511 303 632 338 libere
664 310 699 338 et
731 310 965 339 constanter.
1005 303 1057 338 Et
1089 303 1123 338 si
1155 303 1312 338 voluero
1345 304 1530 353 gloriari,

221 373 293 396 non
335 372 400 396 ero
440 360 640 408 insipiens,·
681 360 880 396 veritatem
916 361 1013 395 enim
1049 360 1144 396 dico.
1200 361 1331 408 Neque
1364 361 1461 396 enini
1496 362 1531 396 in

219 430 259 454 se
291 418 371 467 ipso
404 418 471 453 sed
503 418 538 453 in
571 418 653 466 ipsa
689 418 850 453 veritate
883 430 952 466 que
982 418 1162 466 superior
1194 425 1249 454 est
1281 419 1362 467 ipso
1395 426 1429 454 et
1462 419 1530 453 liu-

221 475 365 511 militer
397 483 431 511 et
464 476 654 511 veraciter
686 476 945 525 gloriaretur,
980 476 1157 524 quoniam
1192 483 1226 511 et
1259 475 1339 525 ipse
1366 476 1532 525 precipit

189 539 260 571 5ut
291 533 356 582 qui
385 533 587 582 gloriatur
620 533 654 568 in
691 533 856 569 Domino
889 534 1098 582 glorietur¹
1141 534 1245 569 Itane
1277 546 1349 569 non
1383 534 1532 570 timeret

221 591 497 639 insipiencianz,
544 591 578 626 si
608 591 781 640 gloriari
824 592 938 626 vellet
980 599 1134 626 amator
1172 591 1375 639 sapiencie,
1430 599 1464 627 et
1497 592 1532 626 in

219 649 351 699 gloria
383 661 452 684 sua
476 648 629 684 timeret
653 648 913 697 insipienciam
941 649 1023 697 ipsa
1047 649 1252 697 sapiencia.
1288 650 1374 685 Non
1408 649 1532 685 timuit

100 714 179 754 434⁰
220 706 498 756 arroganciam
521 707 587 755 qui
608 706 726 741 dixit:
761 707 800 741 ln
826 707 978 742 domino
1008 703 1011 758 Ι
1042 707 1265 742 laudabitur
1287 707 1416 742 anima
1450 720 1532 742 mea

220 771 254 800 et
286 764 321 799 in
355 764 469 799 laude
499 776 567 799 sua
601 764 755 800 timeret
786 765 1068 813 arroganciam
1098 772 1273 813 potestas
1305 765 1466 800 Domini
1497 765 1532 800 in

169 839 204 859 ιο
218 834 291 871 qua
325 822 511 857 laudatur
548 821 675 857 anima
708 822 842 857 servi?
890 823 975 868 Vos,
1017 822 1148 870 inquit,
1183 822 1329 858 vocatis
1360 835 1420 858 me
1452 835 1532 858 ma-

218 880 343 929 gister
374 886 409 915 et
439 879 618 925 Domine,
654 886 688 915 et
720 879 811 915 bene
844 880 990 916 dicitis:
1021 892 1103 915 sum
1138 880 1287 915 etenim.
1322 880 1411 916 Ideo
1444 881 1534 916 bene

220 937 345 972 dicitis
381 937 468 986 quia
506 949 603 980 sum,
649 950 734 972 nam
768 937 802 972 si
838 950 911 973 non
956 949 1075 973 essem
1109 938 1210 986 quod
1253 937 1389 981 dicitis,
1434 938 1534 974 male

220 994 410 1040 diceretis,
444 995 601 1030 eciamsi
630 1007 690 1030 nze
728 993 954 1031 laudaretis.
1001 995 1202 1039 Quomodo
1241 1007 1338 1045 ergo
1371 1004 1534 1046 negaret

221 1052 364 1088 veritas
408 1053 509 1100 quod
553 1052 684 1088 dicunt
723 1052 903 1101 discipuli
946 1053 1151 1089 veritatis?
1203 1054 1393 1101 quomodo
1432 1054 1534 1102 quod

168 1110 350 1150 15dicunt
372 1110 435 1158 qui
462 1110 679 1146 didicerunt
708 1117 872 1160 negaret
902 1110 997 1159 ipsa,
1038 1111 1137 1147 unde
1161 1111 1409 1147 didicerunt?
1440 1123 1531 1160 quo—

220 1168 333 1203 modo
367 1168 466 1215 sons
510 1175 627 1217 negat
670 1169 772 1216 quod
815 1168 943 1204 bibens
968 1168 1181 1216 predicat?
1232 1169 1422 1217 quomodo
1463 1169 1534 1205 lux

219 1225 386 1261 occultat
417 1226 518 1273 quod
550 1225 681 1261 videns
713 1225 884 1261 indicat?

278 1283 320 1318 Si
350 1295 461 1333 ergo,
515 1283 645 1332 inquit,
695 1295 766 1333 ego
801 1283 882 1318 lavi
918 1284 1038 1332 pedes
1083 1290 1234 1319 vestros
1282 1283 1459 1320 dominus
1498 1291 1532 1320 et

220 1340 422 1391 magister,
476 1341 619 1377 debetis
663 1348 698 1376 et
744 1353 809 1376 vos
860 1341 962 1376 alter
1012 1341 1174 1377 alterius
1224 1341 1359 1377 lavare
1398 1342 1530 1390 pedes,

163 1417 205 1438 20
220 1398 456 1447 Exemplum
492 1399 581 1434 dedi
612 1399 729 1444 vobis,
776 1406 816 1434 ut
848 1400 1172 1447 quemadmodum
1212 1411 1285 1449 ego
1306 1399 1395 1447 feci
1427 1400 1531 1435 vobis

220 1456 338 1491 ita-et
372 1468 438 1492 vos
459 1456 635 1504 faciatis.
681 1457 768 1492 Hoc
812 1464 867 1492 est
898 1457 1005 1493 beate
1038 1458 1153 1493 Petre
1191 1458 1293 1505 quod
1325 1457 1529 1502 nesciebas,

221 1514 371 1561 quando
393 1513 491 1562 fieri
521 1526 594 1550 non
626 1514 788 1550 sinebas.
830 1515 916 1550 Hoc
948 1514 1016 1550 tibi
1040 1522 1178 1563 postea
1210 1515 1406 1550 sciendum
1435 1527 1531 1564 pro-

222 1571 336 1617 misit,
368 1572 519 1620 quando
544 1579 582 1607 ut
609 1572 757 1608 sineres
789 1572 928 1607 terruit
951 1572 1142 1622 magister
1171 1580 1257 1608 tuus
1289 1580 1322 1608 et
1356 1573 1531 1608 dominus

220 1635 319 1674 tuus,
354 1629 488 1665 lavans
516 1630 636 1678 pedes
668 1637 766 1665 tuos.
807 1630 1037 1673 Didicinzus,
1066 1631 1241 1679 fratres,
1274 1630 1528 1666 humilitatem

165 1695 203 1727 25
221 1687 266 1722 ab
299 1687 466 1732 excelso,
489 1687 691 1734 faciamus
714 1687 872 1723 invicem
904 1688 1066 1723 humiles
1098 1689 1199 1736 quod
1221 1688 1531 1736 lunniliterfecit

220 1744 407 1780 excelsus.
455 1745 604 1795 Affagna
650 1752 704 1780 est
747 1745 815 1781 lzec
859 1746 1144 1781 commendacio
1197 1746 1444 1790 humilitatis,·
1495 1753 1530 1781 et

220 1801 379 1849 faciunt
423 1802 493 1838 hoc
523 1802 597 1838 sibi
638 1802 798 1838 invicem
823 1803 985 1850 fratres
1023 1804 1145 1839 eciam
1179 1804 1260 1852 ipso
1294 1816 1410 1852 opere
1442 1803 1529 1839 visi-

220 1859 297 1905 bili,
346 1871 430 1895 cum
462 1873 502 1896 se
540 1860 699 1895 invicem
745 1861 915 1909 hospicio
949 1861 1158 1910 recipiunt,·
1210 1869 1265 1897 est
1296 1862 1393 1897 enim
1426 1862 1531 1910 apud

214 1917 422 1965 plerosque
472 1919 703 1954 consuetudo
738 1918 964 1954 humilitatis
1008 1919 1118 1955 liuius
1152 1931 1267 1967 usque
1299 1920 1351 1954 ad
1371 1920 1528 1967 factum

164 1985 204 2016 30
217 1987 290 2023 quo
324 1982 508 2011 cernatur
539 1988 739 2025 expressa.
779 1976 886 2012 Unde
913 1976 1122 2025 Apostolus
1151 1989 1234 2012 cum
1259 1977 1413 2012 viduam
1439 1977 1530 2013 bene

218 2032 397 2068 meritam
442 2034 750 2070 commendaret:
805 2034 848 2069 Si
884 2034 1069 2083 hospicio,
1122 2034 1253 2083 inquit,
1300 2035 1449 2083 recipit,
1497 2035 1532 2071 si

217 2097 440 2126 sanctorum
478 2092 598 2139 pedes
643 2091 736 2126 lavit
790 2099 824 2126 et
867 2092 973 2140 apud
1016 2100 1170 2128 sanctos
1213 2092 1424 2141 ubicunque
1461 2092 1529 2128 hec

218 2149 450 2183 consuetudo
502 2156 569 2195 est,
622 2150 724 2197 quod
768 2162 883 2184 manu
936 2162 1007 2185 non
1046 2150 1217 2197 faciunt,
1268 2151 1387 2186 corde
1419 2150 1527 2199 saci-

219 2213 298 2251 unt,
331 2206 364 2241 si
395 2206 430 2241 in
463 2206 620 2242 illorunz
655 2219 815 2242 numero
848 2214 935 2242 sunt
967 2207 1098 2255 quibus
1133 2208 1275 2243 dicitnr
1308 2208 1343 2243 in
1377 2208 1527 2259 hymno

162 2271 200 2302 35
218 2263 415 2299 beatorum
462 2264 578 2300 trium
625 2264 822 2300 virorum:
865 2265 1084 2301 Benedicite
1127 2265 1252 2301 sancti
1297 2273 1331 2301 et
1364 2266 1527 2301 humiles

217 2321 335 2356 corde
368 2321 547 2358 Domino.
594 2322 720 2358 Multo
766 2330 892 2358 autem
942 2330 997 2358 est
1029 2323 1165 2359 melius
1197 2330 1231 2358 et
1263 2324 1343 2358 sine
1375 2331 1526 2358 contro-

218 2379 342 2414 versia
377 2380 503 2415 verius
535 2387 575 2415 ut
607 2380 725 2416 eciam
752 2381 926 2416 manibus
945 2380 1044 2429 fiat‚·
1077 2393 1142 2416 nec
1165 2381 1403 2430 dedignatur
1427 2381 1528 2428 quod

217 2436 318 2482 fecit
356 2437 536 2473 Christus
558 2438 703 2485 facere
735 2438 979 2475 christianus

284 2608 313 2631 4.
333 2600 377 2627 A:
399 2607 436 2627 ac
455 2600 608 2627 veraciter
628 2600 858 2634 gloriarentur.
977 2600 1012 2628 15.
1036 2601 1073 2627 B:
1096 2600 1295 2628 didiscerunt,
1417 2608 1465 2634 24.
1488 2600 1525 2627 B:

216 2634 402 2661 didiscimus.
669 2635 672 2637 '

290 2716 316 2736 ῐ.
343 2706 380 2736 II.
409 2706 485 2737 Cor.
511 2706 581 2745 XII,
608 2706 638 2737 s».
716 2717 748 2746 4.
777 2708 798 2738 I.
827 2707 903 2738 Cor.
933 2708 954 2746 I,
983 2708 1035 2739 31.
1109 2706 1140 2737 S„
1170 2707 1294 2738 PsaIm.
1321 2707 1467 2745 XXXIII,
1496 2708 1527 2739 3.

218 2750 269 2782 28.
302 2753 335 2782 S.
368 2753 575 2783 Benedictus
607 2753 638 2783 in
673 2754 815 2794 Regula,
850 2763 876 2784 c.
912 2753 993 2783 LIII.
1137 2755 1189 2785 31.
1223 2754 1244 2784 I.
1272 2753 1363 2784 Tim.
1392 2753 1431 2791 V,
1476 2763 1527 2783 10.

217 2796 269 2829 36.
296 2798 380 2828 Dan.
412 2798 463 2837 III,
490 2809 520 2839 7.

1740 199 1821 235 309

1592 1645 1707 1672 Lesson
1730 1646 1764 1672 of

1606 1680 1757 1716 humility.
