1986 3289
164 197 214 232 26
765 205 882 237 OPUS
907 205 1242 238 EVANGELICUM
1278 206 1360 240 ΜΒ.
1388 206 1440 238 111.
1561 193 1668 248 [CAP.
1689 202 1758 231 vn.

446 312 653 360 prestitum
689 324 764 361 per
795 311 1111 348 ammonicionem
1145 320 1310 348 exercet.
1345 313 1535 348 Doctrina
1568 313 1664 348 enim
1698 325 1760 349 co-

450 371 498 405 tis
531 370 642 406 habet
673 370 859 420 officium.
907 370 1012 405 Sicut
1044 370 1141 406 enim
1181 383 1244 406 cos
1276 382 1348 406 non
1370 371 1476 419 facit
1498 370 1661 418 ferrum
1694 372 1762 406 sed

449 428 563 474 acuit,
609 428 663 464 sic
705 429 784 464 sine
827 440 941 464 causa
974 436 1147 464 sensatus
1180 429 1351 464 docetur.
1390 428 1568 464 Maxime
1600 441 1667 464 vos
1698 429 1763 477 qui

449 485 672 534 spirituales
703 485 805 532 estis,
838 487 1027 534 quomodo
1068 486 1211 522 vocatis
1254 486 1358 522 vobis
1404 493 1599 522 terrenum
1638 486 1763 536 magi-

448 550 584 578 strum.
631 543 829 592 Numquid
874 543 1044 580 carnalis
1081 544 1257 580 doctrina
1310 544 1548 593 disciplinam
1599 547 1795 594 generatfi

449 601 722 650 spiritualem?
767 602 961 650 Scriptum
1007 609 1062 637 est
1094 603 1213 638 enim:
1255 603 1401 638 Beatus
1433 603 1546 638 homo
1579 614 1688 651 quem
1723 609 1761 637 tu

450 659 640 695 erudieris
684 660 860 703 Domine,
907 667 941 694 et
974 660 1020 695 de
1051 660 1137 710 lege
1167 668 1230 695 tua
1266 660 1443 696 docueris
1481 672 1577 696 eum.
1613 660 1665 695 Et
1690 672 1762 708 pa-

450 724 548 752 trem
582 717 697 753 nolite
719 718 826 753 vobis
858 730 998 753 vocare
1028 730 1146 767 super
1176 725 1338 761 terram,
1369 719 1455 767 quia
1480 730 1551 753 non
1584 717 1764 767 estisfilii

449 775 604 811 terreni.
654 775 723 811 Ex
765 788 807 812 eo
851 775 947 811 enim
993 776 1167 812 celestem
1210 783 1246 812 te
1278 788 1358 812 esse
1384 776 1591 826 professus
1623 788 1673 821 es,
1713 787 1764 811 ex

450 845 521 881 quo
549 840 703 882 patrem
739 834 785 869 de
816 834 895 869 celo
928 833 995 869 tibi
1025 834 1172 870 vocasti
1203 834 1351 870 dicens:
1390 834 1509 869 Pater
1540 841 1670 869 noster
1701 833 1821 881 quim

450 903 488 926 es
520 891 554 925 in
588 891 692 938 celis,
725 899 760 927 et
791 903 842 928 ex
871 903 944 940 quo
977 892 1152 928 celestem
1184 899 1219 928 te
1250 904 1330 928 esse
1357 892 1565 941 professus
1598 903 1649 938 es,
1690 903 1762 940 pa-

450 956 548 984 trein
582 950 754 986 vocando
792 950 941 995 Deum;
983 956 1095 999 turpe
1132 957 1187 986 est
1225 957 1264 985 ut
1303 950 1441 986 iterum
1476 957 1511 986 te
1537 949 1765 999 profitearis

451 1014 661 1055 terrenum,
690 1015 845 1056 patrem
878 1007 946 1043 tibi
976 1008 1147 1045 vocando
1179 1020 1296 1056 super
1327 1015 1488 1044 terram.
1531 1007 1633 1044 Ecce
1664 1007 1761 1043 enim

451 1065 487 1100 in
519 1066 661 1102 arbore
691 1066 868 1115 quamvis
894 1066 1089 1115 plurimos
1121 1078 1253 1102 ramos
1280 1066 1489 1115 producat,
1522 1073 1649 1101 tamen
1682 1077 1762 1101 om-

452 1123 550 1158 nium
582 1136 782 1159 ramorum
816 1137 889 1159 una
913 1124 1054 1160 dicitur
1075 1124 1207 1160 radix.
1242 1124 1305 1159 Sic
1337 1131 1372 1160 et
1394 1124 1429 1159 in
1452 1124 1607 1169 mundo,
1631 1135 1762 1172 quam-
1784 1127 1819 1159 15

453 1181 508 1217 vis
556 1182 671 1218 homo
716 1180 906 1219 hominem
949 1189 1123 1232 generet,
1167 1189 1292 1218 tamen
1333 1194 1428 1218 unus
1460 1189 1515 1218 est
1541 1189 1671 1231 pater,
1702 1181 1767 1230 qui

453 1251 582 1276 omnes
625 1240 782 1276 creavit.
828 1241 929 1275 Nam
969 1247 1003 1276 et
1035 1252 1102 1276 nos
1133 1240 1216 1290 filii
1247 1240 1408 1288 fratres
1444 1252 1577 1276 sumus
1603 1247 1763 1288 patrum

452 1305 688 1344 nostrorum,
734 1311 807 1335 non
840 1298 926 1347 quia
958 1299 1004 1334 ab
1037 1296 1129 1347 ipsis
1161 1298 1241 1333 nati
1269 1310 1413 1345 sumus,
1445 1298 1514 1334 sed
1540 1309 1615 1347 per
1648 1297 1762 1346 ipsos,

453 1356 492 1391 id
523 1363 590 1402 est,
635 1369 707 1392 non
740 1356 892 1392 inicium
927 1356 999 1392 vite
1031 1356 1213 1392 habemus
1245 1368 1296 1391 ex
1332 1356 1405 1392 eis:
1446 1356 1516 1392 sed
1558 1355 1763 1391 transitum

454 1414 527 1450 vite
552 1426 627 1462 per
658 1427 722 1451 eos
752 1414 982 1463 accepimus.
1781 1427 1822 1449 20

176 1463 426 1525 Hlssffttgefffffgs
519 1472 596 1516 Qui
625 1480 751 1508 autem
775 1473 1011 1509 exaltaverit
1038 1485 1079 1508 se
1101 1472 1328 1508 humiliatur
1359 1479 1393 1507 et
1425 1472 1490 1520 qui
1519 1484 1558 1508 se
1590 1471 1766 1507 humiliat

192 1534 276 1568 place
296 1533 343 1572 for
363 1534 412 1560 the
454 1530 704 1566 exaltabitur.
750 1531 791 1566 In
825 1530 997 1567 convivio
1030 1531 1101 1566 hoc
1133 1530 1313 1579 nupciali,
1346 1530 1385 1565 id
1416 1537 1483 1577 est,
1517 1530 1552 1565 in
1586 1530 1659 1565 hac
1690 1529 1767 1565 Dei

219 1568 366 1595 Gennles.
453 1589 667 1635 vocacione,
696 1589 848 1638 primos
871 1588 1078 1624 discubitus
1099 1588 1171 1624 sibi
1193 1588 1449 1636 defendebant
1469 1587 1592 1625 Judei.
1629 1586 1764 1622 Humi-

453 1647 536 1682 liati
566 1655 691 1683 autem
739 1654 827 1683 sunt
860 1654 950 1695 post
991 1654 1125 1696 gentes
1169 1646 1378 1692 novissimi,
1422 1653 1457 1681 et
1501 1652 1636 1696 gentes
1679 1645 1764 1694 quia

453 1712 587 1741 contra
619 1705 798 1741 meritum
831 1717 941 1741 suum
974 1717 1014 1740 se
1046 1712 1200 1741 vocatas
1231 1704 1510 1754 intelligebant,
1534 1703 1647 1751 facte
1677 1707 1820 1739 sunt25

452 1771 538 1799 ante
559 1763 714 1813 Judeos,
747 1763 833 1811 quia
866 1775 938 1799 non
957 1763 1088 1812 prima
1113 1762 1266 1799 vocacio
1299 1761 1580 1798 consideranda
1612 1767 1667 1797 est
1700 1760 1766 1798 sed

454 1821 698 1871 dignitosior,
732 1821 796 1857 Illi
826 1821 923 1857 enim
946 1821 998 1856 ad
1014 1821 1226 1870 prandium
1260 1820 1453 1856 mediocre
1484 1819 1637 1855 invitati
1664 1825 1764 1865 sunt,

452 1879 515 1914 isti
545 1886 672 1915 autem
704 1880 756 1914 ad
794 1891 924 1915 cenam
972 1891 1171 1930 magnam.
1216 1878 1378 1914 Illorum
1421 1877 1645 1913 invitatores
1668 1888 1763 1926 pro-

448 1937 564 1985 phete
580 1938 762 1985 fuerunt,
815 1937 976 1973 istorum
1015 1945 1138 1973 autem
1173 1937 1253 1986 ipse
1273 1936 1387 1986 filius
1419 1935 1483 1984 qui
1512 1948 1628 1971 causa
1680 1941 1765 1970 erat

453 1995 626 2030 convivii.
661 1996 823 2031 Illorum
859 1995 1024 2031 deleccio
1056 1996 1161 2044 apud
1199 1995 1325 2030 Deum
1365 2006 1415 2030 ex
1447 1993 1629 2042 patribus
1667 1999 1764 2039 erat,
1781 1997 1822 2029 30

453 2053 614 2089 istorum
647 2061 773 2089 autem
807 2065 857 2089 ex
876 2054 962 2103 fide
994 2053 1179 2102 ipsorum.
1213 2053 1303 2088 Ideo
1326 2052 1420 2088 alibi
1439 2059 1602 2101 tangens
1621 2051 1765 2086 Judeos

454 2111 621 2147 dicebat:
659 2112 713 2147 Tu
735 2119 860 2147 autem
887 2124 970 2147 cum
1002 2119 1159 2148 vocatus
1179 2110 1313 2159 fueris
1345 2110 1396 2146 ad
1423 2109 1594 2159 nupcias,
1627 2109 1666 2143 id
1697 2115 1764 2154 est,

453 2171 504 2205 ad
542 2169 698 2218 nupcias
738 2169 896 2216 Christi,
932 2169 1011 2205 noli
1049 2169 1271 2205 recumbere
1307 2168 1344 2204 in
1384 2168 1466 2204 loco
1500 2166 1641 2216 priori.
1682 2168 1765 2202 Hec

454 2227 767 2264 Chrisostomus.

200 2284 403 2346 Evligsflrfmc
510 2285 676 2322 Videtur
708 2285 828 2322 istum
862 2294 1042 2322 sanctum
1079 2285 1224 2321 multas
1257 2284 1514 2320 difficultates
1546 2282 1819 2330 prudenter-35

178 2328 255 2354 βξφά
288 2325 427 2346 “cmm
454 2352 617 2391 tangere
650 2352 686 2380 et
720 2343 970 2380 christicolas
1004 2345 1160 2389 docere,
1195 2342 1327 2390 primo
1359 2343 1467 2390 quod
1491 2340 1672 2377 Christus
1705 2339 1763 2375 in-

454 2402 579 2437 tendit
630 2415 711 2437 non
763 2402 890 2437 solum
945 2404 1004 2438 vel
1048 2400 1324 2449 principaliter
1368 2398 1574 2447 phariseos
1620 2397 1763 2445 eligere

454 2459 605 2506 primos
640 2460 841 2496 recubitus
887 2460 1118 2507 corporales
1157 2459 1195 2494 in
1230 2456 1616 2506 congregacionibus
1650 2455 1764 2491 incli-

454 2526 602 2565 torum,
648 2520 714 2554 sed
761 2517 1037 2568 principaliter
1080 2529 1123 2553 ex
1162 2516 1360 2564 spirituali
1394 2514 1581 2563 superbia
1613 2513 1763 2561 primas

524 2720 562 2739 12.
585 2713 624 2740 13:
649 2714 742 2740 Deum
762 2713 862 2745 dees1;
884 2712 923 2738 ib.
945 2712 984 2738 B:
1005 2714 1034 2738 te
1053 2712 1147 2738 deest.
1222 2712 1261 2737 18.
1284 2710 1320 2737 13:
1338 2717 1398 2744 per
1412 2709 1494 2744 ipsos
1508 2708 1586 2734 ideo.
1660 2704 1701 2732 32.
1718 2705 1761 2732 A:

456 2747 556 2774 nolite.
649 2748 689 2775 35.
712 2749 739 2774 A
760 2747 788 2774 in
812 2755 924 2781 marga
947 2746 1113 2774 ,lohannes

524 2830 553 2862 (3.
583 2831 706 2862 I‘salm.
735 2832 849 2870 XCIII,
882 2841 929 2861 12.
1002 2842 1050 2861 ιο.
1077 2829 1195 2860 Matth.
1223 2829 1278 2867 VI,
1305 2839 1336 2869 9.
1411 2829 1463 2859 31.
1485 2827 1598 2856 Lucae
1619 2824 1702 2862 XIV,
1729 2824 1760 2853 ὅ.
