1986 3289
132 196 203 225 112

172 1121 239 1149 The
261 1125 344 1160 great

138 1157 240 1183 lesson
261 1164 303 1183 ls:
324 1156 381 1184 See

156 1192 221 1218 that
240 1199 279 1218 no
300 1199 371 1218 man

162 1226 272 1253 seduce
292 1234 363 1262 you.

735 194 852 227 opus
878 193 1214 227 EVANGELICUM
1244 194 1327 226 LIB.
1356 192 1410 226 111.
1512 179 1609 235 [CAP
1628 190 1723 222 xxx.

411 302 582 339 latrones
620 303 839 354 insurgunt,
885 310 1084 352 querentes
1134 302 1388 353 unusquisque
1436 304 1539 352 quod
1586 304 1724 353 rapiat,

409 360 464 396 sic
484 362 637 409 quando
667 374 778 398 casus
806 362 1027 411 specialiter
1049 369 1137 398 tunc
1157 362 1372 398 Judeorum
1400 369 1467 397 aut
1485 363 1726 413 generaliter

410 425 475 454 aut
507 419 698 456 modicum
733 420 1035 456 christianorum
1057 419 1155 469 fieri
1191 419 1344 469 ceperit,
1384 432 1514 456 omnes
1547 420 1726 456 demones

408 476 629 525 spirituales
680 478 852 514 latrones
907 478 1218 524 insurrexerunt,
1264 490 1339 527 per
1388 490 1478 514 suos
1529 478 1726 515 ministros

410 542 609 582 querentes
654 536 908 585 unusquisque
951 536 1053 584 quod
1083 537 1264 585 perdant.
1316 535 1403 571 Non
1441 536 1604 572 audistis
1631 535 1757 585 pro-5

402 593 559 641 phetam
584 593 769 630 dicentem
792 595 982 643 quomodo
1012 606 1141 630 omnes
1163 593 1279 630 bestie
1301 593 1336 628 in
1360 600 1468 629 nocte
1490 594 1725 630 circuierunt

410 650 629 698 militantes,
670 652 741 688 hoc
774 653 908 688 modo.-
954 652 1087 687 Posuit
1119 652 1297 688 tenebras
1336 659 1371 687 et
1391 652 1506 700 sacta
1540 659 1594 688 est
1626 664 1726 697 nox;

409 708 445 743 in
478 709 561 757 ipsa
588 710 886 758 pertransibunt
925 722 1055 745 omnes
1087 709 1204 746 bestie
1247 710 1355 756 silve,
1388 709 1443 745 sic
1475 717 1510 746 et
1543 711 1723 746 demones

408 766 631 815 spirituales
653 768 781 813 bestie,
814 768 999 817 quamdiu
1024 768 1094 803 lux
1116 768 1263 803 iusticie
1285 775 1342 803 est
1362 780 1481 816 super
1504 769 1723 805 universam

408 832 572 869 terram,
604 825 641 861 in
674 826 860 862 cubilibus
895 825 988 872 suis,
1033 825 1073 861 id
1110 833 1178 872 est,
1224 825 1260 861 in
1300 826 1482 862 cordibus
1513 826 1722 876 impiorum
1744 842 1783 863 10

410 895 482 919 non
514 895 555 919 se
586 885 810 920 ostendunt:
841 896 926 920 cum
949 890 1076 919 autem
1100 884 1277 920 tenebras
1300 883 1508 932 impietatis
1532 885 1727 921 dominari

409 941 649 991 aspexerint,
695 949 784 978 tunc
816 943 996 978 demones
1030 942 1251 991 procedunt
1288 948 1354 977 aut
1392 942 1563 978 ministri
1591 955 1724 979 eorum

411 1000 457 1035 de
489 999 660 1036 latibulis
697 1000 776 1036 suis
812 1007 1014 1049 querentes
1051 1012 1160 1048 quem
1201 1000 1355 1036 valeant
1388 1001 1591 1039 devorare.
1634 1002 1725 1037 Ideo

412 1058 536 1094 videte
580 1070 625 1094 ne
661 1058 745 1107 quis
785 1070 853 1094 vos
890 1059 1060 1094 seducat.
1106 1058 1235 1094 Homo
1269 1058 1373 1094 circa
1407 1066 1570 1095 mortem
1599 1060 1725 1108 phan-

411 1117 531 1152 tasias
564 1116 687 1152 videt:
718 1117 772 1152 sic
805 1123 840 1152 et
872 1117 1037 1152 mundus
1069 1116 1104 1151 in
1138 1116 1244 1152 exitu
1276 1128 1345 1152 suo
1379 1117 1520 1153 multos
1546 1117 1727 1166 pacietur
1746 1120 1781 1153 15

412 1186 583 1211 errores.
628 1174 716 1210 Hoc
754 1181 851 1223 puto
890 1174 992 1223 quod
1029 1175 1081 1210 ad
1119 1186 1249 1210 omnes
1287 1174 1519 1211 christianos
1565 1175 1726 1222 dicebat,

410 1233 490 1269 sive
522 1240 610 1268 tunc
630 1232 710 1268 sive
732 1233 860 1279 modo,
884 1232 1070 1281 precipue
1097 1239 1224 1268 tamen
1247 1233 1299 1268 ad
1318 1234 1560 1269 sacerdotes:
1599 1233 1728 1270 Videte

408 1304 454 1327 ne
497 1291 580 1339 quis
624 1302 690 1326 vos
733 1291 905 1327 seducat.
956 1290 1030 1326 Vos
1068 1290 1157 1327 estis
1196 1290 1404 1326 luminaria
1449 1292 1607 1327 verbum
1653 1291 1728 1327 vite

409 1349 642 1386 continentes
694 1355 807 1397 atque
860 1348 1094 1384 candelabra
1148 1349 1339 1393 lucencia;
1379 1349 1506 1397 facile
1559 1349 1727 1385 lucernis

409 1407 528 1443 noctis
561 1406 740 1443 extinctis
779 1406 936 1443 ecclesia
977 1419 998 1441 a
1032 1406 1245 1442 latronibus
1283 1413 1338 1442 est
1372 1407 1539 1455 predam
1569 1408 1727 1456 paciens
1744 1426 1785 1447 20

410 1466 447 1501 in
493 1465 669 1501 tenebris.
729 1465 932 1508 Quomodo
983 1472 1110 1500 autem
1155 1472 1229 1501 stet
1272 1464 1468 1513 edificacio
1515 1466 1652 1502 domus
1694 1466 1728 1501 si

411 1523 612 1572 columpne
643 1523 880 1559 ceciderint?
911 1522 964 1558 Et
996 1535 1041 1558 ne
1065 1530 1178 1571 putes
1210 1523 1312 1571 quod
1341 1523 1605 1572 corporaliter
1627 1524 1727 1560 iubet

411 1594 475 1618 eos
517 1581 691 1631 aspicere
727 1581 796 1617 sed
832 1580 1091 1629 spiritualiter
1129 1588 1252 1617 mente
1289 1581 1551 1617 considerare.
1597 1582 1728 1618 Mente

411 1647 537 1676 autem
571 1646 700 1688 potest
731 1639 983 1675 considerare
1020 1638 1085 1687 qui
1108 1650 1182 1687 per
1213 1639 1351 1675 bonam
1392 1640 1725 1676 conversacionem

412 1705 574 1733 mentem
614 1697 727 1733 habet
765 1696 1033 1735 illuminatam.
1077 1696 1154 1740 Qui
1189 1709 1286 1747 ergo
1324 1697 1416 1733 bene
1458 1705 1783 1745 conversatur,25

412 1756 579 1792 lucidam
613 1755 726 1791 habet
758 1762 920 1791 mentem
954 1762 989 1790 et
1016 1754 1198 1804 intelligit
1220 1755 1284 1803 qui
1308 1762 1396 1791 sunt
1425 1755 1615 1792 doctores.
1652 1756 1730 1806 Qci

411 1821 536 1849 autem
563 1820 710 1863 peccat,
738 1825 871 1849 sensus
893 1813 971 1849 eius
1003 1825 1087 1849 cum
1111 1813 1159 1849 sit
1181 1813 1416 1859 tenebrosus,
1450 1826 1522 1849 non
1546 1814 1729 1864 intelligit

412 1871 477 1921 qui
517 1878 605 1907 sunt
641 1871 748 1907 servi
786 1871 864 1907 Dei
899 1879 934 1908 et
971 1871 1037 1920 qui
1073 1871 1242 1907 ministri
1279 1871 1432 1909 diaboli.
1479 1872 1586 1908 Sicut
1629 1872 1726 1908 enim

412 1929 477 1978 qui
512 1929 776 1979 corporaliter
813 1929 926 1965 habet
962 1929 1095 1966 oculos
1133 1937 1266 1965 acutos
1310 1929 1356 1965 de
1393 1929 1510 1980 longe
1536 1930 1728 1979 prospicit

413 1987 636 2034 venientem,
670 2000 718 2023 an
751 1987 899 2023 amicus
930 1987 1010 2023 eius
1041 1994 1096 2024 est
1127 2000 1175 2023 an
1208 1987 1474 2034 adversarius,
1507 1988 1572 2036 qui
1601 1995 1727 2024 autem
1745 1996 1786 2028 30

413 2046 543 2082 oculos
588 2046 701 2082 habet
743 2045 919 2095 infirmos
956 2046 1133 2095 quamvis
1171 2045 1377 2082 intenderit
1414 2058 1486 2082 non
1531 2046 1730 2096 cognoscit

413 2104 447 2139 si
476 2104 623 2140 amicus
655 2104 734 2139 eius
766 2111 819 2140 est
851 2116 900 2139 an
922 2103 1116 2139 inimicus:
1146 2104 1200 2140 sic
1233 2103 1297 2152 qui
1317 2111 1478 2140 mentem
1510 2117 1531 2140 a
1559 2104 1729 2153 peccatis

410 2162 585 2211 possidet
623 2162 806 2197 mundam
849 2162 896 2198 de
928 2162 1044 2211 longe
1082 2162 1303 2198 considerat
1341 2175 1388 2197 an
1421 2162 1535 2198 homo
1568 2163 1645 2198 Dei
1674 2169 1728 2198 est

414 2220 477 2255 ille
515 2220 578 2268 qui
609 2220 709 2256 venit
747 2232 794 2255 an
835 2220 948 2256 homo
988 2220 1151 2256 diaboli:
1195 2220 1229 2255 in
1263 2220 1414 2255 nomine
1451 2220 1600 2256 Christi
1630 2220 1729 2256 venit

413 2285 479 2313 aut
530 2278 566 2313 in
621 2278 760 2327 spiritu
809 2277 967 2314 Christi.
1026 2278 1101 2313 Aut
1140 2285 1257 2326 putas
1308 2278 1394 2325 quia
1457 2278 1783 2327 superventuri35

410 2336 578 2383 fuerant
612 2335 701 2371 novi
730 2336 961 2371 christiani?
992 2336 1111 2371 Absit.
1153 2336 1268 2380 Quod
1298 2348 1395 2385 ergo
1429 2335 1540 2372 dicit:
1573 2333 1577 2388 1
1613 2335 1731 2372 Multi
1765 2343 1849 2385 410a

415 2393 564 2429 venient
596 2394 631 2429 in
665 2394 815 2429 nomine
847 2406 944 2439 meo,
983 2394 1034 2429 ad
1071 2401 1220 2443 tempus
1251 2394 1516 2442 apostolorum
1546 2394 1726 2444 pertinet.

420 2450 527 2488 Tunc
570 2452 667 2487 enim
712 2452 835 2487 sciens
879 2452 1054 2487 diabolus
1098 2452 1183 2499 quia
1222 2452 1348 2487 adhuc
1387 2464 1507 2488 novus
1549 2452 1736 2491 Christus.

484 2657 513 2683 9.
534 2650 579 2676 A:
600 2652 645 2676 est
665 2649 758 2677 deest.
834 2658 874 2677 10.
896 2650 940 2677 A:
961 2651 1024 2677 suis
1043 2651 1135 2677 deest.
1209 2658 1254 2677 20.
1277 2652 1321 2678 A:
1338 2651 1451 2686 preda.
1525 2658 1567 2677 22.
1592 2651 1627 2678 B:
1645 2651 1727 2685 quia.

414 2682 531 2716 213—23.
553 2686 597 2711 A:
618 2684 971 2712 Mente—considerare
990 2685 1083 2712 deest.
1163 2693 1208 2718 24.
1230 2687 1273 2712 A:
1296 2687 1351 2720 qui
1367 2686 1448 2712 vivit.
1544 2684 1587 2712 32.
1609 2687 1654 2712 A:
1675 2688 1729 2712 aut

416 2719 565 2746 inimicus.
656 2718 702 2753 34.
725 2719 761 2746 ss:
784 2721 813 2747 si
831 2720 861 2747 in
883 2720 1014 2747 nomine.

485 2824 515 2853 7.
544 2814 669 2845 Psalm.
697 2814 780 2854 CIII,
809 2824 862 2845 20.
