1986 3289
195 198 282 224 CAI‘·
306 187 402 240 XIV-J
571 199 628 230 DE
657 199 969 230 ANTICHRISTO
1000 200 1080 230 ΗΒ.
1109 199 1145 229 II.

196 313 321 342 autem
355 313 440 341 erat
465 305 578 354 panis
622 305 808 341 traditori
841 306 964 351 datus,
1008 305 1081 341 nisi
1123 306 1407 342 demonstracio
1452 306 1512 341 cui

196 364 332 415 gracie
356 363 503 411 fuisset
535 363 747 413 ingratus?
792 363 953 398 Intravit
999 375 1096 412 ergo
1122 371 1211 412 post
1244 364 1342 399 hunc
1369 376 1508 412 panem

195 430 354 458 satanas
386 421 421 456 in
446 421 605 456 Domini
628 421 873 463 traditorem,
898 428 937 456 ut
959 421 1031 456 sibi
1057 421 1131 456 iam
1156 421 1341 456 traditum
1359 422 1510 470 plenius

194 480 411 529 possideret
443 479 477 513 in
512 490 619 526 quem
647 478 760 527 prius
793 478 1009 514 intraverat
1043 486 1080 513 ut
1121 479 1325 527 deciperet.
1380 480 1510 527 Neque

166 536 293 573 5enim
325 537 406 572 sine
449 536 514 572 illo
559 544 655 582 erat,
701 537 852 583 quando
891 537 941 571 ad
985 537 1121 572 Iudeos
1160 537 1339 585 perrexit
1383 545 1418 572 et
1465 538 1511 572 de

192 595 327 644 precio
359 594 531 629 tradenti
561 594 722 630 Domini
758 601 897 642 pactus
933 601 998 637 est,
1044 607 1127 630 cum
1163 595 1229 630 lzec
1269 595 1511 643 apertissime

197 653 325 688 Lucas
347 651 604 701 Evangelista
629 659 788 687 testetur
811 659 845 687 et
869 652 991 687 dicat:
1014 652 1179 687 Intravit
1202 660 1326 688 autem
1345 653 1511 688 Satanas

197 711 232 746 in
254 710 409 753 Judam,
433 709 496 757 qui
512 710 861 759 cognominabatur
885 710 1075 753 Scarioth,
1101 723 1213 745 unum
1241 711 1286 746 de
1309 711 1509 746 duodecim

198 776 232 804 et
264 768 355 804 abiit
386 775 420 803 et
453 767 601 803 locutus
633 775 688 803 est
720 780 804 803 cum
832 767 1073 816 principibus
1103 769 1363 804 sacerdotum.
1410 768 1512 804 Ecce

144 826 261 862 10ubi
303 825 516 862 ostenditur
559 826 662 874 quod
706 825 780 860 iam
823 825 1042 860 intraverat
1079 832 1237 861 satanas
1282 826 1317 860 in
1355 826 1509 861 Judam.

199 884 312 919 Prius
345 895 442 933 ergo
475 883 692 918 intraverat
716 883 952 918 immittendo
976 883 1010 918 in
1035 895 1103 919 cor
1126 883 1204 919 eius
1233 884 1510 933 cogitacionem

199 954 271 990 qua
304 942 478 976 traderet
506 940 704 976 Christum
717 955 727 975 .·
759 941 847 976 talis
870 941 967 976 enim
1002 941 1075 976 iam
1111 948 1269 976 venerat
1300 943 1351 977 ad
1374 954 1510 977 cenan-

200 1001 302 1035 dum.
336 999 448 1034 Nunc
479 1005 604 1034 autem
634 1006 725 1047 post
754 1011 891 1047 panem
918 999 1076 1034 intravit
1099 999 1135 1034 in
1159 1012 1256 1045 eum,
1291 1012 1363 1035 non
1386 1000 1512 1035 adhuc

199 1065 238 1093 ut
270 1057 435 1092 alienum
468 1063 632 1092 tentaret
662 1057 730 1092 sed
763 1064 801 1091 ut
829 1057 1035 1105 proprium
1066 1057 1297 1105 possideret.

147 1113 182 1145 1¹³
257 1115 344 1150 Non
377 1122 502 1150 autem
537 1121 575 1149 ut
593 1121 732 1162 putant
754 1115 909 1163 quidam
936 1115 1181 1165 negligenter
1209 1116 1390 1164 legentes,
1425 1123 1512 1151 tuuc

198 1172 321 1208 Judas
359 1172 506 1207 Christi
537 1184 674 1220 corpus
697 1173 853 1221 accepit.
889 1173 1186 1222 Intelligendum
1212 1180 1266 1208 est
1291 1173 1388 1208 enim
1412 1174 1513 1221 quod

201 1230 275 1265 iam
310 1230 482 1266 omnibus
516 1230 767 1265 distribuerat
802 1231 990 1265 Dominus
1020 1237 1307 1266 sacramentum
1337 1231 1514 1279 corporis

201 1295 236 1323 et
273 1287 474 1338 sanguinis
511 1288 581 1333 sui,
622 1288 685 1323 ubi
733 1295 767 1324 et
805 1288 885 1337 ipse
921 1289 1044 1325 Judas
1083 1296 1180 1331 erat,
1225 1289 1321 1324 sicut
1359 1296 1514 1325 sanctus

202 1346 328 1381 Lucas
361 1345 640 1381 evidentissime
673 1353 832 1381 narrat:
864 1358 908 1381 ac
932 1346 1067 1381 deinde
1098 1347 1242 1381 adhoc
1265 1354 1415 1382 ventum
1446 1354 1512 1393 est,

145 1411 186 1431 20
203 1404 264 1439 ubi
293 1404 500 1439 secundum
535 1404 806 1439 narracionem
838 1404 1024 1440 Joltannis
1056 1404 1296 1452 apertissime
1324 1405 1514 1440 Dominus

196 1474 271 1510 per
302 1462 511 1497 buccellam
553 1461 707 1497 tinctam
754 1469 866 1510 atque
904 1469 1129 1511 porrectam
1175 1474 1285 1497 suum
1330 1462 1515 1511 exprimit

201 1519 432 1555 traditorem
467 1519 660 1567 fortassis
686 1531 762 1568 per
789 1520 903 1568 panis
936 1520 1173 1565 tinccionem‚
1213 1520 1317 1555 illius
1354 1520 1515 1570 signans

190 1577 407 1626 ficcionem.
449 1577 536 1612 Non
568 1577 665 1612 enim
706 1578 834 1613 omnia
873 1589 942 1625 que
973 1578 1177 1628 tinguntur
1209 1578 1417 1613 abluuntur
1447 1579 1516 1613 sed

202 1642 241 1669 ut
286 1634 580 1684 interficiantur,
625 1635 806 1671 nonnulla
858 1636 1073 1685 tinguntur.
1128 1635 1170 1669 Si
1205 1643 1330 1671 autem
1376 1636 1513 1672 bonum

146 1695 185 1727 25
203 1692 348 1740 aliquid
380 1693 447 1728 lzec
480 1692 675 1742 significat
707 1693 855 1738 tinccio,
897 1693 1016 1728 eidem
1063 1694 1158 1729 bono
1203 1694 1402 1743 ingratum
1443 1706 1514 1729 non

203 1750 379 1786 inmerito
411 1758 540 1786 secuta
564 1758 620 1786 est
653 1751 859 1787 damnatio.
893 1751 1029 1786 Adhuc
1056 1758 1182 1786 tamen
1216 1752 1309 1786 Iude
1324 1752 1516 1800 possessio

203 1820 276 1844 non
300 1821 320 1843 a
337 1808 506 1844 Domino
529 1809 598 1843 sed
620 1821 640 1843 a
671 1805 674 1860 Ι
706 1809 857 1844 diabolo
881 1821 963 1844 cum
990 1809 1135 1844 homini
1156 1809 1313 1858 ingrato
1335 1810 1517 1845 intrasset

198 1866 312 1914 panis
344 1866 380 1901 in
414 1873 598 1911 ventrem,
632 1867 751 1902 hostis
774 1866 810 1901 in
835 1875 1019 1910 mentem,·
1050 1868 1188 1912 adhuc,
1220 1867 1388 1915 inquam,
1422 1867 1519 1902 tanti

203 1924 297 1959 mali
336 1924 411 1959 iam
452 1925 570 1959 corde
607 1924 780 1972 concepti
816 1925 956 1973 plenus
994 1925 1165 1960 restabat
1203 1925 1369 1973 effectus,
1412 1925 1518 1960 cuius

147 1987 187 2019 30
204 1982 277 2016 iam
298 1989 542 2030 precesserat
572 1982 840 2030 dampnandus
862 1983 1032 2030 affectus.
1068 1983 1198 2030 Itaque
1220 1995 1304 2018 cum
1329 1983 1518 2018 Dominus

198 2040 313 2088 panis
346 2040 454 2075 vivus
481 2052 620 2087 panem
656 2047 808 2076 mortuo
835 2040 1061 2075 tradidisset
1093 2047 1127 2075 et
1152 2052 1291 2088 panem
1327 2041 1517 2076 tradendo

198 2098 313 2145 panis
357 2098 588 2133 traditorem
637 2098 883 2133 ostendisset:
940 2098 1054 2141 Quod
1087 2098 1209 2145 sacis,
1262 2098 1393 2146 inquit,
1442 2099 1518 2147 fac

204 2155 331 2190 cicius.
377 2155 463 2191 Non
499 2155 669 2203 precipit
690 2155 864 2203 facinus,
916 2156 985 2191 sed
1010 2155 1189 2204 predixit
1222 2156 1314 2191 Iude
1358 2156 1516 2201 malum,

204 2213 309 2248 nobs's
342 2213 493 2249 bonum.
534 2213 636 2256 Quid
668 2213 765 2248 enim
799 2214 892 2248 Iude
920 2213 1030 2261 peius
1061 2221 1096 2248 et
1128 2213 1218 2261 quid
1250 2213 1355 2248 nobis
1384 2214 1519 2249 melius

148 2274 187 2307 35
204 2282 318 2319 quam
352 2270 519 2306 traditus
547 2270 725 2305 Christus
758 2271 803 2306 ab
836 2271 902 2307 illo
935 2272 1124 2306 adversus
1157 2271 1279 2315 illum,
1307 2283 1383 2319 pro
1415 2272 1520 2307 nobis

200 2335 337 2376 preter
368 2328 487 2363 illum.
528 2328 642 2371 Quod
661 2328 784 2375 facis,
809 2328 885 2376 fac
917 2328 1045 2364 cicius.
1086 2328 1118 2364 O
1146 2329 1302 2363 verbum
1338 2329 1518 2364 libencius

200 2386 337 2434 parati
366 2398 477 2433 quam
511 2386 612 2423 irati.
651 2385 684 2420 O
720 2386 876 2421 verbum
910 2398 982 2421 non
1015 2393 1092 2421 tam
1121 2398 1262 2434 penam
1297 2387 1519 2434 exprimens

199 2443 417 2491 proditoris
449 2455 560 2491 quam
596 2444 810 2479 mercedem
844 2444 1068 2494 significans
1099 2444 1370 2493 redemptoris.
1405 2444 1519 2480 Dixit

206 2500 326 2536 enim:
364 2501 477 2544 Quod
499 2501 621 2549 facis,
640 2502 714 2549 fac
737 2501 865 2547 cicius,
889 2514 961 2537 non
985 2509 1061 2536 tam
1087 2502 1122 2536 in
1140 2501 1351 2549 perniciem
1374 2502 1520 2550 perfidi

152 1809 164 1827 d

80 1812 146 1853 437

275 2609 294 2628 1.
316 2602 359 2628 A:
388 2601 450 2627 nisi
467 2600 651 2635 deuegacio.
725 2599 748 2627 3.
771 2602 816 2628 A:
839 2601 869 2627 in
891 2601 983 2627 deest.
1006 2599 1122 2627 Codd.:
1146 2601 1322 2634 perrexerit.
1413 2599 1454 2627 23.
1478 2601 1517 2628 B:

195 2634 393 2672 faccionenz;
418 2635 458 2662 ib.
481 2636 524 2662 A:
546 2637 731 2670 tanguntur.
832 2643 877 2668 24..
906 2635 947 2662 B:
969 2635 1158 2669 inficiantur.
1263 2635 1305 2662 25.
1328 2636 1366 2661 ss:
1388 2643 1448 2662 non
1476 2636 1519 2662 in-

204 2673 338 2704 gratum.
412 2677 459 2704 29.
485 2669 672 2706 A:affectus.
746 2669 864 2704 29—30.
886 2671 930 2697 A:
951 2669 1218 2706 cuius—affectus
1239 2670 1331 2697 deest.
1412 2668 1456 2696 30.
1474 2670 1511 2696 B:

204 2705 312 2740 Itaque
332 2712 397 2731 cunz
416 2712 490 2732 cunz.

277 2774 306 2795 2.
357 2765 472 2796 Lucae
520 2765 618 2804 XXII,
682 2765 781 2805 3—4.
949 2773 1000 2807 Π)Ν
1052 2765 1166 2795 Lucae
1214 2764 1315 2804 XXII,
1377 2774 1518 2807 19—21.

208 2812 260 2853 39.
284 2811 359 2842 Joh.
387 2812 472 2850 XIII,
501 2820 553 2852 27.

1715 202 1736 239 ζμ

1744 203 1765 239 <ad

1774 201 1794 238 (λι

1544 1123 1610 1149 The
1632 1130 1688 1156 sop
1713 1131 1773 1148 was.

1546 1162 1598 1184 not
1618 1157 1668 1183 the
1690 1157 1764 1192 bod>

1581 1191 1747 1219 ot'CI11·isl.
