1986 3289
162 224 243 261 290
758 216 922 248 OPERIS
948 215 1230 246 EVANGELICI
1262 215 1342 245 LIB.
1370 214 1426 245 IV.
1597 201 1702 255 [CAR
1725 207 1763 235 II·

451 323 638 360 diabolice
681 322 953 372 suggestiones
992 321 1251 357 immittantur
1283 328 1317 355 et
1349 319 1527 355 humanis
1559 319 1766 368 cogitacio-

451 382 559 417 nibus
611 381 860 426 misceantur,
907 387 947 414 ut
991 391 1055 415 eas
1087 387 1281 427 tamquam
1327 390 1417 413 suas
1455 378 1608 425 deputet
1640 377 1765 423 homo,

452 440 551 475 unde
581 439 652 474 scit
684 438 829 474 homo?
880 438 961 473 Nec
995 437 1244 472 dubitandum
1285 442 1340 472 est
1372 435 1491 472 eciam
1524 435 1642 470 bonas
1673 446 1766 484 sug-

451 497 646 548 gestiones
678 508 699 531 a
733 496 828 531 bono
860 495 1002 544 spiritu
1035 495 1086 530 ita
1120 495 1285 530 latenter
1306 506 1351 529 ac
1373 492 1634 542 spiritualiter
1653 492 1769 541 fieri:

451 555 520 591 sed
568 555 728 590 interest
763 553 987 602 quibusnam
1035 565 1168 588 earum
1210 564 1316 587 mens
1353 551 1520 586 humana
1555 549 1801 586 consenciat5

455 612 583 648 divino
629 611 777 647 auxilio
822 611 883 646 vel
926 611 1078 647 deserta
1118 622 1193 659 per
1225 609 1404 645 meritum
1445 609 1505 644 vel
1536 608 1667 643 adiuta
1696 619 1770 657 per

453 670 648 721 graciam.
700 669 863 705 Factum
897 680 995 718 ergo
1039 669 1115 703 iam
1138 669 1280 716 fuerat
1324 668 1359 703 in
1404 667 1522 703 corde
1565 666 1659 702 Iude
1696 677 1771 714 per

456 728 728 764 immissionem
753 726 997 771 diabolicam,
1032 734 1072 762 ut
1104 726 1280 762 traderet
1303 725 1513 774 discipulus
1536 723 1769 774 magistrum

455 787 524 822 sed
568 798 675 834 quem
722 797 794 820 non
840 784 1030 820 didicerat
1063 785 1202 821 Deum.
1256 783 1342 818 Jam
1389 783 1478 818 talis
1522 788 1679 818 venerat
1722 781 1773 816 ad

458 843 674 880 convivium
708 843 943 892 explorator
970 842 1157 891 pastoris,
1191 842 1396 877 insidiator
1426 840 1651 885 salvatoris,
1685 851 1772 875 ven-
1793 854 1830 874 10

460 902 564 938 ditor
608 897 905 952 redemptorisl.
957 901 1043 936 Jam
1092 900 1181 935 talis
1231 906 1388 935 venerat
1431 906 1466 934 et
1504 898 1707 933 videbatur
1738 904 1773 932 et
1817 902 1899 941 432C

459 960 703 995 tolerabatur
735 966 769 993 et
799 970 839 994 se
872 957 1056 1008 ignorari
1085 957 1368 1003 arbitrabatur,
1402 957 1489 1005 quia
1521 956 1556 991 in
1588 968 1630 991 eo
1664 967 1771 1003 quem

461 1017 612 1054 volebat
635 1017 789 1065 fallere
810 1016 1046 1063 fallebatur.
1081 1016 1130 1050 At
1162 1016 1226 1051 ille
1248 1015 1318 1051 isto
1342 1015 1378 1050 in
1411 1015 1492 1064 ipso
1526 1014 1644 1050 corde
1675 1013 1775 1048 intus

460 1076 629 1124 inspecto
663 1075 850 1110 nesciente
880 1074 1046 1109 scienter
1079 1074 1269 1109 utebatur.

168 1141 317 1180 Evam-the
337 1140 446 1185 traitgn·
520 1133 650 1168 Sciens
682 1132 768 1181 quia
814 1132 940 1167 omnia
986 1132 1091 1167 dedit
1122 1131 1157 1167 ei
1187 1132 1304 1167 Pater
1336 1130 1371 1165 in
1405 1141 1561 1174 manus;
1612 1141 1709 1179 ergo
1742 1135 1776 1164 et
1797 1132 1832 1165 15

169 1175 439 1239 wasffinglsmsts
462 1192 587 1240 ipsum
622 1190 870 1228 traditorem.
905 1190 1007 1225 Nam
1041 1190 1075 1225 si
1106 1202 1189 1225 eum
1224 1189 1259 1224 in
1294 1188 1469 1224 manibus
1501 1199 1573 1223 non
1607 1187 1776 1232 haberet,

461 1262 533 1285 non
579 1248 706 1297 utique
749 1248 816 1283 illo
860 1255 1046 1292 uteretur,
1092 1254 1131 1282 ut
1164 1247 1289 1282 vellet.
1334 1246 1504 1281 Proinde
1545 1245 1664 1280 eciam
1697 1251 1776 1279 tra-

464 1307 568 1343 ditor
591 1307 666 1342 iam
701 1306 871 1341 traditus
894 1312 978 1340 erat
1008 1305 1042 1341 ei
1061 1317 1171 1354 quem
1206 1305 1365 1340 tradere
1387 1303 1561 1353 cupiebat
1584 1309 1695 1352 atque
1728 1302 1777 1337 ita

464 1365 608 1400 malum
641 1364 834 1400 tradendo
856 1363 1046 1411 faciebat,
1080 1370 1120 1398 ut
1153 1363 1200 1398 de
1221 1362 1287 1398 illo
1321 1362 1466 1397 tradito
1497 1361 1635 1397 bonum
1659 1360 1779 1410 fieret

462 1423 565 1472 quod
598 1422 798 1458 nesciebat.
847 1421 999 1456 Sciebat
1031 1421 1129 1456 enim
1164 1420 1356 1456 Dominus
1401 1419 1491 1468 quid
1513 1418 1673 1467 faceret
1700 1429 1775 1467 pro
1796 1432 1837 1453 20

463 1480 598 1516 amicis
643 1480 707 1528 qui
744 1479 950 1528 pacientur
982 1479 1160 1514 utebatur
1192 1477 1352 1513 inimicis
1395 1489 1440 1513 ac
1471 1477 1525 1513 sic
1558 1476 1683 1512 onmia
1718 1476 1780 1511 de—

465 1539 577 1574 derat
605 1544 722 1586 pater
754 1538 789 1572 in
823 1548 959 1572 manus
997 1536 1078 1572 eius
1110 1543 1145 1571 et
1177 1536 1212 1571 in
1253 1548 1361 1571 usum
1402 1535 1505 1571 mala
1539 1542 1574 1570 et
1605 1534 1641 1569 in
1674 1533 1780 1582 effec-

465 1603 544 1631 tum
578 1596 688 1631 bona.
735 1595 868 1630 Sciens
913 1594 1030 1629 eciam
1074 1594 1163 1643 quia
1195 1606 1216 1629 a
1251 1594 1333 1629 Deo
1367 1593 1462 1629 exiit
1505 1599 1539 1627 et
1571 1592 1623 1627 ad
1654 1592 1779 1627 Deum

467 1653 586 1697 vadit,
628 1665 695 1689 nec
728 1653 854 1688 Deum
889 1664 972 1688 cum
1005 1652 1094 1688 inde
1126 1652 1253 1687 exiret
1285 1663 1351 1686 nec
1384 1663 1452 1687 nos
1485 1650 1665 1686 deserens
1696 1661 1781 1685 cum

466 1712 624 1749 rediret.
670 1710 756 1747 Hec
800 1722 897 1760 ergo
931 1710 1052 1746 sciens
1094 1710 1226 1759 surgit
1263 1722 1284 1744 a
1325 1721 1417 1745 cena
1460 1715 1495 1744 et
1529 1707 1638 1757 ponit
1671 1706 1781 1743 vesti-
1799 1710 1838 1743 25

467 1776 593 1805 menta
625 1781 709 1804 sua.
743 1770 826 1804 Hec
859 1767 1120 1816 Augustinus.

1012 1926 1149 1967 CAP.
1183 1925 1242 1966 II.

222 2030 437 2069 ‘Paschaws
528 2025 582 2059 Ex
626 2022 705 2059 isto
750 2031 857 2058 textu
902 2020 1096 2057 mellifluo
1142 2029 1179 2057 et
1223 2020 1340 2057 huius
1373 2020 1500 2056 sancti
1543 2018 1784 2067 expositorio

192 2066 455 2136 Hsssgffffi'sobffen
470 2090 602 2129 potest
635 2080 763 2116 fidelis
798 2079 939 2116 elicere
987 2080 1134 2115 multas
1167 2087 1295 2115 notas.
1351 2077 1486 2114 Primo
1518 2077 1674 2114 videtur
1705 2078 1783 2112 Au-

198 2135 435 2198 angffierksiennse
471 2139 653 2186 gustinus
686 2138 854 2174 innuere
887 2138 963 2173 hoc
986 2138 1094 2185 quod
1127 2149 1276 2174 nomen
1301 2137 1453 2172 Pascha
1486 2135 1536 2171 sit
1565 2137 1782 2181 Hebreum,
1800 2143 1842 2175 30

204 2207 223 2233 i.
245 2214 270 2232 e.
293 2190 446 2241 pa5510n.⁷
472 2206 509 2232 et
542 2197 673 2244 signat
706 2196 934 2241 transitum,
981 2204 1022 2231 ut
1065 2194 1211 2230 dicitur
1243 2195 1366 2230 Exod.
1401 2195 1462 2229 XI.
1515 2195 1597 2229 Nec
1628 2192 1784 2229 videtur

471 2255 603 2291 sensui
648 2253 765 2290 huius
813 2253 940 2289 sancti
986 2253 1191 2289 dissonum
1227 2253 1335 2300 quod
1381 2251 1430 2287 sit
1470 2251 1596 2287 eciam
1637 2262 1784 2286 nomen

473 2314 644 2348 Grecum
698 2313 748 2348 ad
793 2324 951 2347 sensum
999 2310 1252 2359 equivocum.
1307 2309 1371 2346 Sic
1406 2309 1510 2345 enim
1546 2309 1586 2344 in
1620 2308 1784 2344 diversis

472 2370 618 2417 linguis
652 2369 933 2417 cognoscimus
958 2370 1126 2405 eandem
1162 2380 1299 2404 vocem
1335 2367 1438 2403 sumi
1473 2366 1678 2415 equivoce,
1712 2378 1785 2402 nec

474 2428 652 2464 dissonat
685 2426 838 2464 racioni
872 2428 980 2475 quod
1021 2426 1061 2462 in
1096 2427 1235 2462 eadem
1269 2424 1406 2473 lingua
1439 2425 1658 2461 secundum
1694 2436 1785 2472 pro·
1802 2419 1841 2453 35

473 2485 650 2530 laciQnes
696 2485 735 2520 in
780 2484 946 2521 diversis
979 2484 1120 2532 patriis
1153 2492 1318 2520 vocatur
1351 2495 1456 2519 nunc
1495 2483 1646 2530 pascha
1678 2493 1785 2518 nunc

472 2545 609 2591 phase,
664 2556 754 2580 cum
802 2543 842 2578 in
888 2544 1026 2579 eadem
1076 2541 1236 2589 regione
1281 2550 1318 2577 et
1363 2541 1495 2588 lingua
1541 2539 1648 2588 capit
1679 2540 1784 2576 idem

546 2738 572 2762 ι’).
597 2737 632 2762 15:
655 2735 795 2762 adducta.
906 2734 940 2761 13.
964 2733 1211 2769 Aesallabatur.
1306 2742 1345 2766 14.
1369 2733 1406 2760 B:
1428 2733 1564 2767 iifl-pecto
1586 2731 1718 2758 correxit
1738 2731 1785 2758 in:

474 2773 625 2805 suspecto,
710 2769 748 2797 18.
764 2771 805 2796 A:
822 2778 879 2804 que
891 2769 1025 2796 tradere.
1106 2776 1133 2796 21
1168 2770 1205 2795 13:
1223 2768 1367 2795 correxit:
1384 2775 1422 2794 ac
1434 2767 1533 2794 simul.
1608 2773 1718 2793 21—22.
1741 2767 1784 2792 A:

477 2805 635 2832 desiderat
651 2807 754 2838 pater.
874 2812 921 2834 20-
942 2805 970 2830 A
997 2804 1026 2830 in
1055 2811 1170 2837 marga
1191 2803 1367 2835 .lolmnnes;
1387 2802 1426 2828 ib.
1448 2803 1476 2829 A
1497 2802 1526 2828 in
1549 2809 1661 2835 marg:
1682 2800 1786 2827 Prima

476 2844 559 2865 nola.
652 2838 765 2866 35—36.
790 2839 825 2865 13:
843 2836 1058 2872 probaciones.
