1986 3289
154 180 173 205 Ν

184 180 201 217 xl

211 168 233 204 00

179 648 284 676 Christ
304 656 409 674 comes

179 683 357 709 sometimes
378 687 408 708 to

191 725 300 744 reason
322 717 396 744 with

179 752 234 779 His
256 756 403 779 servants.

178 1273 293 1300 Nature
314 1272 348 1299 of
366 1273 415 1299 the

177 1309 235 1335 last
254 1307 422 1342 judgment,

755 172 873 203 OPUS
899 172 1235 203 EVANGELICUM
1264 172 1346 203 LIB.
1374 172 1426 203 ΙΙΙ.
1490 159 1597 216 [CAP-
1619 169 1752 198 LXXIII-

436 278 644 328 parabola,
690 278 752 313 ubi
783 277 899 313 dicit:
944 277 1077 313 Simile
1120 286 1175 313 est
1208 290 1371 328 regnum
1406 279 1578 314 celorum
1614 280 1758 316 lzomini

444 337 532 386 regi
563 336 625 384 qui
658 336 777 371 voluit
810 336 1003 371 racionem
1033 347 1180 384 ponere
1212 348 1296 371 cum
1329 337 1454 372 servis
1485 337 1576 373 suis.
1630 338 1758 373 Habet

443 401 568 429 autem
601 394 677 428 alia
707 393 900 442 parabola
933 394 1005 428 sic:
1046 393 1140 428 Cum
1175 401 1300 428 autem
1326 394 1471 429 venerit
1492 395 1605 443 filius
1637 395 1757 431 liomi-

445 452 501 488 nis
524 452 559 487 in
584 452 785 486 maiestate
815 463 884 486 sua
908 458 943 486 et
966 464 1094 486 omnes
1126 451 1259 500 angeli
1289 463 1373 486 cum
1407 464 1462 497 eo,
1497 460 1584 488 tunc
1615 454 1759 489 sedebit

444 522 559 559 super
591 510 718 544 sedem
753 509 967 544 maiestatis
1012 521 1078 544 sue
1110 517 1145 545 et
1177 510 1523 559 congregabuntur
1554 517 1642 545 ante
1674 523 1756 546 eum

446 579 576 603 omnes
597 574 744 617 gentes.
777 566 831 602 Ac
863 567 897 602 si
929 567 1052 602 dicat:
1084 567 1242 602 Interim
1268 567 1417 614 quidem
1451 568 1505 603 sic
1537 568 1670 613 veniet,
1704 569 1759 605 sic

442 632 558 674 ponet
599 625 792 660 racionem
827 637 910 660 cum
945 625 1069 660 servis
1100 625 1190 663 suis.
1232 625 1286 660 sic
1331 625 1512 661 discuciet
1544 637 1620 668 eos,
1664 626 1760 662 sicut

447 682 626 731 exposuit
658 682 729 717 ista
758 683 967 731 parabola„
1007 683 1101 718 Cum
1126 690 1251 718 autem
1287 683 1433 718 venerit
1454 683 1565 733 filius
1597 684 1760 720 hominis

447 741 482 776 in
529 740 727 775 maiestate
765 740 894 788 patris
938 741 998 776 sni
1035 753 1119 775 cum
1165 741 1316 790 angelis
1354 741 1446 784 suis,
1499 748 1587 777 tunc
1618 742 1761 778 sedebit

446 811 563 847 super
584 799 712 834 sedem
738 798 949 834 maiestatis
980 810 1057 844 sue,
1092 805 1287 846 tamquam
1321 810 1393 834 non
1424 811 1579 848 semper
1611 800 1762 836 veniens

446 869 529 892 cum
556 857 754 891 maiestate
777 856 906 904 patris
930 868 996 892 nec
1028 856 1180 907 angelis
1211 857 1302 903 suis,
1326 869 1392 892 nec
1423 869 1578 906 semper
1611 858 1762 894 veniens

446 915 574 950 sedeat
613 914 648 949 in
691 914 781 949 sede
826 914 1037 950 maiestatis
1074 926 1140 950 sue
1178 915 1245 950 sed
1283 922 1370 950 tunc
1402 916 1666 951 tantummodo
1688 916 1762 965 fiet

447 973 528 1009 lzoc.
579 972 656 1008 Sed
687 978 722 1006 et
755 972 852 1007 illud
885 972 970 1007 vide
1002 973 1190 1020 quomodo
1224 972 1259 1008 in
1301 973 1372 1008 hac
1401 974 1593 1021 parabola
1624 986 1760 1022 pecca-

447 1039 569 1067 torem
616 1041 687 1065 non
734 1029 769 1064 in
803 1030 931 1080 ignem
966 1042 1032 1066 nec
1065 1031 1101 1065 in
1136 1030 1303 1078 aliquam
1332 1043 1473 1079 penam
1513 1032 1581 1067 sed
1613 1039 1760 1067 tantum

449 1089 483 1124 in
517 1089 694 1124 tenebras
727 1088 944 1124 exteriores
976 1088 1077 1123 mitti
1102 1089 1287 1137 precepit.
1341 1089 1383 1123 In
1417 1089 1484 1124 illa
1517 1096 1643 1125 autem
1677 1102 1760 1125 cum

450 1146 594 1182 venerit
628 1146 663 1181 in
704 1146 904 1182 maiestate
930 1146 1072 1194 patris,
1118 1146 1193 1181 iam
1228 1158 1301 1182 non
1335 1154 1481 1182 tantum
1517 1147 1552 1182 in
1586 1148 1764 1183 tenebras

449 1204 665 1240 exteriores
696 1204 765 1238 sed
797 1211 831 1239 et
863 1204 897 1239 in
932 1204 1060 1253 ignem
1095 1204 1218 1240 mittet
1250 1212 1284 1239 et
1312 1217 1446 1253 penas.

506 1263 614 1303 Item,
648 1261 683 1296 in
709 1263 780 1297 lzac
798 1262 990 1310 parabola
1015 1262 1155 1297 iustum
1190 1262 1225 1297 in
1257 1263 1446 1312 gaudium
1472 1263 1571 1298 iubet
1593 1262 1765 1307 intrare,-

450 1321 485 1355 in
520 1320 586 1355 illa
620 1328 746 1356 autem
781 1320 816 1355 in
852 1332 1029 1369 regnum.
1070 1320 1208 1355 Adlzuc
1240 1327 1365 1355 autem
1400 1321 1501 1369 quod
1532 1321 1605 1355 ait:
1647 1320 1763 1356 Acce-

452 1379 543 1413 dens
567 1385 693 1414 autem
728 1385 763 1412 et
795 1378 859 1425 qui
881 1390 995 1413 unum
1029 1378 1213 1413 talentum
1247 1386 1451 1427 acceperat
1483 1379 1556 1414 ait:
1589 1378 1761 1414 Sciebam

451 1436 536 1484 quia
561 1437 673 1472 lzonzo
698 1437 820 1471 durus
852 1448 902 1481 es,
936 1436 1046 1471 metis
1077 1436 1181 1484 quod
1202 1448 1275 1471 non
1307 1436 1504 1472 seminasti
1535 1443 1569 1471 et
1601 1448 1764 1487 congre-

450 1505 525 1543 gas
557 1495 658 1542 quod
692 1506 763 1530 non
795 1493 986 1542 sparsisti.
1028 1493 1148 1529 Putas
1179 1494 1214 1528 in
1247 1494 1414 1530 secundo
1446 1495 1627 1539 adventu,
1679 1507 1763 1530 cum

452 1551 598 1587 venerit
642 1552 695 1587 sic
740 1551 970 1588 terribiliter
1013 1563 1097 1587 cum
1141 1552 1274 1601 gloria
1318 1564 1387 1587 sua
1432 1552 1547 1588 stabit
1580 1559 1766 1600 peccator

452 1616 539 1644 ante
572 1621 670 1655 eum,
717 1617 751 1645 et
784 1609 877 1644 talia
911 1609 1039 1644 dicet?
1081 1609 1201 1645 Absit.
1248 1609 1426 1645 Maxime
1464 1622 1548 1645 cum
1583 1622 1649 1645 nec
1681 1610 1766 1646 esti-

453 1674 554 1702 ment
578 1667 654 1702 viri
679 1668 893 1716 prudentes
920 1667 1128 1716 personale
1160 1674 1248 1702 tunc
1270 1668 1369 1715 sore
1400 1668 1594 1715 iudicium,
1628 1675 1668 1703 ut
1693 1680 1768 1717 per

452 1725 630 1775 singulos
662 1725 832 1761 homines
871 1724 1051 1760 Christus
1081 1725 1233 1774 quidem
1268 1725 1547 1775 interrogaret,
1582 1732 1768 1774 peccator

455 1789 581 1818 autem
617 1783 871 1832 responderet
903 1789 937 1818 et
967 1790 1079 1833 gesta
1112 1783 1386 1819 narracionum
1420 1783 1655 1833 efficiantur.
1693 1783 1770 1819 Sed

455 1840 583 1876 verius
616 1848 671 1876 est
703 1841 804 1889 quod
836 1840 889 1875 ait
911 1840 1132 1889 Apostolus,
1165 1841 1252 1890 quia
1286 1841 1321 1876 in
1356 1841 1660 1891 cogitacionibus
1690 1841 1769 1877 suis

455 1898 688 1934 iudicabitur
711 1898 979 1947 unusquisque,
1015 1899 1163 1934 dicens:
1202 1899 1278 1942 Qui
1310 1900 1512 1934 ostendunt
1544 1911 1639 1948 opus
1672 1899 1771 1949 legis

453 1956 640 2005 scriptum
687 1956 723 1992 in
756 1956 937 1992 cordibus
975 1956 1065 2001 suis,
1119 1956 1375 1992 testimonimn
1410 1958 1595 1993 reddente
1627 1957 1770 1993 consci—

457 2014 561 2049 encia
595 2027 727 2050 eorum
774 2022 808 2050 et
852 2015 952 2049 inter
982 2026 1022 2049 se
1054 2014 1213 2050 invicem
1247 2015 1549 2064 cogitacionibus
1587 2027 1770 2051 accusan-

458 2072 558 2107 tibus
590 2080 656 2108 aut
679 2072 797 2107 eciam
823 2072 1126 2120 defendentibus,
1159 2084 1242 2108 cum
1277 2072 1458 2108 iudicabit
1481 2073 1587 2108 Deus
1619 2073 1769 2109 occulta

457 2130 651 2166 hominum
680 2142 755 2179 per
793 2130 1036 2180 evangelium
1076 2143 1200 2166 meum
1230 2142 1305 2179 per
1341 2130 1538 2167 Christum
1574 2131 1768 2167 dominum

456 2194 629 2223 nostrum
665 2191 798 2226 Amen.
834 2189 917 2224 Hec
950 2187 1236 2224 Crisostomus.

515 2245 682 2281 Videtur
727 2246 847 2281 istum
893 2254 1076 2282 sanctum
1124 2245 1186 2281 hic
1220 2255 1257 2283 et
1290 2245 1518 2294 specialiter
1550 2258 1670 2294 super
1702 2245 1770 2282 illo

458 2303 624 2339 Matthei
641 2305 756 2353 XXII,
787 2316 854 2352 13:
880 2304 1033 2353 Ligatis
1055 2304 1229 2339 manibus
1252 2304 1468 2353 etpedibus
1490 2304 1595 2339 mitte
1626 2316 1710 2339 eum
1734 2304 1770 2339 in

459 2362 635 2397 tenebras
667 2363 885 2398 exteriores
918 2361 1164 2409 distinguere
1199 2363 1246 2398 de
1279 2362 1453 2398 tenebris
1497 2362 1602 2410 quod
1637 2361 1770 2410 alique

459 2427 550 2454 sunt
596 2421 757 2456 tenebre
803 2420 1032 2467 corporales
1078 2428 1115 2455 et
1163 2419 1295 2468 alique
1328 2421 1490 2455 tenebre
1530 2419 1769 2467 spirituales.

458 2478 640 2513 Tenebre
686 2478 914 2525 corporales
954 2486 1045 2513 sunt
1090 2479 1319 2525 corporales
1354 2477 1536 2514 carencie
1569 2477 1769 2513 luminum

528 2613 555 2639 (j.
577 2613 620 2639 A:
642 2610 682 2639 Ac
696 2621 722 2640 st
737 2612 819 2639 dicat
833 2612 931 2646 dcc-sm
953 2612 993 2639 ib.
1006 2613 1050 2639 A:
1067 2613 1137 2639 Item
1158 2612 1288 2647 quidem.
1365 2621 1400 2639 ιε.
1416 2613 1452 2639 Βς
1468 2612 1594 2639 sedebit.
1669 2612 1709 2639 ιο.
1725 2613 1769 2639 A:

458 2647 518 2673 iani
549 2647 640 2674 deest.
749 2646 789 2674 35.
824 2648 849 2674 Λ
884 2648 912 2674 in
942 2655 1055 2681 marga
1084 2647 1250 2674 Jolmnnes.
1343 2646 1386 2674 38.
1416 2649 1439 2674 Λ
1473 2648 1501 2674 in
1535 2655 1655 2681 manga:
1689 2649 1770 2674 leue-

536 2686 543 2713 1
570 2682 760 2716 corporales.

459 2700 511 2726 ‘⁷²⁴⁶’
538 2715 547 2746 Ι
570 2717 759 2750 spirituales.

531 2799 581 2830 20.
611 2790 710 2819 Rom.
742 2790 777 2827 ΙΙ,
812 2787 951 2819 ιῇ-ν-ιίὶ.

1783 819 1819 839 10

1784 1097 1818 1130 15

1784 1677 1824 1709 25

1786 1968 1827 2000 30

1787 2255 1826 2290 35
