1986 3289
215 227 302 255 cAp.
331 218 402 271 Ν]
610 229 670 260 DE
698 227 1013 259 ANTICHRISTO
1043 227 1125 258 [ΑΒ.
1153 227 1176 257 1.
1768 218 1809 253 15

209 335 303 384 quia
326 343 609 383 pervertuntur
632 343 713 370 tam
737 333 939 370 intellectu
963 345 1084 381 quam
1109 344 1244 380 opere,
1270 344 1360 368 cum
1385 330 1525 367 diebus

211 392 358 429 nostris
411 391 648 429 Antichristi
708 391 847 439 religio
900 400 958 427 est
1018 399 1169 435 erecta3
1216 390 1306 426 ideo
1351 398 1433 425 tam
1486 388 1526 424 in
1577 397 1607 423 in
1630 395 1777 433 doctrine,

210 450 306 498 legis
352 450 508 486 fallacia
554 462 676 498 quam
709 449 748 485 in
791 448 871 485 vita
905 449 1095 485 mendosa
1130 448 1324 484 deludunt
1355 447 1526 495 populo:

212 510 427 544 observant
469 516 606 544 tamen
639 506 851 555 antiquum
885 506 1075 543 infamem
1110 505 1326 550 binarium,
1366 506 1435 541 sed
1468 516 1529 540 ex—

179 567 359 603 §cedunt
392 565 432 601 in
465 565 596 602 fallaci
629 564 845 613 scriptura,
886 577 976 600 cum
1011 573 1214 600 servantes
1246 571 1392 599 statuta
1427 574 1529 598 nova

214 632 348 671 preter
381 623 508 671 legem
534 623 697 659 Domini
729 624 818 670 plus
851 635 971 671 quam
1007 621 1256 669 evangelium
1291 629 1458 657 currunt
1480 621 1529 656 ad

213 694 360 729 papam
396 681 572 717 radicem
607 693 676 717 sue
709 680 857 716 heresis
890 681 940 716 ad
974 692 1064 716 cum
1098 679 1256 727 scriptis
1288 690 1358 714 sue
1390 678 1531 725 volup-

214 739 287 775 tati
320 748 357 774 et
380 739 490 775 lucro
515 738 766 786 placentibus
791 738 1119 786 dispensandum.
1153 739 1202 773 Et
1224 737 1280 773 sic
1303 735 1532 784 scriptitant

215 809 334 844 super
366 797 495 843 legem
519 796 682 832 Domini
715 805 757 832 ut
789 808 909 844 super
942 795 1190 843 evangelium
1216 803 1253 831 et
1276 803 1409 842 partes
1434 793 1532 830 alias

163 872 200 892 10
215 855 419 890 trahentes
452 867 523 902 per
555 867 645 890 suas
678 855 831 902 glossas
855 854 1034 890 sinistras
1067 855 1116 889 ad
1139 866 1255 889 suum
1280 851 1532 900 propositum

215 920 340 948 totam
375 912 618 949 sentenciam
653 912 750 960 legis
784 911 855 948 Dei
889 920 926 948 et
958 911 1096 948 dicunt
1127 910 1287 959 publice
1320 911 1427 958 quod
1459 909 1534 945 nisi

218 969 292 1017 ipsi
346 969 528 1006 iuvarent
579 982 738 1006 sensum
791 969 888 1017 legis
942 979 978 1006 et
1029 969 1252 1005 nubilosam
1308 967 1532 1004 doctrinam

217 1027 429 1075 Augustini
478 1041 567 1064 cum
614 1028 702 1064 aliis
747 1027 923 1076 antiquis
971 1027 1218 1073 doctoribus⁷
1253 1026 1401 1074 periret
1434 1025 1536 1061 infra

220 1085 421 1121 modicum
462 1098 599 1122 sensus
632 1085 722 1130 Dei3
772 1094 808 1122 et
852 1086 907 1121 sic
941 1085 1111 1121 dilatant
1144 1084 1398 1132 philateriam
1432 1084 1536 1119 ultra

167 1151 202 1182 15
220 1143 406 1191 antiquas
453 1144 750 1193 menbranulas,
795 1145 864 1180 sed
898 1145 1002 1180 Deus
1042 1143 1147 1179 iuvet
1179 1154 1290 1178 suam
1326 1141 1535 1178 ecclesiam

220 1210 359 1237 contra
392 1201 488 1238 istos
511 1201 712 1250 ypocritas
736 1213 818 1237 tam
843 1201 996 1237 intense
1019 1201 1195 1237 cautelas
1223 1200 1374 1236 diaboli
1406 1199 1536 1248 publi-

224 1268 371 1295 cantes.

279 1317 541 1365 Magnificant
586 1318 762 1354 secundo
807 1317 999 1361 fimbrias,
1046 1316 1139 1365 quia
1188 1329 1270 1353 non
1303 1316 1432 1351 solum
1467 1327 1538 1363 per
1564 1326 1610 1365 ¹in
1632 1326 1718 1353 dress
1740 1325 1799 1364 apd

222 1387 334 1411 suam
380 1376 558 1423 regulam
604 1377 672 1411 sed
716 1387 787 1423 per
831 1388 947 1411 suum
994 1375 1173 1411 habitum
1222 1383 1258 1410 et
1303 1373 1401 1409 ritus
1440 1373 1538 1409 alios
1563 1369 1593 1388 ¹¹¹
1613 1368 1815 1388 ceremomes.

166 1450 207 1471 20
224 1432 429 1480 decipiunt
481 1432 739 1477 christianos3
787 1442 825 1469 et
868 1433 923 1469 sic
968 1432 1008 1469 in
1056 1432 1129 1468 ista
1175 1433 1349 1468 secunda
1382 1431 1539 1467 fallacia

223 1499 413 1538 superant
445 1492 493 1527 de
524 1492 608 1538 lege
637 1491 759 1527 veteri
784 1491 1002 1539 phariseos,
1037 1499 1080 1526 ut
1103 1499 1213 1538 patet
1244 1491 1291 1526 de
1323 1489 1539 1533 habitibus,

225 1550 272 1584 de
304 1548 466 1584 nutibus
501 1557 538 1585 et
577 1548 718 1585 ritibus
763 1549 850 1585 aliis
882 1548 922 1585 in
956 1548 1123 1585 ecclesia
1157 1548 1274 1584 hodie
1307 1547 1539 1584 observatis.

225 1608 382 1642 Ponunt
415 1606 518 1642 enim
550 1607 639 1654 plus
671 1606 846 1643 numinis
870 1606 909 1642 in
933 1606 1013 1642 suis
1037 1605 1238 1642 habitibus
1263 1618 1383 1654 quarn
1407 1605 1481 1640 fuit
1502 1604 1542 1640 in

224 1664 361 1700 tunica
393 1664 539 1701 Christi
572 1664 802 1701 inconsutili
836 1673 873 1701 et
906 1666 1014 1712 quod
1048 1664 1227 1700 fimbrias
1264 1676 1355 1700 suas
1389 1662 1543 1710 magni-

170 1729 208 1761 23
228 1722 361 1767 fleant,
409 1731 518 1770 patet
565 1722 836 1770 explicacione
882 1722 1050 1759 vestium
1092 1722 1131 1758 in
1165 1721 1362 1770 religiosis
1396 1720 1543 1757 nostris

226 1780 505 1816 incedentibus
537 1780 622 1816 sine
655 1779 806 1828 cappis.
842 1780 1029 1826 Religiosi
1062 1789 1197 1816 autem
1231 1779 1357 1816 nostri
1382 1778 1543 1827 cappati

227 1839 374 1874 habent
419 1851 490 1874 sua
532 1838 770 1874 vestimenta
815 1837 986 1874 nimium
1029 1837 1199 1874 dilatata
1232 1846 1269 1873 et
1302 1850 1372 1885 per
1406 1849 1543 1873 conse-

228 1908 352 1944 quens
387 1895 643 1944 magnificata
688 1909 769 1932 non
803 1896 932 1932 solum
966 1896 1005 1931 in
1040 1895 1210 1932 fimbriis
1244 1897 1311 1932 sed
1344 1895 1384 1931 in
1418 1894 1541 1943 parti-

229 1955 300 1989 bus
334 1954 421 1990 aliis
455 1953 776 2003 quibuscunque.

173 2020 214 2051 30
287 2011 469 2048 Christus
501 2021 634 2048 autem
668 2024 750 2048 non
783 2011 900 2059 exigit
933 2011 1028 2047 talia
1050 2010 1287 2047 indumenta
1312 2012 1446 2060 quoad
1479 2024 1543 2047 co-
1587 2019 1654 2047 The
1674 2026 1798 2046 woman

228 2070 355 2105 lorem
401 2078 437 2106 et
483 2070 651 2118 figuram
694 2070 735 2106 in
766 2070 846 2107 suis
880 2069 1072 2117 apostolis
1106 2065 1167 2122 (ut
1199 2078 1308 2117 patet
1341 2071 1447 2105 Luce
1479 2054 1835 2125 V)‚{}'yh‘}0{}'g¹ffisfgstehde

229 2140 301 2163 nec
334 2127 429 2175 jrpse
472 2128 611 2164 habuit
656 2128 730 2164 nisi
763 2127 944 2163 strictam
990 2127 1191 2163 fimbriam
1237 2124 1298 2180 (ut
1342 2127 1405 2163 hic
1450 2127 1545 2163 dicit
1562 2124 1835 2193 heszafffffigffiist'ss

230 2182 502 2238 Jemnymus),
535 2194 572 2222 et
594 2185 795 2222 ordinavit
819 2185 1026 2221 mulierem
1052 2185 1187 2221 sanari
1211 2198 1288 2233 que
1311 2185 1545 2233 paciebatur
1765 2180 1770 2185 ¹

232 2243 380 2279 fluxum
428 2243 632 2291 sanguinis
676 2256 747 2292 per
791 2252 941 2280 tactum
988 2243 1047 2279 sui
1081 2243 1260 2291 corporis
1293 2252 1330 2279 et
1362 2256 1444 2279 non
1475 2256 1546 2291 per

176 2309 383 2341 '35tactum
429 2303 581 2337 nudum
628 2301 785 2338 fimbrie
817 2301 1059 2346 vestimenti,
1094 2303 1143 2337 ad
1177 2302 1403 2337 docendum
1438 2302 1547 2349 quod

233 2371 371 2395 sensus
404 2359 642 2396 intrinsecus
676 2359 917 2396 insensibilis
950 2358 1047 2406 legis
1071 2359 1142 2395 Dei
1175 2359 1323 2395 servari
1357 2360 1474 2395 debet
1506 2358 1547 2394 in

230 2429 324 2452 vera
356 2417 549 2465 religione
589 2427 625 2453 et
658 2430 738 2453 non
771 2418 1027 2453 solummodo
1060 2416 1100 2452 in
1132 2417 1206 2453 hiis
1239 2416 1373 2464 signis.
1415 2416 1548 2453 Potuit

234 2474 338 2510 enim
372 2476 443 2511 hec
467 2475 609 2510 mulier
631 2484 793 2522 tangere
817 2475 1016 2511 fimbriam
1050 2474 1184 2511 tunice
1207 2487 1275 2510 sue
1308 2474 1489 2523 deposite
1513 2482 1549 2510 et

235 2545 316 2568 non
348 2533 480 2568 sanari
513 2534 579 2569 sed
614 2533 737 2569 fluere
769 2533 1003 2581 sanguinem
1038 2532 1140 2568 sicut
1172 2533 1293 2580 prius.
1339 2534 1416 2569 Sed
1448 2532 1550 2568 sicut

176 2609 221 2638 40
237 2602 325 2626 vere
371 2590 517 2626 dicitur
561 2592 682 2627 homo
727 2590 854 2638 tangit
887 2590 1107 2636 hominem,
1146 2591 1241 2626 dum
1275 2590 1403 2638 tangit
1434 2590 1549 2626 vesti-

240 2656 417 2683 mentum
465 2661 544 2696 quo
579 2649 730 2684 celatur
763 2661 909 2696 corpus
943 2648 1038 2694 eius,
1086 2648 1141 2684 sic
1182 2649 1253 2684 hec
1287 2648 1431 2684 mulier
1463 2656 1549 2684 tan-

238 2718 331 2752 gens
380 2705 579 2742 fimbriam
614 2705 839 2742 vestimenti
875 2705 1023 2742 Christi
1056 2705 1185 2753 tetigit
1218 2718 1363 2753 corpus
1398 2706 1479 2741 eius
1513 2714 1550 2740 et

308 2851 349 2878 23.
372 2852 409 2878 13:
451 2852 499 2878 lus
518 2853 626 2879 minax.
701 2860 749 2886 24,
771 2852 814 2880 25.
835 2853 879 2879 A:
901 2851 1088 2886 manificant.
