1986 3289
181 189 257 226 234
778 184 896 215 OPUS
921 183 1257 214 EVANGELICUM
1294 182 1377 215 LIB.
1404 183 1457 214 III.
1538 169 1645 223 [CAP-
1666 179 1774 207 LXIII·

210 300 357 341 Example
379 299 413 326 of
524 291 638 326 Unde
687 289 805 326 istam
852 288 1022 325 heresim
1071 301 1152 324 non
1199 287 1308 324 novit
1340 296 1500 324 sanctus
1541 289 1776 324 Edmundus

202 336 246 363 δῖ’
267 334 424 362 Edmund.
465 348 608 384 doctor
641 356 678 384 et
701 347 927 395 episcopus,
963 359 1052 383 cum
1079 347 1126 382 de
1149 345 1235 393 ipso
1269 345 1435 382 ecclesia
1468 345 1523 382 ita
1546 345 1638 393 legit
1671 347 1777 394 quod

466 418 555 442 cum
605 406 777 442 mundus
823 417 845 440 a
890 404 1020 441 carnis
1054 403 1249 451 contagiis
1295 403 1335 439 in
1368 403 1552 440 extremis
1586 415 1707 451 agens
1741 411 1778 440 et

467 476 611 511 corpus
647 462 794 499 Christi
839 461 912 498 sibi
947 462 1123 498 delatum
1169 461 1321 497 videret
1355 470 1391 497 et
1424 467 1650 498 reverenter
1683 462 1777 498 ado-

467 530 572 557 raret
604 522 676 558 hec
715 521 834 557 verba
866 519 975 556 omni
1020 519 1248 556 attencione
1290 520 1469 555 notanda
1511 519 1611 555 mira
1643 521 1812 566 prom-5

467 578 557 615 lisse
591 578 909 627 compunccione
943 586 1079 626 aperte
1113 586 1378 614 monstratur:
1431 577 1485 612 Tu
1524 589 1562 612 es
1603 577 1637 612 in
1671 589 1779 626 quem

467 637 629 684 credidi,
661 649 769 686 quem
788 636 1004 686 predicavi,
1039 647 1146 684 quenz
1184 635 1307 681 docui,
1342 643 1376 670 et
1399 642 1437 670 tu
1463 635 1568 670 testis
1601 646 1638 670 es
1667 635 1783 670 michi

468 696 568 743 quod
600 695 718 731 nichil
749 695 859 730 aliud
891 694 964 730 nisi
1000 701 1035 729 te
1066 693 1234 729 Domine
1266 693 1302 728 in
1335 700 1441 728 terra
1476 692 1633 740 quesivi,
1687 692 1781 730 sicut

468 761 506 788 tu
538 753 613 789 scis
645 753 747 801 quod
790 752 908 788 nichil
941 752 1026 788 volo
1060 751 1132 786 nisi
1168 751 1329 799 quodvis
1361 750 1439 799 fiat
1475 751 1650 786 voluntas
1703 757 1779 786 tua.

468 810 544 847 Ubi
596 811 762 858 planum
796 809 954 846 videtur
999 809 1183 845 fidelibus
1228 810 1335 856 quod
1382 807 1516 856 dirigit
1548 807 1780 844 oracionem
1804 822 1841 843 10

468 881 581 905 suam
637 869 687 904 ad
733 868 861 916 ipsam
908 866 1082 903 hostiam
1128 866 1203 902 sibi
1236 867 1357 902 latam
1392 874 1429 901 et
1463 867 1619 902 orando
1652 865 1779 913 ipsam

469 926 715 963 adoracione
759 925 910 962 vicaria
942 924 1223 973 principaliter
1262 923 1397 972 dirigit
1430 925 1593 959 verbum
1632 924 1681 959 ad
1714 924 1783 959 do-

470 984 623 1020 minum
656 986 789 1020 Jesum
825 983 1044 1030 Christum,
1090 981 1203 1019 cuius
1236 981 1320 1029 ipse
1362 981 1532 1017 credidit
1581 993 1664 1017 esse
1697 993 1783 1017 cor-

468 1055 542 1091 pus
577 1041 799 1090 figuraliter
831 1041 962 1090 ipsam
996 1040 1168 1077 hostiam
1205 1047 1500 1076 consecratum.

958 1222 1093 1264 CAP.
1125 1222 1301 1262 LXIII.
1808 1229 1843 1261 15

194 1317 439 1388 Ρῇἑῇῧζῖΐὲξῃῑξό
531 1321 722 1369 Sequitur
756 1319 795 1356 in
829 1328 935 1355 textu
959 1318 1127 1355 Matthei
1160 1319 1263 1354 XXV
1298 1330 1403 1364 cap.:
1444 1317 1548 1352 Tunc
1577 1316 1703 1352 simile
1735 1323 1789 1351 est

475 1392 639 1430 regnum
674 1379 845 1415 celorum
902 1378 1029 1413 decem
1076 1376 1295 1426 virginibus
1327 1387 1397 1423 que
1429 1374 1661 1424 accipientes
1694 1374 1789 1409 lanz-

469 1439 594 1487 pades
635 1449 726 1473 suas
765 1436 944 1472 exierunt
990 1435 1139 1470 obviant
1173 1445 1312 1483 sponso
1357 1440 1392 1469 et
1422 1445 1581 1481 sponse;
1631 1432 1792 1481 quinque

478 1503 605 1531 autent
639 1507 690 1531 ex
722 1494 775 1530 eis
807 1501 917 1529 erant
938 1494 1055 1541 fatue
1088 1499 1122 1528 et
1153 1492 1318 1540 quinque
1346 1491 1571 1539 prudentes.

253 1562 390 1601 „tei-ome:
533 1555 661 1600 Super
684 1564 763 1600 quo
778 1553 1033 1598 Jeronymus:
1059 1550 1174 1585 Hanc
1191 1549 1423 1598 parabolani
1448 1555 1481 1584 et
1503 1547 1790 1584 similitudinem
1807 1563 1849 1583 20

205 1596 434 1666 sslplsiepatroatglff
477 1612 607 1647 decem
642 1610 838 1660 virginum
853 1610 1065 1658 fatuarum
1100 1615 1212 1656 atque
1240 1606 1497 1656 prudenciunz
1522 1606 1675 1654 quidam
1699 1604 1790 1641 sim-

275 1674 356 1693 men.
471 1669 628 1718 pliciter
674 1668 983 1716 interpretantur
1027 1666 1063 1701 in
1113 1665 1330 1715 virginibus
1361 1676 1523 1728 quas-mn
1570 1663 1638 1698 alii
1680 1663 1789 1698 iuxta

474 1727 702 1776 Apostolum
737 1732 771 1761 et
804 1737 970 1773 corpore
999 1731 1034 1759 et
1066 1730 1189 1759 mente
1210 1730 1297 1758 sunt
1330 1722 1502 1772 virgines
1535 1728 1581 1767 et
1614 1720 1683 1756 alii
1715 1733 1790 1756 vzr-

474 1785 677 1835 ginztatem
711 1790 859 1819 tantum
894 1794 1104 1831 corporum
1140 1787 1387 1817 reserxantes
1420 1780 1480 1815 1el
1511 1786 1638 1814 cetera
1671 1790 1790 1830 opera

476 1855 549 1878 non
583 1842 722 1878 liabent
748 1848 952 1890 proposito
991 1852 1059 1876 suo
1103 1839 1245 1875 similla
1280 1839 1339 1873 vel
1374 1844 1581 1886 parentum
1616 1835 1847 1873 custodia25

478 1907 676 1936 νέςεφναΐε
708 1898 977 1934 nichilominus
1008 1905 1132 1933 niente
1164 1903 1390 1945 nupserunt.
1432 1896 1509 1930 Sed
1541 1894 1656 1930 michi
1687 1894 1789 1929 vide-

479 1966 542 1994 tur
574 1970 625 1994 ex
655 1956 924 2006 superioribus
968 1956 1068 1991 alius
1101 1966 1182 1990 esse
1213 1965 1345 1990 sensus
1383 1953 1448 2002 qui
1479 1952 1620 1988 dicitur
1652 1958 1686 1987 et
1719 1963 1791 1986 non

478 2015 690 2066 virginalia
734 2026 903 2063 corpora
948 2014 1016 2050 sed
1059 2013 1110 2048 aci
1143 2024 1254 2047 omne
1297 2011 1495 2047 hominum
1528 2022 1652 2060 genus
1694 2009 1792 2044 lianc

479 2073 813 2122 comparacionenz
842 2071 1050 2121 pertinere.
1092 2070 1198 2105 Sicut
1230 2069 1327 2105 enini
1363 2069 1437 2104 duo
1461 2068 1496 2103 in
1519 2079 1621 2117 agro
1654 2073 1688 2102 et
1721 2067 1794 2102 due

480 2132 663 2168 molentes
687 2131 782 2166 duos
800 2129 968 2179 populos
988 2129 1147 2179 signant
1174 2126 1485 2163 Christianorum
1509 2133 1545 2161 et
1564 2125 1793 2170 Judeorunz,
1810 2131 1851 2163 30

479 2190 558 2225 sive
589 2196 812 2225 sanctorum
858 2195 892 2223 et
925 2193 1176 2236 peccatorum
1219 2185 1350 2234 quiin
1397 2183 1556 2219 ecclesia
1601 2181 1796 2218 constituti

482 2248 673 2290 videntur,
705 2246 739 2282 si
767 2246 918 2294 quidem
954 2251 987 2280 et
1019 2244 1093 2293 ipsi
1119 2255 1237 2278 arare
1269 2249 1303 2278 et
1336 2242 1482 2277 molere
1512 2241 1580 2276 sed
1602 2247 1735 2276 cuncta
1759 2240 1795 2274 in

473 2305 660 2355 ypocrisi
681 2304 852 2352 faciunt,
884 2303 938 2338 sic
970 2309 1004 2338 et
1036 2313 1134 2337 nunc
1164 2301 1291 2337 decem
1327 2300 1498 2349 virgines
1521 2310 1650 2334 omnes
1674 2297 1794 2334 homi-

483 2375 547 2399 nes
591 2361 903 2411 complectuntur
948 2360 1011 2408 qui
1050 2359 1230 2394 videntur
1262 2358 1345 2393 Deo
1378 2357 1539 2393 credere
1571 2363 1604 2391 et
1636 2355 1797 2404 applau-

485 2421 577 2456 dunt
627 2419 698 2456 sibi
749 2419 785 2454 in
829 2417 1037 2467 scripturis
1067 2416 1211 2452 sanctis
1254 2423 1331 2451 tam
1373 2413 1650 2451 ecclesiasticos
1681 2425 1794 2461 quam
1812 2418 1852 2452 35

557 2622 575 2640 ι.
599 2615 624 2640 Α
641 2613 669 2639 iu
684 2620 769 2647 marg
790 2610 1109 2639 :Notazerhasancti
1127 2609 1288 2636 Edmuna'i.
1310 2609 1378 2635 Alia
1397 2616 1477 2634 man.
1489 2605 1571 2642 ‚sol.
1582 2606 1627 2641 Β]
1629 2606 1727 2633 clzard
1731 2603 1795 2639 fol.

485 2648 833 2713 {iq-Adthzlrlznszlzdgggtst.
933 2645 969 2672 15.
991 2647 1035 2672 A:
1060 2645 1133 2679 Cap.
1155 2644 1229 2671 LXi
1303 2651 1337 2670 20
1371 2644 1397 2670 Α
1418 2643 1446 2669 in
1471 2649 1583 2675 marga
1603 2641 1796 2674 jeronymus.

561 2754 610 2786 16.
637 2753 755 2785 Matth.
781 2754 885 2792 XXV,
917 2761 1012 2784 1—-2,
1065 2760 1116 2781 20.
1144 2750 1282 2781 Comrn.
1310 2751 1341 2780 in
1369 2748 1487 2780 Matth.
1513 2748 1534 2779 1.
1561 2758 1588 2779 c.
1615 2757 1691 2789 pag.
1721 2755 1797 2776 202.

489 2801 539 2832 23.
569 2802 590 2832 1.
618 2802 698 2832 Cor.
724 2801 795 2832 VII.
