1986 3289
149 860 186 880 10

149 1137 185 1170 15

146 1436 188 1457 20

149 1715 187 1747 25

151 2007 191 2039 30

200 219 290 246 CAP.
314 209 385 263 XL]
585 220 643 251 DE
672 218 986 251 ANTICHRISTO
1015 219 1097 249 ΜΒ.
1126 219 1147 249 I.
1747 220 1792 253 4¹

202 329 374 375 quedam
419 326 638 374 intersigna
682 325 830 362 amoris
876 325 978 361 inter
1026 325 1133 372 ipsos
1180 333 1216 361 et
1261 324 1429 360 feminas
1476 333 1513 360 et

200 397 271 432 per
288 385 501 421 meandros
524 384 623 420 alios
649 383 754 419 mille
776 384 971 419 seducunt
1003 382 1172 419 feminas
1205 381 1335 418 omnis
1359 382 1513 429 generis

201 451 237 478 et
270 441 495 490 specialiter
529 442 568 478 in
600 441 798 489 spirituali
832 440 1037 488 suffragio,
1071 440 1111 476 in
1145 440 1222 476 fide
1255 440 1453 476 catholica
1478 448 1514 476 et

199 499 387 536 versuciis
421 499 507 536 aliis
540 512 610 535 sua
642 498 815 547 ypocrisi
849 499 1064 535 mediante.

259 557 334 594 Ubi
367 560 520 606 (queso)
545 566 601 593 est
634 556 760 593 maior
784 556 932 592 heresis
965 568 1085 604 quam
1119 555 1159 591 in
1190 555 1314 591 literis
1333 555 1515 591 fraterni·
1562 560 1702 608 V-Let'tehrs
1723 559 1765 606 of⁴

201 615 307 662 tatis,
358 627 448 651 cum
497 616 716 651 confratres
748 614 934 662 ignorant
978 613 1008 650 si
1047 613 1257 650 oraciones
1297 625 1365 649 sue
1405 612 1514 661 quic·
1553 598 1782 667 {JfftffJJ-ggvjcffle

201 685 320 721 quam
368 674 525 710 valeant
568 672 692 709 eciam
729 671 803 708 sibi
835 671 950 720 ipsis;
995 671 1121 708 immo
1155 684 1244 708 cum
1279 670 1355 707 sint
1395 670 1515 707 alieni
1595 668 1735 699 practice.

202 743 224 767 a
256 739 364 767 secta
410 730 570 776 Christi,
616 729 825 778 probabile
871 738 927 766 est
975 731 1082 778 quod
1129 741 1201 765 sua
1246 728 1388 765 merita
1433 741 1514 765 non

201 788 289 836 plus
321 789 479 825 valeant
511 801 632 837 quam
666 800 790 836 opera
825 800 1088 835 paganorum.
1123 789 1171 823 Et
1204 799 1247 823 ex
1280 786 1357 823 alio
1390 787 1514 823 latere

202 858 244 882 ex
278 845 355 882 fide
389 847 532 883 deduci
565 846 712 894 poterit
745 846 853 894 quod
886 857 1026 882 omnes
1052 845 1269 881 militantes
1293 846 1514 881 secundum

201 905 370 952 gradum
423 904 482 940 sui
536 903 667 940 meriti
719 912 756 940 et
808 903 1043 951 capacitatis
1089 902 1388 951 participabunt
1435 902 1515 938 suis

201 961 399 1009 suffragiis
451 963 672 998 secundum
726 962 835 1010 quod
887 964 993 997 Deus
1045 960 1279 997 limitaverit
1331 960 1514 997 omnium

202 1020 475 1056 membrorum
509 1019 674 1056 ecclesie
707 1019 929 1055 militantis.

259 1078 544 1126 Blasphemum
568 1077 702 1126 itaque
726 1086 782 1113 est
804 1077 945 1113 fratres
968 1088 1086 1124 super
1113 1088 1153 1112 se
1177 1088 1381 1113 assumere
1404 1077 1512 1124 quod
1528 1081 1611 1108 Even
1632 1088 1713 1128 were}
1728 1079 1807 1108 their

203 1135 345 1172 merita
389 1148 460 1172 sua
503 1137 609 1183 apud
653 1135 830 1171 divinum
865 1134 1058 1170 iudicium
1092 1143 1250 1171 tantum
1283 1135 1429 1170 valent.
1464 1135 1513 1170 Et
1556 1123 1765 1184 meffissoyfiffug,

202 1192 348 1229 iterum
383 1194 662 1241 blasphemum
696 1202 752 1229 est
787 1205 852 1229 eos
876 1204 1078 1229 assumere
1101 1194 1209 1240 quod
1232 1193 1379 1228 habent
1402 1201 1511 1240 pote·
1534 1185 1715 1251 Ἧξὲῃξζὲξ
1736 1189 1790 1250 ᾖξέ

201 1258 344 1287 statem
393 1253 611 1287 secundum
657 1252 764 1299 quod
803 1250 877 1299 ipsi
922 1249 1120 1287 voluerint
1164 1250 1323 1298 populis
1369 1250 1513 1298 quibus
1541 1243 1794 1286 mei-itofthem.

201 1307 277 1356 ipsi
309 1309 559 1345 vendiderint
591 1321 660 1345 sua
694 1308 835 1345 merita
857 1308 1077 1356 parciendi.
1113 1309 1199 1344 Hoc
1223 1307 1327 1344 enim
1352 1310 1435 1344 Deo
1459 1316 1515 1344 est

201 1366 423 1414 proprium,
456 1366 558 1403 sicut
590 1366 665 1402 sibi
698 1376 755 1403 est
782 1366 991 1415 proprium
1016 1365 1197 1402 homines
1221 1365 1394 1402 finaliter
1416 1365 1517 1402 iudi-

205 1436 306 1460 care.

261 1481 479 1530 Supposito
513 1494 606 1530 ergo
639 1484 748 1530 quod
795 1483 912 1530 longe
945 1481 1153 1518 oraciones
1187 1494 1255 1518 sue
1287 1482 1348 1518 vel
1380 1481 1515 1529 aliquo

204 1551 268 1575 sex
300 1552 488 1587 generum
536 1540 771 1576 meritorum
806 1541 963 1577 valeant
1007 1539 1082 1576 sibi
1116 1548 1152 1575 et
1192 1539 1278 1575 aliis
1312 1541 1362 1575 ad
1394 1539 1518 1575 beati-

203 1597 382 1634 tudinem
402 1597 709 1646 adquirendam,
734 1599 866 1635 adhuc
881 1597 1051 1646 particio
1075 1606 1111 1633 et
1135 1597 1340 1633 concessio
1364 1609 1517 1641 eorum,

205 1667 296 1691 cum
341 1655 390 1691 sit
435 1658 518 1692 Deo
562 1656 738 1704 propria,
785 1657 1005 1692 secundum
1054 1656 1161 1702 quod
1206 1667 1376 1703 persone
1428 1663 1519 1691 sunt

205 1712 335 1761 digne,
370 1722 461 1749 sunt
494 1726 515 1750 a
548 1714 736 1750 fratribus
770 1714 911 1750 aliene.

262 1773 336 1807 Iste
381 1784 474 1819 ergo
520 1780 625 1808 secte
670 1781 760 1808 sunt
806 1784 848 1808 ex
888 1780 1001 1819 parte
1034 1770 1184 1807 diaboli
1220 1769 1417 1807 mendacii
1450 1770 1519 1818 qui

205 1829 357 1865 seduxit
389 1831 510 1866 Evam
545 1829 585 1865 in
619 1829 806 1866 absencia
838 1829 898 1865 sui
933 1828 1066 1866 mariti
1100 1837 1137 1865 et
1169 1841 1240 1876 per
1266 1828 1376 1866 illam
1401 1841 1516 1864 suum

206 1886 430 1934 coniugem,
476 1896 518 1923 ut
562 1896 671 1935 patet
717 1888 812 1925 Gen.
848 1889 916 1934 1113
961 1896 998 1923 et
1031 1886 1291 1923 conformiter
1324 1887 1520 1923 seducunt

206 1944 347 1980 fratres
381 1945 564 1981 dominos
598 1954 635 1982 et
667 1946 852 1982 dominas
886 1954 922 1981 et
955 1957 1025 1993 per
1057 1945 1163 1992 ipsas
1196 1953 1326 1981 totum
1351 1956 1518 1992 regnum

207 2011 326 2050 atque
372 2002 608 2039 militantem
656 2003 885 2047 ecclesiam3
921 2011 959 2039 et
991 2002 1194 2039 mediante
1226 2002 1301 2039 ista
1334 2001 1519 2039 mendaci

207 2068 343 2096 tamen
359 2061 515 2097 cautela
531 2061 850 2109 multiplicantur
866 2061 904 2096 in
919 2073 1088 2097 numero
1104 2069 1141 2096 et
1157 2059 1387 2096 defensione
1404 2073 1519 2096 mun-

209 2119 325 2164 dana,
359 2118 398 2153 in
431 2118 616 2154 domibus
650 2128 686 2155 et
719 2118 806 2155 aliis
839 2119 1130 2166 temporalibus
1155 2130 1231 2167 que
1254 2118 1438 2155 diabolus
1464 2117 1518 2154 eis

208 2174 341 2211 influit
372 2184 579 2225 tamquam
610 2176 840 2224 apcioribus
873 2176 952 2213 suis
985 2175 1317 2224 procuratoribus
1350 2189 1424 2224 pro
1448 2188 1518 2212 suo

208 2233 375 2281 prodiga
408 2234 610 2270 servitute.

266 2293 313 2326 Et
356 2292 428 2327 hec
472 2291 581 2328 racio
626 2304 749 2340 quare
794 2292 1013 2328 defendunt
1051 2292 1106 2328 sic
1139 2304 1286 2340 papam
1321 2300 1357 2328 et
1390 2300 1517 2328 sectas
1562 2311 1775 2338 Friarsmake

208 2347 318 2393 alias,
366 2357 408 2384 ut
452 2362 492 2385 se
536 2349 669 2386 iuvent
714 2349 917 2397 reciproce
961 2351 1032 2385 sub
1066 2358 1203 2386 mutue
1235 2349 1518 2386 vicissitudinis
1542 2354 1693 2407 Cssffissssffig
1709 2354 1799 2407 0²3¹&ss

209 2407 386 2442 obtentu.
433 2408 515 2443 Hec
560 2416 616 2444 est
665 2407 774 2443 racio
807 2420 877 2444 cur
909 2415 1063 2444 tantum
1099 2407 1240 2444 odiunt
1273 2409 1379 2455 quod
1412 2407 1519 2443 ordi·
1551 2415 1609 2442 and
1630 2415 1680 2442 the
1701 2389 1787 2442 niihier

209 2463 325 2499 nacio
378 2464 525 2500 Christi
577 2467 768 2513 procedat
819 2465 859 2501 in
912 2465 992 2501 suis
1044 2465 1237 2501 limitibus
1289 2466 1349 2502 vel
1411 2467 1519 2513 quod
1629 2454 1717 2476 ⁵⁰⁰⁶*

211 2521 457 2569 evangelium
503 2522 744 2570 predicetur,
791 2523 883 2571 quia
928 2522 1154 2559 coniectant
1197 2524 1303 2571 quod
1342 2523 1373 2559 si
1412 2522 1519 2559 ordi-

210 2579 326 2615 nacio
371 2579 518 2616 Christi
563 2589 684 2617 staret
728 2580 768 2616 in
812 2580 892 2616 suis
935 2580 1142 2627 limitibus,
1189 2593 1278 2617 cum
1318 2593 1399 2617 non
1431 2589 1522 2616 sunt

282 2735 310 2762 6.
332 2736 370 2763 ss:
390 2734 587 2772 confessores
607 2738 768 2772 ignorant.
860 2745 903 2764 10.
924 2738 967 2764 A:
986 2739 1134 2772 ponterzt.
1222 2745 1255 2764 11.
1277 2738 1321 2764 A:
1342 2737 1407 2764 suis
1427 2737 1522 2764 deest.

216 2777 252 2797 12.
275 2770 463 2798 lz'mitaverit.
484 2771 542 2798 Hic
562 2773 690 2799 verbum
712 2771 831 2798 excidit.
925 2779 965 2799 21.
985 2773 1029 2798 A:
1050 2772 1098 2798 vel
1116 2772 1209 2798 deest.
1283 2779 1325 2799 22.
1346 2773 1391 2798 A:
1412 2773 1522 2798 valent.

214 2803 256 2831 23.
279 2805 316 2831 13:
335 2806 459 2839 peticio.
573 2806 618 2832 28.
641 2807 683 2832 A:
703 2809 787 2840 patet
807 2806 902 2833 deest.
998 2805 1036 2833 31.
1060 2806 1097 2832 13:
1119 2807 1330 2841 multiplicant.
1414 2806 1456 2833 33.
1478 2808 1520 2833 A:

212 2841 473 2873 praem-alaribus
494 2841 567 2867 suis.
666 2840 706 2867 35.
729 2842 756 2867 A
778 2842 806 2867 iu
830 2849 943 2874 marga
967 2849 987 2867 1.
1080 2840 1123 2875 37.
1146 2842 1172 2867 A
1198 2849 1227 2867 iu
1255 2849 1369 2875 mxu-g..-
1393 2847 1418 2866 2.
