1986 3289
240 193 330 221 CAP.
350 183 450 237 XXI]
616 195 676 226 DE
702 193 1020 226 ANTiCHRisTo
1049 193 1134 226 [ΛΒ.
1160 193 1182 225 1.

239 300 432 349 temporis
477 309 514 336 et
559 300 614 336 sic
658 313 783 336 unum
828 302 993 336 verbum
1035 312 1127 348 sepe
1159 312 1232 348 pro
1266 299 1345 336 alio
1378 311 1548 347 ponere;

240 360 309 395 sed
340 371 548 407 nunquam
580 359 656 394 hoc
687 358 731 394 fit
763 358 847 394 sine
879 359 1058 395 notando
1093 357 1286 403 misterio,
1319 366 1362 393 ut
1394 356 1434 392 in
1458 369 1550 393 casu

240 416 415 465 presenti
439 417 489 453 ad
512 417 788 452 denotandum
811 418 919 464 quod
939 416 1120 452 Christus
1144 424 1201 452 est
1223 424 1368 451 natura
1393 415 1550 462 duplex,

241 474 392 511 scilicet
440 474 566 510 deitas
610 483 648 510 et
681 474 926 519 humanitas,
973 483 1009 510 et
1041 486 1112 521 per
1157 485 1403 522 consequens
1435 481 1553 509 autor

209 532 448 580 §utriusque
481 532 723 576 testamenti,
758 531 884 568 utitur
916 532 991 568 ista
1023 532 1153 568 forma
1183 533 1396 568 verborum
1430 543 1549 579 quam

243 589 490 638 evangelium
538 589 756 636 enarravit3
804 599 841 625 et
886 589 977 626 hinc
1025 589 1140 626 dicit:
1186 590 1288 625 Ecce
1331 601 1404 638 ego
1444 588 1551 624 mitto

242 649 295 684 ad
326 660 393 684 vos
419 648 635 697 prophetas
668 656 706 683 et
747 647 846 683 alios
879 660 1012 684 servos
1057 647 1289 683 nominatos
1321 645 1551 683 nominibus

242 705 386 742 veteris
408 704 650 754 testamenti,
688 714 725 741 et
757 705 892 741 statim
918 704 1124 752 subiungit
1153 707 1201 741 de
1234 705 1387 742 futuro:
1420 705 1472 740 Et
1503 715 1554 740 ex

244 763 320 799 illis
352 763 530 799 occidetis
563 772 636 799 etc.
682 765 729 799 Et
762 764 985 799 secundum
1019 764 1121 799 hanc
1162 763 1332 811 figuram
1366 762 1551 798 deificam

191 820 428 860 10meminit
473 820 652 858 Christus
705 822 752 856 de
799 822 953 857 duabus
1005 820 1350 870 generacionibus,
1403 820 1554 856 scilicet

244 880 350 915 bona
398 887 435 915 et
480 879 585 915 mala
633 891 803 926 quarum
849 878 1025 926 priorem
1070 878 1234 915 inchoat
1279 879 1327 915 ab
1372 878 1473 914 Abel
1518 886 1554 914 et

244 937 462 972 secundam
496 949 518 973 a
552 938 689 984 Caym,
734 948 815 973 non
861 936 954 985 quia
987 937 1087 972 Abel
1118 936 1192 972 fuit
1225 936 1378 984 primus
1412 935 1554 981 iustus,

245 1007 336 1030 cum
359 995 488 1031 Adam
519 994 645 1030 iustus
679 994 807 1031 fuerat
839 1003 933 1030 ante
966 994 1093 1040 illum,
1126 995 1196 1030 sed
1229 994 1323 1042 quia
1356 993 1556 1041 scriptura

246 1064 359 1088 sacra
391 1051 593 1088 iusticiam
639 1065 751 1089 suam
799 1051 1003 1100 exprimit3
1051 1061 1088 1088 et
1120 1051 1205 1100 ipse
1238 1052 1367 1088 fuerat
1400 1051 1555 1099 primus

193 1118 229 1150 15
248 1119 412 1158 martyr,
446 1109 690 1146 iniusticiam
724 1119 858 1146 autem
893 1111 1017 1158 Caym
1062 1122 1144 1146 non
1184 1109 1239 1146 sic
1273 1109 1472 1159 exprimit,
1507 1111 1557 1146 ad

247 1169 521 1204 denotandum
573 1170 681 1216 quod
726 1169 831 1204 Deus
878 1180 958 1204 non
1005 1167 1060 1204 sic
1113 1167 1242 1216 diligit
1293 1168 1556 1216 reproborum

247 1225 567 1274 generacionem,
602 1225 692 1262 licet
724 1226 871 1261 fuerint
902 1226 1017 1262 valde
1052 1225 1180 1262 multi.

306 1285 403 1320 Istas
448 1293 581 1320 autem
633 1285 731 1320 duas
776 1283 1062 1332 generaciones
1110 1282 1291 1320 Christus
1335 1296 1407 1332 per
1450 1283 1558 1332 ipsos

248 1342 390 1378 Iudeos
435 1341 654 1390 alloquitur
699 1351 737 1378 et
781 1341 880 1378 alias
923 1354 993 1389 per
1027 1341 1124 1378 alias
1156 1350 1291 1389 partes
1324 1354 1429 1389 suas,
1463 1341 1558 1390 quia

192 1418 233 1438 20
249 1412 338 1436 cum
372 1399 510 1436 omnia
554 1401 661 1448 apud
695 1401 823 1436 Deum
869 1408 960 1436 sunt
992 1399 1213 1447 presencia,
1252 1412 1392 1436 omnes
1425 1408 1558 1448 partes

249 1457 418 1494 istarum
463 1466 554 1493 sunt
597 1458 702 1494 clare
741 1457 883 1494 intuite
916 1459 1023 1505 apud
1056 1460 1198 1494 Deum.
1233 1459 1390 1494 Statum
1423 1467 1557 1494 autem

132 1527 212 1564 412⁰
250 1516 422 1552 alternat
446 1515 627 1552 Christus
660 1517 710 1552 ad
741 1517 906 1552 verbum
940 1515 1136 1563 presentis
1168 1516 1361 1563 temporis
1390 1513 1395 1569 Ι
1425 1545 1433 1562 ,
1467 1528 1555 1552 curn

250 1573 306 1609 sic
363 1572 477 1609 dicit:
527 1574 580 1609 Et
624 1573 909 1623 persequemini
962 1574 1008 1609 de
1053 1574 1206 1610 civitate
1260 1574 1296 1609 in
1353 1574 1559 1621 civitatem,

251 1631 344 1679 quia
387 1630 489 1667 sicut
532 1631 617 1679 ipse
666 1640 722 1667 est
760 1633 866 1668 Deus
912 1631 1084 1679 duplicis
1130 1631 1371 1677 testamenti,
1420 1631 1476 1668 sic
1520 1631 1560 1667 in

195 1697 234 1729 25
250 1698 433 1736 tempore
448 1689 656 1737 utriusque
672 1689 842 1726 istorum
867 1690 984 1725 durat
1008 1690 1079 1725 hec
1103 1688 1314 1737 generacio
1330 1689 1557 1726 maledicta.

309 1748 357 1783 Et
401 1756 458 1782 est
502 1747 644 1795 pulcra
694 1746 904 1783 ordinacio
956 1747 1125 1783 istorum
1178 1747 1300 1783 trium
1354 1759 1557 1784 servorum

252 1804 434 1841 Domini:
498 1806 731 1855 prophetas,
792 1804 991 1853 sapientes
1051 1813 1088 1841 et
1139 1804 1302 1841 scribas.
1363 1806 1561 1854 prophete

254 1862 415 1911 quidem
463 1872 555 1899 sunt
600 1862 669 1911 qui
714 1863 855 1911 procul
894 1860 1034 1900 fantur
1079 1862 1304 1899 munientes
1349 1863 1561 1900 ecclesiam

252 1921 300 1956 de
333 1920 487 1968 premio
521 1929 640 1969 atque
673 1920 866 1969 periculo,
911 1933 957 1957 ac
990 1920 1020 1956 si
1062 1920 1186 1957 alcius
1224 1920 1345 1969 positi
1376 1921 1563 1958 veritates

196 1977 482 2015 3ohuiusmodi
527 1980 577 2015 ad
623 1978 887 2015 muniendum
939 1978 1148 2015 ecclesiam
1196 1979 1467 2027 speculentur,
1521 1988 1563 2015 ut

252 2044 362 2083 patet
406 2037 454 2072 de
498 2036 705 2073 Ezechiele
746 2048 857 2086 quem
897 2036 1089 2072 Dominus
1133 2036 1237 2072 dedit
1279 2038 1563 2086 speculatorem

254 2094 386 2130 domui
406 2095 541 2130 Israel.
577 2095 764 2131 Secundo
794 2103 928 2131 autem
952 2093 1135 2142 adiungit
1158 2094 1340 2131 Christus
1364 2095 1563 2144 sapientes

254 2151 322 2200 qui
370 2161 617 2200 cognoscant
668 2152 811 2201 quibus
859 2162 896 2188 et
939 2152 1110 2201 qualiter
1153 2165 1224 2189 sua
1267 2152 1471 2201 sapiencia
1515 2153 1565 2189 sit

253 2210 469 2257 loquenda.
515 2212 563 2246 Et
607 2209 662 2247 sic
706 2219 799 2246 sunt
844 2209 1044 2258 sapientes
1088 2219 1271 2258 tempore
1314 2211 1411 2259 legis
1450 2224 1563 2258 nove,

197 2276 345 2309 35cum
378 2267 492 2304 aliter
524 2281 606 2305 non
644 2268 794 2304 diceret
825 2268 1040 2316 Apostolus
1074 2269 1099 2304 I.
1136 2269 1227 2307 Cor.
1259 2270 1303 2314 ΙΙ,
1329 2270 1371 2305 6;
1406 2270 1565 2319 Sapien-

254 2325 352 2360 ciam
386 2326 580 2374 loquimur
624 2326 724 2362 inter
762 2327 976 2375 perfectos.
1021 2326 1160 2363 Scribe
1204 2335 1339 2363 autem
1372 2337 1464 2364 sunt
1497 2327 1565 2375 qui

255 2385 543 2420 commendant
595 2383 815 2420 memoriae
869 2383 1034 2421 ecclesie
1087 2384 1332 2432 sapienciam
1381 2386 1453 2422 Dei
1505 2385 1565 2421 sui

321 2583 348 2603 2.
370 2577 414 2603 A:
436 2576 619 2604 ministerio.
710 2576 738 2604 6.
760 2578 803 2604 A:
826 2579 989 2604 enarrant.
1082 2584 1119 2603 12.
1141 2576 1170 2603 A
1189 2576 1219 2603 in
1242 2583 1308 2602 mar
1332 2583 1357 2602 .:
1391 2573 1475 2609 quod
1493 2572 1570 2601 Abel

253 2611 392 2647 nonfuit
404 2611 525 2646 primus
539 2612 646 2645 iustus,
661 2619 727 2639 cum
740 2611 839 2638 Adam
849 2612 924 2647 fuit
936 2613 1009 2638 ante
1020 2611 1115 2638 illum.
1191 2611 1231 2645 18,
1248 2617 1290 2644 19.
1306 2583 1345 2637 g:
1360 2609 1435 2637 istc-s·
1447 2608 1566 2647 ludeo-s.

253 2654 300 2673 20.
331 2647 361 2673 A
379 2646 410 2673 in
434 2654 547 2681 marga:
583 2646 674 2682 Quod
701 2646 804 2673 omnia
825 2646 910 2681 apud
927 2646 1023 2673 Deum
1041 2649 1113 2673 sunt
1132 2645 1310 2680 presencia.
1424 2652 1468 2678 27.
1488 2644 1518 2671 A
1536 2650 1568 2671 111

254 2688 408 2720 marga-t.
514 2680 557 2708 32.
584 2683 613 2708 A
635 2681 666 2708 in
690 2689 803 2716 marg:
833 2688 861 2708 2.
983 2679 1030 2708 36.
1057 2681 1086 2708 A
1111 2680 1142 2708 in
1169 2688 1283 2715 marg:
1311 2688 1345 2714 3.
1457 2678 1502 2714 37.
1522 2679 1567 2705 A:

254 2723 440 2743 memorzam.

324 2810 355 2843 6.
382 2811 500 2843 Matth.
526 2812 642 2852 XXIII,
671 2813 723 2852 34.
856 2812 909 2845 31.
936 2810 1100 2843 Ezechiel
1126 2811 1180 2851 111,
1212 2821 1261 2852 17.

1786 197 1836 232 79

1580 1755 1742 1790 Prophcts,
1765 1754 1839 1781 wisc

1637 1798 1706 1817 men
1727 1789 1787 1816 and

1646 1825 1772 1852 scribes.
