1986 3289
146 192 220 238 176

162 856 167 860 ι
193 821 264 860 The·
280 820 360 856 right

161 861 309 883 intention
331 863 401 890 may

160 891 195 918 be
215 890 351 924 wanting
370 889 400 916 in

177 926 226 953 the
249 924 390 960 prelate's

252 964 308 987 act.

738 195 856 226 OPUS
883 193 1217 225 EVANGELICUM
1246 193 1329 223 LIB.
1356 192 1410 223 III.
1473 180 1581 234 [CAR
1606 189 1739 217 XLVIII.

429 305 557 339 Deum
592 301 826 338 coassistere
858 300 969 336 omni
1002 299 1071 336 tali
1104 299 1260 347 prelato
1290 298 1441 335 infideli
1475 307 1511 335 et
1545 298 1742 335 conficere

428 369 726 397 sacramentum
760 358 967 407 quodlibet
999 359 1107 406 quod
1140 356 1290 393 similat
1330 369 1370 392 se
1402 369 1573 400 sacrare,
1612 356 1744 404 primo

428 418 521 467 quia
545 418 584 453 in
607 417 694 454 aliis
718 415 1027 465 operacionibus
1051 418 1157 452 Deus
1189 428 1269 451 non
1293 414 1492 451 coassistit
1523 414 1590 450 illa
1623 427 1745 462 opera

427 476 702 525 practizando,
734 484 777 511 ut
808 474 900 510 licet
933 486 1035 510 unus
1068 474 1243 521 prelatus
1269 472 1441 509 cesarius
1465 472 1606 508 dixerit
1638 474 1745 520 quod

428 533 597 571 absolvit
630 547 652 570 a
681 545 783 581 pena
817 541 853 568 et
886 532 1003 580 culpa
1037 540 1073 568 et
1105 530 1274 579 precipit
1307 530 1472 578 angelis,
1524 539 1567 566 ut
1599 532 1777 572 ducant5

429 605 519 628 eum
544 593 593 628 ad
618 591 862 639 paradisum,
884 599 981 626 {um
1005 602 1077 626 nec
1101 598 1158 625 est
1191 589 1287 625 fides
1311 601 1383 625 nec
1406 588 1615 636 probabile
1638 589 1746 636 quod

430 652 536 686 Deus
581 649 743 686 conficit
787 647 966 685 totaliter
1016 657 1058 683 ut
1109 648 1230 683 falsus
1275 655 1438 694 satrapa
1483 646 1572 683 talis
1618 645 1744 694 fingit,

430 719 556 756 quare
609 720 701 755 ergo
753 719 834 743 non
878 705 933 742 sic
978 706 1080 742 foret
1125 705 1166 741 in
1210 704 1468 741 confeccione
1513 703 1745 740 huiusmodi

430 765 686 802 sacramenti.

491 823 696 870 Similiter,
728 822 942 859 deficiente
964 821 1192 857 intencione
1225 829 1262 857 et
1295 820 1372 856 fide
1403 828 1447 856 ut
1480 819 1673 867 contingit
1705 819 1746 855 in
1765 838 1804 860 10

434 881 523 929 pica
556 890 594 918 et
639 882 803 929 graculo
836 880 1011 928 prelatus
1054 879 1146 916 talis
1178 891 1258 915 non
1297 878 1472 925 conficit,
1525 877 1619 926 quia
1651 877 1748 913 fides

433 940 606 976 formata
644 939 718 975 sibi
764 940 886 985 deest,
932 950 1002 986 per
1034 950 1155 985 quam
1189 939 1294 973 Deus
1340 944 1625 984 cooperaretur
1658 948 1748 971 curn

434 997 503 1034 tali
538 997 765 1033 intencione
799 997 858 1033 sui
903 995 1035 1044 operis
1079 995 1363 1043 exsupplendo.
1417 996 1516 1031 Cum
1552 1006 1645 1042 ergo
1677 1006 1750 1029 nec

434 1056 543 1092 racio
577 1068 648 1092 nec
683 1055 780 1091 fides
814 1054 1010 1102 scripture
1045 1053 1150 1101 cogit
1183 1054 1291 1101 quod
1322 1055 1426 1089 Deus
1458 1053 1499 1088 in
1531 1052 1600 1088 tali
1634 1051 1750 1087 rnini-

434 1122 516 1149 stro
550 1114 625 1150 hoc
658 1112 828 1161 perficit,
872 1112 1028 1149 videtur
1062 1113 1169 1159 quod
1215 1112 1289 1147 hoc
1333 1123 1415 1147 non
1448 1110 1497 1146 sit
1540 1118 1747 1158 tamquam
1769 1116 1806 1149 15

435 1171 680 1209 catholicum
727 1170 964 1219 simpliciter
996 1170 1268 1207 asserendum.
1319 1169 1359 1205 Si
1405 1181 1497 1216 ergo
1530 1170 1638 1204 Deus
1670 1180 1750 1203 non

435 1238 677 1277 cooperatur
709 1242 799 1266 curn
832 1229 936 1265 laico
970 1237 1329 1276 quantumcunque
1368 1226 1477 1263 fideli
1522 1234 1559 1263 et
1592 1227 1749 1272 devoto,

436 1287 687 1324 conficiendo
710 1286 941 1323 huiusmodi
973 1294 1292 1331 sacramentum3
1327 1297 1403 1333 que
1435 1284 1544 1321 racio
1577 1283 1750 1320 necessi-

435 1354 538 1382 taret
590 1347 697 1394 quod
730 1347 836 1381 Deus
869 1344 1099 1381 necessario
1145 1343 1307 1380 conficit
1340 1355 1429 1379 curn
1468 1341 1624 1391 peiore;
1677 1353 1750 1377 nec

435 1405 539 1441 valet
586 1403 792 1440 excusacio
844 1404 952 1451 quod
1006 1404 1081 1438 hoc
1127 1402 1169 1438 fit
1214 1414 1262 1437 ne
1307 1400 1475 1437 ecclesia
1520 1401 1749 1449 seducatur,
1767 1417 1808 1438 20

438 1462 532 1510 quia
566 1463 641 1498 hoc
674 1461 881 1509 contingit,
917 1469 953 1496 et
987 1469 1044 1496 est
1076 1459 1292 1496 verisimile
1325 1460 1433 1508 quod
1465 1466 1628 1507 propter
1662 1470 1752 1505 pec-

439 1529 571 1556 catum
604 1519 785 1567 ypocrite
832 1518 1133 1555 consencientes
1178 1526 1343 1565 peccato
1386 1516 1475 1553 talis
1520 1515 1663 1564 prelati
1696 1524 1753 1551 est

438 1577 686 1614 racionabile
719 1579 826 1625 apud
850 1579 977 1613 Deum
1013 1577 1119 1624 quod
1152 1576 1325 1623 populus
1358 1575 1491 1610 taliter
1523 1575 1751 1610 seducatur.

439 1638 487 1672 Et
520 1638 570 1672 ad
603 1636 708 1672 idern
741 1635 851 1672 vadit
898 1643 1024 1671 textus
1070 1634 1268 1681 scripture
1302 1642 1338 1669 et
1383 1633 1535 1669 dictum
1570 1631 1752 1679 Gregorii

439 1706 557 1742 super
590 1694 656 1730 illo
679 1695 752 1730 Job
774 1694 944 1739 XXXIV,
982 1693 1050 1728 30:
1091 1692 1168 1736 Qui
1198 1704 1370 1742 regnare
1390 1691 1495 1740 facit
1520 1690 1752 1742 ypocritam
1770 1697 1809 1729 25

435 1759 603 1802 propter
628 1759 831 1801 peccatum
860 1751 1007 1801 populi.

500 1810 706 1856 Similiter,
754 1810 868 1846 valde
912 1808 1040 1844 iustus
1073 1816 1236 1855 propter
1269 1805 1550 1854 indignitatem
1586 1817 1755 1853 persone

442 1881 515 1916 pro
554 1881 632 1916 qua
676 1876 815 1904 oratur
860 1866 1129 1903 communiter
1172 1878 1252 1902 non
1298 1864 1478 1910 auditur3
1532 1876 1609 1912 que
1662 1875 1755 1910 ergo

443 1926 646 1963 evidencia
680 1924 947 1962 necessitandi
981 1927 1107 1960 Deum
1142 1925 1191 1960 ad
1225 1922 1471 1959 audiendum
1506 1922 1753 1958 sacerdotem

444 1986 658 2032 reprobum
707 1983 909 2020 mediante
953 1982 1140 2018 oracione
1174 1982 1408 2029 blasphema
1452 1980 1585 2016 taliter
1618 1981 1814 2027 depre-30

446 2042 595 2078 cantis?
640 2044 745 2077 Deus
779 2041 884 2077 enim
923 2041 1143 2077 secundum
1179 2038 1416 2087 Gregorium
1462 2038 1588 2085 magis
1632 2037 1757 2073 iratus

446 2100 534 2148 plus
567 2099 650 2136 odit
682 2099 885 2136 hominem
933 2112 1004 2146 pro
1039 2111 1118 2146 quo
1152 2097 1242 2134 talis
1276 2097 1470 2144 reprobus
1504 2097 1756 2143 deprecatur,

447 2171 570 2206 quare
623 2170 716 2205 ergo
768 2156 1077 2193 necessitaretur
1121 2157 1170 2191 ad
1226 2155 1470 2191 audiendum
1526 2152 1756 2189 oracionem

447 2215 674 2252 huiusmodi
699 2215 904 2252 traditoris
919 2214 1083 2259 fallacis,
1110 2226 1198 2250 cum
1220 2212 1304 2249 sine
1326 2212 1514 2248 oracione
1538 2213 1643 2247 Deus
1665 2209 1759 2246 facit

447 2275 667 2310 secundum
702 2273 938 2321 dignitatem
974 2284 1161 2320 persone;
1201 2271 1292 2307 ideo
1326 2279 1382 2306 est
1416 2269 1550 2305 multis
1584 2268 1814 2314 evidenS,35

449 2345 537 2368 cum
572 2332 664 2368 talis
686 2331 745 2367 vir
777 2331 921 2379 duplex
950 2329 953 2380 Ι
983 2330 1118 2366 animo
1152 2338 1270 2377 atque
1304 2327 1537 2364 manifestus
1561 2325 1759 2362 hereticus
1796 2335 1877 2374 422e

448 2390 618 2426 effundit
668 2389 876 2425 oraciones
921 2388 1161 2436 ypocriticas
1223 2399 1295 2434 pro
1348 2386 1519 2433 populo3
1568 2384 1660 2420 licet
1711 2383 1760 2419 sit

450 2450 577 2484 bonus
602 2460 682 2483 non
706 2449 868 2495 prodest
902 2447 966 2482 ille
990 2446 1140 2494 populo
1171 2458 1240 2493 per
1263 2443 1494 2480 oracionem
1530 2440 1760 2478 huiusmodi

522 2606 549 2632 s).
571 2605 608 2631 B:
630 2613 690 2631 non
713 2603 858 2639 estfides.
950 2612 989 2630 10.
1012 2603 1039 2630 A
1060 2603 1089 2629 in
1113 2610 1227 2636 marg:
1245 2608 1272 2628 2.
1359 2599 1399 2634 18,
1422 2607 1463 2634 19.
1484 2599 1527 2626 A:
1550 2597 1763 2625 huiusmodi—

453 2640 574 2680 conlz'cjl
593 2640 685 2666 deest.
750 2647 791 2674 19,
813 2647 859 2665 20.
880 2639 924 2665 A:
946 2646 1001 2665 nec
1014 2640 1112 2672 patet.
1170 2644 1216 2670 24.
1238 2637 1281 2663 A:
1304 2635 1387 2663 valet
1405 2637 1513 2662 textus.
1576 2632 1622 2667 34.
1644 2631 1761 2660 Codd.:

453 2683 601 2710 campane.

526 2771 578 2802 31.
606 2769 674 2800 Csr.
704 2769 860 2810 Gregorii
880 2769 938 2799 XI.
966 2769 1071 2799 Hom.
1098 2768 1130 2797 in
1157 2767 1289 2807 Evang.
1315 2765 1373 2796 lib.
1400 2765 1422 2795 I.
1450 2765 1553 2796 Hom.
1581 2762 1682 2802 XVII,
1714 2770 1763 2801 14,

452 2817 474 2847 l.
502 2827 528 2847 c.
557 2827 634 2858 pag.
668 2815 748 2848 1503
762 2814 815 2856 (ἓ).
