<?xml version="1.0" encoding="UTF-8"?>
<!DOCTYPE html PUBLIC "-//W3C//DTD XHTML 1.0 Transitional//EN"
    "http://www.w3.org/TR/xhtml1/DTD/xhtml1-transitional.dtd">
<html xmlns="http://www.w3.org/1999/xhtml" xml:lang="en" lang="en">
 <head>
  <title>
</title>
<meta http-equiv="Content-Type" content="text/html;charset=utf-8" />
  <meta name='ocr-system' content='tesseract 3.04.00' />
  <meta name='ocr-capabilities' content='ocr_page ocr_carea ocr_par ocr_line ocrx_word'/>
</head>
<body>
  <div class='ocr_page' id='page_1' title='image "./opusevangelicum34wycl/opusevangelicum34wycl_0166.png"; bbox 0 0 1986 3289; ppageno 0'>
   <div class='ocr_carea' id='block_1_1' title="bbox 129 197 203 237">
    <p class='ocr_par' dir='ltr' id='par_1_1' title="bbox 129 197 203 237">
     <span class='ocr_line' id='line_1_1' title="bbox 129 197 203 237; baseline -0.027 0"><span class='ocrx_word' id='word_1_1' title='bbox 129 197 203 237; x_wconf 80' lang='lat'><strong><em>128</em></strong></span> 
     </span>
    </p>
   </div>
   <div class='ocr_carea' id='block_1_2' title="bbox 150 959 372 1091">
    <p class='ocr_par' dir='ltr' id='par_1_2' title="bbox 150 959 372 1091">
     <span class='ocr_line' id='line_1_2' title="bbox 189 959 337 986; baseline -0.014 0"><span class='ocrx_word' id='word_1_2' title='bbox 189 959 337 986; x_wconf 74' lang='lat' dir='ltr'><strong><em>Jerome&#39;s</em></strong></span> 
     </span>
     <span class='ocr_line' id='line_1_3' title="bbox 150 993 372 1028; baseline -0.009 -7"><span class='ocrx_word' id='word_1_3' title='bbox 150 994 325 1028; x_wconf 78' lang='lat' dir='ltr'>exposition</span> <span class='ocrx_word' id='word_1_4' title='bbox 346 993 372 1019; x_wconf 85' lang='lat' dir='ltr'><strong><em>is</em></strong></span> 
     </span>
     <span class='ocr_line' id='line_1_4' title="bbox 168 1028 357 1055; baseline -0.005 0"><span class='ocrx_word' id='word_1_5' title='bbox 168 1037 254 1055; x_wconf 86' lang='lat' dir='ltr'><strong><em>some</em></strong></span> <span class='ocrx_word' id='word_1_6' title='bbox 274 1028 357 1055; x_wconf 79' lang='lat' dir='ltr'><strong><em>what</em></strong></span> 
     </span>
     <span class='ocr_line' id='line_1_5' title="bbox 184 1063 343 1091; baseline 0.006 -1"><span class='ocrx_word' id='word_1_7' title='bbox 184 1063 343 1091; x_wconf 79' lang='lat' dir='ltr'>confused.</span> 
     </span>
    </p>
   </div>
   <div class='ocr_carea' id='block_1_3' title="bbox 158 1422 378 1623">
    <p class='ocr_par' dir='ltr' id='par_1_3' title="bbox 158 1422 378 1623">
     <span class='ocr_line' id='line_1_6' title="bbox 163 1422 370 1458; baseline -0.01 -8"><span class='ocrx_word' id='word_1_8' title='bbox 163 1422 370 1458; x_wconf 83' lang='lat' dir='ltr'><strong><em>Chrysostom</em></strong></span> 
     </span>
     <span class='ocr_line' id='line_1_7' title="bbox 158 1457 378 1492; baseline -0.005 -8"><span class='ocrx_word' id='word_1_9' title='bbox 158 1465 244 1484; x_wconf 85' lang='lat' dir='ltr'><strong><em>more</em></strong></span> <span class='ocrx_word' id='word_1_10' title='bbox 265 1457 378 1492; x_wconf 81' lang='lat' dir='ltr'>plainly</span> 
     </span>
     <span class='ocr_line' id='line_1_8' title="bbox 170 1491 359 1527; baseline -0.005 -9"><span class='ocrx_word' id='word_1_11' title='bbox 170 1492 289 1527; x_wconf 83' lang='lat' dir='ltr'><strong><em>applies</em></strong></span> <span class='ocrx_word' id='word_1_12' title='bbox 309 1491 359 1518; x_wconf 83' lang='lat' dir='ltr'><strong><em>the</em></strong></span> 
     </span>
     <span class='ocr_line' id='line_1_9' title="bbox 178 1526 361 1553; baseline -0.005 0"><span class='ocrx_word' id='word_1_13' title='bbox 178 1531 240 1553; x_wconf 82' lang='lat' dir='ltr'><strong><em>text</em></strong></span> <span class='ocrx_word' id='word_1_14' title='bbox 260 1531 291 1553; x_wconf 89' lang='lat' dir='ltr'><strong><em>to</em></strong></span> <span class='ocrx_word' id='word_1_15' title='bbox 311 1526 361 1553; x_wconf 82' lang='lat' dir='ltr'><strong><em>the</em></strong></span> 
     </span>
     <span class='ocr_line' id='line_1_10' title="bbox 201 1561 337 1596; baseline -0.007 -8"><span class='ocrx_word' id='word_1_16' title='bbox 201 1561 282 1596; x_wconf 80' lang='lat' dir='ltr'><strong><em>siege</em></strong></span> <span class='ocrx_word' id='word_1_17' title='bbox 303 1561 337 1587; x_wconf 90' lang='lat' dir='ltr'><strong><em>of</em></strong></span> 
     </span>
     <span class='ocr_line' id='line_1_11' title="bbox 175 1596 356 1623; baseline -0.006 0"><span class='ocrx_word' id='word_1_18' title='bbox 175 1596 356 1623; x_wconf 76' lang='lat' dir='ltr'>Jerusalem.</span> 
     </span>
    </p>
   </div>
   <div class='ocr_carea' id='block_1_4' title="bbox 738 195 1721 252">
    <p class='ocr_par' dir='ltr' id='par_1_4' title="bbox 738 195 1721 252">
     <span class='ocr_line' id='line_1_12' title="bbox 738 195 1721 252; baseline 0 -14"><span class='ocrx_word' id='word_1_19' title='bbox 738 209 855 239; x_wconf 65' lang='lat' dir='ltr'><strong><em>oens</em></strong></span> <span class='ocrx_word' id='word_1_20' title='bbox 882 208 1216 240; x_wconf 66' lang='lat' dir='ltr'>EVANGEMCUM</span> <span class='ocrx_word' id='word_1_21' title='bbox 1246 209 1329 239; x_wconf 66' lang='grc' dir='ltr'><strong><em>ΗΒ.</em></strong></span> <span class='ocrx_word' id='word_1_22' title='bbox 1357 209 1409 240; x_wconf 84' lang='lat'><em>111.</em></span> <span class='ocrx_word' id='word_1_23' title='bbox 1468 195 1574 252; x_wconf 73' lang='lat' dir='ltr'>[CAP-</span> <span class='ocrx_word' id='word_1_24' title='bbox 1595 204 1721 233; x_wconf 71' lang='lat' dir='ltr'>XXXV-</span> 
     </span>
    </p>
   </div>
   <div class='ocr_carea' id='block_1_5' title="bbox 411 316 1797 2497">
    <p class='ocr_par' dir='ltr' id='par_1_5' title="bbox 411 316 1789 943">
     <span class='ocr_line' id='line_1_13' title="bbox 413 316 1726 366; baseline 0.001 -15"><span class='ocrx_word' id='word_1_25' title='bbox 413 328 479 351; x_wconf 89' lang='lat' dir='ltr'><strong><em>nec</em></strong></span> <span class='ocrx_word' id='word_1_26' title='bbox 524 328 685 363; x_wconf 78' lang='lat' dir='ltr'><em>querere</em></span> <span class='ocrx_word' id='word_1_27' title='bbox 728 327 799 363; x_wconf 76' lang='lat' dir='ltr'><strong><em>que</em></strong></span> <span class='ocrx_word' id='word_1_28' title='bbox 843 322 1058 351; x_wconf 79' lang='lat' dir='ltr'><em>retrorsum</em></span> <span class='ocrx_word' id='word_1_29' title='bbox 1103 323 1190 351; x_wconf 87' lang='lat' dir='ltr'><strong><em>sunt</em></strong></span> <span class='ocrx_word' id='word_1_30' title='bbox 1236 316 1304 351; x_wconf 87' lang='lat' dir='ltr'><strong><em>sed</em></strong></span> <span class='ocrx_word' id='word_1_31' title='bbox 1354 328 1487 352; x_wconf 79' lang='lat' dir='ltr'><strong><em>serere</em></strong></span> <span class='ocrx_word' id='word_1_32' title='bbox 1537 317 1573 351; x_wconf 86' lang='lat' dir='ltr'><strong><em>in</em></strong></span> <span class='ocrx_word' id='word_1_33' title='bbox 1624 329 1726 366; x_wconf 76' lang='lat' dir='ltr'><strong><em>agro</em></strong></span> 
     </span>
     <span class='ocr_line' id='line_1_14' title="bbox 411 373 1725 422; baseline 0.002 -14"><span class='ocrx_word' id='word_1_34' title='bbox 411 374 672 422; x_wconf 73' lang='lat' dir='ltr'><em>spiritualium</em></span> <span class='ocrx_word' id='word_1_35' title='bbox 717 373 1022 422; x_wconf 79' lang='lat' dir='ltr'><strong><em>scripturarum,</em></strong></span> <span class='ocrx_word' id='word_1_36' title='bbox 1068 381 1108 408; x_wconf 92' lang='lat' dir='ltr'><strong><em>ut</em></strong></span> <span class='ocrx_word' id='word_1_37' title='bbox 1136 374 1299 421; x_wconf 85' lang='lat' dir='ltr'><strong><em>fructus</em></strong></span> <span class='ocrx_word' id='word_1_38' title='bbox 1338 374 1538 422; x_wconf 89' lang='lat' dir='ltr'><strong><em>capiamus</em></strong></span> <span class='ocrx_word' id='word_1_39' title='bbox 1582 386 1633 409; x_wconf 79' lang='lat' dir='ltr'><strong><em>ex</em></strong></span> <span class='ocrx_word' id='word_1_40' title='bbox 1670 386 1725 419; x_wconf 86' lang='lat' dir='ltr'><strong><em>eO,</em></strong></span> 
     </span>
     <span class='ocr_line' id='line_1_15' title="bbox 414 431 1727 480; baseline 0 -14"><span class='ocrx_word' id='word_1_41' title='bbox 414 444 479 467; x_wconf 89' lang='lat' dir='ltr'><strong><em>nec</em></strong></span> <span class='ocrx_word' id='word_1_42' title='bbox 516 431 654 467; x_wconf 89' lang='lat' dir='ltr'><strong><em>tollere</em></strong></span> <span class='ocrx_word' id='word_1_43' title='bbox 692 431 856 466; x_wconf 87' lang='lat' dir='ltr'><strong><em>alteram</em></strong></span> <span class='ocrx_word' id='word_1_44' title='bbox 897 431 1064 467; x_wconf 88' lang='lat' dir='ltr'><strong><em>tunicam</em></strong></span> <span class='ocrx_word' id='word_1_45' title='bbox 1105 443 1217 479; x_wconf 77' lang='lat' dir='ltr'><strong><em>quam</em></strong></span> <span class='ocrx_word' id='word_1_46' title='bbox 1258 431 1425 479; x_wconf 87' lang='lat' dir='ltr'><strong><em>apostoli</em></strong></span> <span class='ocrx_word' id='word_1_47' title='bbox 1462 431 1605 467; x_wconf 82' lang='lat' dir='ltr'><strong><em>hahere</em></strong></span> <span class='ocrx_word' id='word_1_48' title='bbox 1631 443 1727 480; x_wconf 89' lang='lat' dir='ltr'><strong><em>pro-</em></strong></span> 
     </span>
     <span class='ocr_line' id='line_1_16' title="bbox 413 489 1730 535; baseline 0 -11"><span class='ocrx_word' id='word_1_49' title='bbox 413 489 602 526; x_wconf 81' lang='lat' dir='ltr'><strong><em>hibentur.</em></strong></span> <span class='ocrx_word' id='word_1_50' title='bbox 638 489 698 524; x_wconf 90' lang='lat' dir='ltr'><strong><em>De</em></strong></span> <span class='ocrx_word' id='word_1_51' title='bbox 727 489 798 524; x_wconf 86' lang='lat' dir='ltr'><strong><em>lzoc</em></strong></span> <span class='ocrx_word' id='word_1_52' title='bbox 827 489 923 535; x_wconf 78' lang='lat' dir='ltr'><strong><em>loco,</em></strong></span> <span class='ocrx_word' id='word_1_53' title='bbox 947 489 986 524; x_wconf 94' lang='lat' dir='ltr'><strong><em>id</em></strong></span> <span class='ocrx_word' id='word_1_54' title='bbox 1008 496 1074 534; x_wconf 92' lang='lat' dir='ltr'><strong><em>est,</em></strong></span> <span class='ocrx_word' id='word_1_55' title='bbox 1101 489 1146 524; x_wconf 86' lang='lat' dir='ltr'><strong><em>de</em></strong></span> <span class='ocrx_word' id='word_1_56' title='bbox 1168 489 1454 525; x_wconf 85' lang='lat' dir='ltr'><strong><em>abominacione</em></strong></span> <span class='ocrx_word' id='word_1_57' title='bbox 1477 489 1730 525; x_wconf 79' lang='lat' dir='ltr'><strong><em>desolacionis</em></strong></span> 
     </span>
     <span class='ocr_line' id='line_1_17' title="bbox 413 546 1761 595; baseline 0.001 -14"><span class='ocrx_word' id='word_1_58' title='bbox 413 559 483 595; x_wconf 79' lang='lat' dir='ltr'><strong><em>que</em></strong></span> <span class='ocrx_word' id='word_1_59' title='bbox 521 547 622 582; x_wconf 86' lang='lat' dir='ltr'><strong><em>dicta</em></strong></span> <span class='ocrx_word' id='word_1_60' title='bbox 661 554 719 582; x_wconf 90' lang='lat' dir='ltr'><strong><em>est</em></strong></span> <span class='ocrx_word' id='word_1_61' title='bbox 756 559 777 581; x_wconf 86' lang='lat' dir='ltr'><strong><em>a</em></strong></span> <span class='ocrx_word' id='word_1_62' title='bbox 810 546 975 582; x_wconf 78' lang='lat' dir='ltr'><strong><em>Daniele</em></strong></span> <span class='ocrx_word' id='word_1_63' title='bbox 1006 547 1201 595; x_wconf 81' lang='lat' dir='ltr'><strong><em>propheta</em></strong></span> <span class='ocrx_word' id='word_1_64' title='bbox 1239 554 1364 582; x_wconf 91' lang='lat' dir='ltr'><strong><em>stante</em></strong></span> <span class='ocrx_word' id='word_1_65' title='bbox 1403 547 1438 581; x_wconf 86' lang='lat' dir='ltr'><strong><em>in</em></strong></span> <span class='ocrx_word' id='word_1_66' title='bbox 1482 547 1566 583; x_wconf 91' lang='lat' dir='ltr'><strong><em>loco</em></strong></span> <span class='ocrx_word' id='word_1_67' title='bbox 1598 550 1761 582; x_wconf 76' lang='lat' dir='ltr'><strong><em>sancto5</em></strong></span> 
     </span>
     <span class='ocr_line' id='line_1_18' title="bbox 414 604 1730 655; baseline 0.001 -16"><span class='ocrx_word' id='word_1_68' title='bbox 414 606 535 640; x_wconf 89' lang='lat' dir='ltr'><strong><em>multa</em></strong></span> <span class='ocrx_word' id='word_1_69' title='bbox 568 604 823 655; x_wconf 77' lang='lat' dir='ltr'><em>Porphyrius</em></span> <span class='ocrx_word' id='word_1_70' title='bbox 855 604 957 639; x_wconf 82' lang='lat' dir='ltr'><em>XIII</em></span> <span class='ocrx_word' id='word_1_71' title='bbox 988 604 1116 653; x_wconf 85' lang='lat' dir='ltr'><strong><em>operis</em></strong></span> <span class='ocrx_word' id='word_1_72' title='bbox 1153 604 1214 640; x_wconf 85' lang='lat' dir='ltr'><strong><em>sui</em></strong></span> <span class='ocrx_word' id='word_1_73' title='bbox 1252 605 1442 640; x_wconf 72' lang='lat' dir='ltr'><strong><em>volumine</em></strong></span> <span class='ocrx_word' id='word_1_74' title='bbox 1481 612 1617 640; x_wconf 84' lang='lat' dir='ltr'><strong><em>contra</em></strong></span> <span class='ocrx_word' id='word_1_75' title='bbox 1662 617 1730 640; x_wconf 89' lang='lat' dir='ltr'><strong><em>nos</em></strong></span> 
     </span>
     <span class='ocr_line' id='line_1_19' title="bbox 414 662 1730 711; baseline 0 -13"><span class='ocrx_word' id='word_1_76' title='bbox 414 662 708 711; x_wconf 78' lang='lat' dir='ltr'><strong><em>blasphemavit,</em></strong></span> <span class='ocrx_word' id='word_1_77' title='bbox 753 662 814 698; x_wconf 88' lang='lat' dir='ltr'><strong><em>cui</em></strong></span> <span class='ocrx_word' id='word_1_78' title='bbox 851 662 1041 698; x_wconf 80' lang='lat' dir='ltr'><strong><em>Eusebius</em></strong></span> <span class='ocrx_word' id='word_1_79' title='bbox 1079 662 1318 698; x_wconf 85' lang='lat' dir='ltr'><strong><em>Cesariensis</em></strong></span> <span class='ocrx_word' id='word_1_80' title='bbox 1364 663 1564 711; x_wconf 87' lang='lat' dir='ltr'><strong><em>episcopus</em></strong></span> <span class='ocrx_word' id='word_1_81' title='bbox 1608 663 1730 698; x_wconf 84' lang='lat' dir='ltr'><strong><em>tribus</em></strong></span> 
     </span>
     <span class='ocr_line' id='line_1_20' title="bbox 416 720 1731 769; baseline 0 -13"><span class='ocrx_word' id='word_1_82' title='bbox 416 720 614 769; x_wconf 81' lang='lat' dir='ltr'><strong><em>respondit</em></strong></span> <span class='ocrx_word' id='word_1_83' title='bbox 658 720 914 756; x_wconf 80' lang='lat' dir='ltr'><strong><em>voluminibus</em></strong></span> <span class='ocrx_word' id='word_1_84' title='bbox 957 720 1103 765; x_wconf 83' lang='lat' dir='ltr'><em>XVIII,</em></span> <span class='ocrx_word' id='word_1_85' title='bbox 1148 721 1247 755; x_wconf 79' lang='lat' dir='ltr'><strong><em>XIX</em></strong></span> <span class='ocrx_word' id='word_1_86' title='bbox 1281 728 1315 756; x_wconf 90' lang='lat' dir='ltr'><strong><em>et</em></strong></span> <span class='ocrx_word' id='word_1_87' title='bbox 1354 721 1438 755; x_wconf 75' lang='lat' dir='ltr'><strong><em>XX.</em></strong></span> <span class='ocrx_word' id='word_1_88' title='bbox 1492 720 1731 769; x_wconf 80' lang='lat' dir='ltr'><strong><em>Apollinaris</em></strong></span> 
     </span>
     <span class='ocr_line' id='line_1_21' title="bbox 413 778 1730 827; baseline 0 -14"><span class='ocrx_word' id='word_1_89' title='bbox 413 790 560 827; x_wconf 76' lang='lat' dir='ltr'><strong><em>quoque</em></strong></span> <span class='ocrx_word' id='word_1_90' title='bbox 597 778 754 827; x_wconf 83' lang='lat' dir='ltr'><strong><em>scripsit</em></strong></span> <span class='ocrx_word' id='word_1_91' title='bbox 787 778 1012 827; x_wconf 85' lang='lat' dir='ltr'><strong><em>plenissime</em></strong></span> <span class='ocrx_word' id='word_1_92' title='bbox 1047 778 1316 827; x_wconf 79' lang='lat' dir='ltr'><strong><em>superflueque</em></strong></span> <span class='ocrx_word' id='word_1_93' title='bbox 1360 785 1518 814; x_wconf 85' lang='lat' dir='ltr'><strong><em>conatus</em></strong></span> <span class='ocrx_word' id='word_1_94' title='bbox 1563 785 1619 814; x_wconf 89' lang='lat' dir='ltr'><strong><em>est</em></strong></span> <span class='ocrx_word' id='word_1_95' title='bbox 1658 790 1730 814; x_wconf 88' lang='lat' dir='ltr'><strong><em>uno</em></strong></span> 
     </span>
     <span class='ocr_line' id='line_1_22' title="bbox 416 836 1789 885; baseline -0.001 -14"><span class='ocrx_word' id='word_1_96' title='bbox 416 837 583 885; x_wconf 90' lang='lat' dir='ltr'><strong><em>capitulo</em></strong></span> <span class='ocrx_word' id='word_1_97' title='bbox 630 836 727 872; x_wconf 80' lang='lat' dir='ltr'><strong><em>velle</em></strong></span> <span class='ocrx_word' id='word_1_98' title='bbox 772 836 966 872; x_wconf 82' lang='lat' dir='ltr'><strong><em>disserere</em></strong></span> <span class='ocrx_word' id='word_1_99' title='bbox 1005 836 1051 871; x_wconf 91' lang='lat' dir='ltr'><strong><em>de</em></strong></span> <span class='ocrx_word' id='word_1_100' title='bbox 1089 848 1160 884; x_wconf 82' lang='lat' dir='ltr'><strong><em>quo</em></strong></span> <span class='ocrx_word' id='word_1_101' title='bbox 1198 836 1313 871; x_wconf 89' lang='lat' dir='ltr'><strong><em>tantis</em></strong></span> <span class='ocrx_word' id='word_1_102' title='bbox 1353 848 1532 872; x_wconf 79' lang='lat' dir='ltr'><strong><em>versuum</em></strong></span> <span class='ocrx_word' id='word_1_103' title='bbox 1564 836 1789 871; x_wconf 84' lang='lat' dir='ltr'><strong><em>millibus1o</em></strong></span> 
     </span>
     <span class='ocr_line' id='line_1_23' title="bbox 418 895 1156 943; baseline 0 -14"><span class='ocrx_word' id='word_1_104' title='bbox 418 895 652 943; x_wconf 86' lang='lat' dir='ltr'><strong><em>disputatum</em></strong></span> <span class='ocrx_word' id='word_1_105' title='bbox 686 901 753 931; x_wconf 89' lang='lat' dir='ltr'><strong><em>est.</em></strong></span> <span class='ocrx_word' id='word_1_106' title='bbox 789 895 873 930; x_wconf 85' lang='lat' dir='ltr'><strong><em>Hee</em></strong></span> <span class='ocrx_word' id='word_1_107' title='bbox 904 895 1156 941; x_wconf 79' lang='lat' dir='ltr'><strong><em>Jeronyrnus.</em></strong></span> 
     </span>
    </p>

    <p class='ocr_par' dir='ltr' id='par_1_6' title="bbox 418 951 1789 1395">
     <span class='ocr_line' id='line_1_24' title="bbox 473 951 1732 1000; baseline 0 -13"><span class='ocrx_word' id='word_1_108' title='bbox 473 952 641 988; x_wconf 84' lang='lat' dir='ltr'><strong><em>Videtur</em></strong></span> <span class='ocrx_word' id='word_1_109' title='bbox 678 951 799 988; x_wconf 83' lang='lat' dir='ltr'><strong><em>istum</em></strong></span> <span class='ocrx_word' id='word_1_110' title='bbox 847 961 1031 988; x_wconf 81' lang='lat' dir='ltr'><strong><em>sanctum</em></strong></span> <span class='ocrx_word' id='word_1_111' title='bbox 1072 952 1377 1000; x_wconf 84' lang='lat' dir='ltr'><strong><em>quodammodo</em></strong></span> <span class='ocrx_word' id='word_1_112' title='bbox 1422 952 1587 988; x_wconf 85' lang='lat' dir='ltr'><strong><em>confuse</em></strong></span> <span class='ocrx_word' id='word_1_113' title='bbox 1626 953 1732 988; x_wconf 86' lang='lat' dir='ltr'><strong><em>dete-</em></strong></span> 
     </span>
     <span class='ocr_line' id='line_1_25' title="bbox 418 1009 1733 1057; baseline -0.001 -11"><span class='ocrx_word' id='word_1_114' title='bbox 418 1022 509 1057; x_wconf 81' lang='lat' dir='ltr'><strong><em>gere</em></strong></span> <span class='ocrx_word' id='word_1_115' title='bbox 553 1011 658 1046; x_wconf 84' lang='lat' dir='ltr'><strong><em>hunc</em></strong></span> <span class='ocrx_word' id='word_1_116' title='bbox 702 1011 836 1046; x_wconf 81' lang='lat' dir='ltr'><strong><em>locum</em></strong></span> <span class='ocrx_word' id='word_1_117' title='bbox 890 1009 1183 1057; x_wconf 76' lang='lat' dir='ltr'><strong><em>evangelicum3</em></strong></span> <span class='ocrx_word' id='word_1_118' title='bbox 1237 1011 1307 1046; x_wconf 86' lang='lat' dir='ltr'><strong><em>sed</em></strong></span> <span class='ocrx_word' id='word_1_119' title='bbox 1358 1009 1516 1046; x_wconf 81' lang='lat' dir='ltr'><strong><em>videtur</em></strong></span> <span class='ocrx_word' id='word_1_120' title='bbox 1569 1010 1733 1046; x_wconf 86' lang='lat' dir='ltr'><strong><em>innuere</em></strong></span> 
     </span>
     <span class='ocr_line' id='line_1_26' title="bbox 419 1067 1733 1116; baseline 0 -13"><span class='ocrx_word' id='word_1_121' title='bbox 419 1068 637 1104; x_wconf 81' lang='lat' dir='ltr'><strong><em>Dominum</em></strong></span> <span class='ocrx_word' id='word_1_122' title='bbox 686 1068 930 1116; x_wconf 80' lang='lat' dir='ltr'><strong><em>prophetare</em></strong></span> <span class='ocrx_word' id='word_1_123' title='bbox 975 1069 1083 1116; x_wconf 84' lang='lat' dir='ltr'><strong><em>quod</em></strong></span> <span class='ocrx_word' id='word_1_124' title='bbox 1137 1067 1421 1104; x_wconf 81' lang='lat' dir='ltr'><strong><em>abhominaeio</em></strong></span> <span class='ocrx_word' id='word_1_125' title='bbox 1467 1067 1733 1104; x_wconf 83' lang='lat' dir='ltr'><strong><em>desolacionis</em></strong></span> 
     </span>
     <span class='ocr_line' id='line_1_27' title="bbox 420 1125 1789 1174; baseline -0.001 -12"><span class='ocrx_word' id='word_1_126' title='bbox 420 1135 456 1162; x_wconf 93' lang='lat' dir='ltr'><strong><em>et</em></strong></span> <span class='ocrx_word' id='word_1_127' title='bbox 500 1126 613 1174; x_wconf 79' lang='lat' dir='ltr'><strong><em>signa</em></strong></span> <span class='ocrx_word' id='word_1_128' title='bbox 654 1135 787 1162; x_wconf 79' lang='lat' dir='ltr'><strong><em>cetera</em></strong></span> <span class='ocrx_word' id='word_1_129' title='bbox 825 1138 904 1174; x_wconf 87' lang='lat' dir='ltr'><strong><em>que</em></strong></span> <span class='ocrx_word' id='word_1_130' title='bbox 943 1135 1166 1174; x_wconf 83' lang='lat' dir='ltr'><strong><em>sequuntur</em></strong></span> <span class='ocrx_word' id='word_1_131' title='bbox 1201 1135 1318 1162; x_wconf 85' lang='lat' dir='ltr'><strong><em>erunt</em></strong></span> <span class='ocrx_word' id='word_1_132' title='bbox 1351 1125 1463 1173; x_wconf 77' lang='lat' dir='ltr'><strong><em>signa</em></strong></span> <span class='ocrx_word' id='word_1_133' title='bbox 1503 1125 1651 1162; x_wconf 79' lang='lat' dir='ltr'><strong><em>heresis</em></strong></span> <span class='ocrx_word' id='word_1_134' title='bbox 1692 1125 1789 1161; x_wconf 78' lang='lat' dir='ltr'><strong><em>in15</em></strong></span> 
     </span>
     <span class='ocr_line' id='line_1_28' title="bbox 419 1183 1733 1232; baseline -0.001 -12"><span class='ocrx_word' id='word_1_135' title='bbox 419 1184 618 1221; x_wconf 81' lang='lat' dir='ltr'><strong><em>militante</em></strong></span> <span class='ocrx_word' id='word_1_136' title='bbox 651 1184 820 1220; x_wconf 82' lang='lat' dir='ltr'><strong><em>ecelesia</em></strong></span> <span class='ocrx_word' id='word_1_137' title='bbox 854 1193 1147 1229; x_wconf 75' lang='lat' dir='ltr'><strong><em>consummata,</em></strong></span> <span class='ocrx_word' id='word_1_138' title='bbox 1189 1184 1283 1232; x_wconf 82' lang='lat' dir='ltr'><strong><em>quia</em></strong></span> <span class='ocrx_word' id='word_1_139' title='bbox 1316 1193 1400 1220; x_wconf 79' lang='lat' dir='ltr'><strong><em>tota</em></strong></span> <span class='ocrx_word' id='word_1_140' title='bbox 1434 1183 1614 1231; x_wconf 82' lang='lat' dir='ltr'><strong><em>predicta</em></strong></span> <span class='ocrx_word' id='word_1_141' title='bbox 1647 1196 1733 1219; x_wconf 86' lang='lat' dir='ltr'><strong><em>sen-</em></strong></span> 
     </span>
     <span class='ocr_line' id='line_1_29' title="bbox 418 1242 1732 1289; baseline -0.001 -11"><span class='ocrx_word' id='word_1_142' title='bbox 418 1242 549 1278; x_wconf 77' lang='lat' dir='ltr'><strong><em>tencia</em></strong></span> <span class='ocrx_word' id='word_1_143' title='bbox 584 1242 731 1278; x_wconf 82' lang='lat' dir='ltr'><strong><em>Christi</em></strong></span> <span class='ocrx_word' id='word_1_144' title='bbox 766 1243 814 1278; x_wconf 89' lang='lat' dir='ltr'><strong><em>de</em></strong></span> <span class='ocrx_word' id='word_1_145' title='bbox 848 1242 976 1278; x_wconf 85' lang='lat' dir='ltr'><strong><em>heresi</em></strong></span> <span class='ocrx_word' id='word_1_146' title='bbox 1000 1242 1235 1278; x_wconf 81' lang='lat' dir='ltr'><strong><em>Antichristi</em></strong></span> <span class='ocrx_word' id='word_1_147' title='bbox 1269 1251 1351 1278; x_wconf 81' lang='lat' dir='ltr'><strong><em>tarn</em></strong></span> <span class='ocrx_word' id='word_1_148' title='bbox 1385 1242 1424 1277; x_wconf 90' lang='lat' dir='ltr'><strong><em>in</em></strong></span> <span class='ocrx_word' id='word_1_149' title='bbox 1457 1243 1578 1278; x_wconf 85' lang='lat' dir='ltr'><strong><em>verbo</em></strong></span> <span class='ocrx_word' id='word_1_150' title='bbox 1611 1254 1732 1289; x_wconf 85' lang='lat' dir='ltr'><strong><em>quam</em></strong></span> 
     </span>
     <span class='ocr_line' id='line_1_30' title="bbox 419 1299 1733 1348; baseline -0.002 -11"><span class='ocrx_word' id='word_1_151' title='bbox 419 1313 540 1348; x_wconf 87' lang='lat' dir='ltr'><strong><em>opere</em></strong></span> <span class='ocrx_word' id='word_1_152' title='bbox 584 1300 742 1336; x_wconf 77' lang='lat' dir='ltr'><strong><em>videtur</em></strong></span> <span class='ocrx_word' id='word_1_153' title='bbox 786 1300 826 1335; x_wconf 85' lang='lat' dir='ltr'><strong><em>in</em></strong></span> <span class='ocrx_word' id='word_1_154' title='bbox 866 1300 975 1336; x_wconf 84' lang='lat' dir='ltr'><strong><em>dicto</em></strong></span> <span class='ocrx_word' id='word_1_155' title='bbox 1014 1301 1135 1336; x_wconf 79' lang='lat' dir='ltr'><strong><em>verbo</em></strong></span> <span class='ocrx_word' id='word_1_156' title='bbox 1170 1299 1331 1336; x_wconf 82' lang='lat' dir='ltr'><strong><em>Domini</em></strong></span> <span class='ocrx_word' id='word_1_157' title='bbox 1374 1299 1647 1336; x_wconf 80' lang='lat' dir='ltr'><strong><em>consummari</em></strong></span> <span class='ocrx_word' id='word_1_158' title='bbox 1690 1312 1733 1335; x_wconf 76' lang='lat' dir='ltr'><strong><em>ac</em></strong></span> 
     </span>
     <span class='ocr_line' id='line_1_31' title="bbox 418 1357 1298 1395; baseline 0 -1"><span class='ocrx_word' id='word_1_159' title='bbox 418 1358 450 1394; x_wconf 91' lang='lat' dir='ltr'><strong><em>si</em></strong></span> <span class='ocrx_word' id='word_1_160' title='bbox 484 1359 548 1394; x_wconf 86' lang='lat' dir='ltr'><strong><em>ille</em></strong></span> <span class='ocrx_word' id='word_1_161' title='bbox 581 1359 684 1394; x_wconf 82' lang='lat' dir='ltr'><strong><em>foret</em></strong></span> <span class='ocrx_word' id='word_1_162' title='bbox 718 1358 806 1394; x_wconf 84' lang='lat' dir='ltr'><strong><em>finis</em></strong></span> <span class='ocrx_word' id='word_1_163' title='bbox 841 1357 1017 1394; x_wconf 79' lang='lat' dir='ltr'><strong><em>versucie</em></strong></span> <span class='ocrx_word' id='word_1_164' title='bbox 1049 1357 1298 1395; x_wconf 85' lang='lat' dir='ltr'><strong><em>Antichristi.</em></strong></span> 
     </span>
    </p>

    <p class='ocr_par' dir='ltr' id='par_1_7' title="bbox 415 1414 1797 2497">
     <span class='ocr_line' id='line_1_32' title="bbox 478 1414 1793 1464; baseline -0.002 -12"><span class='ocrx_word' id='word_1_165' title='bbox 478 1418 592 1453; x_wconf 85' lang='lat' dir='ltr'><strong><em>Unde</em></strong></span> <span class='ocrx_word' id='word_1_166' title='bbox 625 1416 897 1452; x_wconf 81' lang='lat' dir='ltr'><strong><em>Crisostomus</em></strong></span> <span class='ocrx_word' id='word_1_167' title='bbox 931 1428 1051 1464; x_wconf 82' lang='lat' dir='ltr'><strong><em>super</em></strong></span> <span class='ocrx_word' id='word_1_168' title='bbox 1084 1416 1159 1452; x_wconf 89' lang='lat' dir='ltr'><strong><em>isto</em></strong></span> <span class='ocrx_word' id='word_1_169' title='bbox 1192 1425 1297 1452; x_wconf 80' lang='lat' dir='ltr'><strong><em>textu</em></strong></span> <span class='ocrx_word' id='word_1_170' title='bbox 1330 1417 1453 1463; x_wconf 78' lang='lat' dir='ltr'><strong><em>paulo</em></strong></span> <span class='ocrx_word' id='word_1_171' title='bbox 1486 1414 1645 1463; x_wconf 72' lang='lat' dir='ltr'><strong><em>planius</em></strong></span> <span class='ocrx_word' id='word_1_172' title='bbox 1678 1415 1733 1451; x_wconf 86' lang='lat' dir='ltr'><strong><em>sic</em></strong></span> <span class='ocrx_word' id='word_1_173' title='bbox 1752 1428 1793 1449; x_wconf 87' lang='lat'><strong><em>20</em></strong></span> 
     </span>
     <span class='ocr_line' id='line_1_33' title="bbox 419 1474 1732 1524; baseline -0.001 -14"><span class='ocrx_word' id='word_1_174' title='bbox 419 1474 579 1511; x_wconf 80' lang='lat' dir='ltr'><strong><em>effatur:</em></strong></span> <span class='ocrx_word' id='word_1_175' title='bbox 614 1475 976 1511; x_wconf 80' lang='lat' dir='ltr'><strong><em>Abhominacionem</em></strong></span> <span class='ocrx_word' id='word_1_176' title='bbox 1012 1474 1264 1510; x_wconf 78' lang='lat' dir='ltr'><strong><em>desolacionis</em></strong></span> <span class='ocrx_word' id='word_1_177' title='bbox 1297 1474 1387 1510; x_wconf 82' lang='lat' dir='ltr'><strong><em>dicit</em></strong></span> <span class='ocrx_word' id='word_1_178' title='bbox 1419 1486 1501 1510; x_wconf 88' lang='lat' dir='ltr'><strong><em>esse</em></strong></span> <span class='ocrx_word' id='word_1_179' title='bbox 1523 1474 1732 1524; x_wconf 75' lang='lat' dir='ltr'><strong><em>imaginem</em></strong></span> 
     </span>
     <span class='ocr_line' id='line_1_34' title="bbox 419 1531 1737 1581; baseline -0.002 -12"><span class='ocrx_word' id='word_1_180' title='bbox 419 1533 564 1569; x_wconf 82' lang='lat' dir='ltr'><strong><em>cesaris</em></strong></span> <span class='ocrx_word' id='word_1_181' title='bbox 597 1545 709 1581; x_wconf 81' lang='lat' dir='ltr'><strong><em>quam</em></strong></span> <span class='ocrx_word' id='word_1_182' title='bbox 744 1533 892 1568; x_wconf 78' lang='lat' dir='ltr'><strong><em>Pilatus</em></strong></span> <span class='ocrx_word' id='word_1_183' title='bbox 920 1533 1051 1580; x_wconf 81' lang='lat' dir='ltr'><strong><em>posuit</em></strong></span> <span class='ocrx_word' id='word_1_184' title='bbox 1080 1532 1115 1567; x_wconf 86' lang='lat' dir='ltr'><strong><em>in</em></strong></span> <span class='ocrx_word' id='word_1_185' title='bbox 1146 1532 1302 1581; x_wconf 87' lang='lat' dir='ltr'><strong><em>templo,</em></strong></span> <span class='ocrx_word' id='word_1_186' title='bbox 1337 1532 1466 1567; x_wconf 81' lang='lat' dir='ltr'><strong><em>verius</em></strong></span> <span class='ocrx_word' id='word_1_187' title='bbox 1495 1539 1620 1567; x_wconf 87' lang='lat' dir='ltr'><strong><em>autem</em></strong></span> <span class='ocrx_word' id='word_1_188' title='bbox 1644 1531 1737 1580; x_wconf 82' lang='lat' dir='ltr'><strong><em>quid</em></strong></span> 
     </span>
     <span class='ocr_line' id='line_1_35' title="bbox 418 1590 1735 1640; baseline -0.002 -13"><span class='ocrx_word' id='word_1_189' title='bbox 418 1591 466 1627; x_wconf 90' lang='lat' dir='ltr'><strong><em>sit</em></strong></span> <span class='ocrx_word' id='word_1_190' title='bbox 508 1591 748 1627; x_wconf 84' lang='lat' dir='ltr'><strong><em>abominacio</em></strong></span> <span class='ocrx_word' id='word_1_191' title='bbox 795 1591 1047 1626; x_wconf 79' lang='lat' dir='ltr'><strong><em>desolacionis</em></strong></span> <span class='ocrx_word' id='word_1_192' title='bbox 1080 1591 1207 1626; x_wconf 86' lang='lat' dir='ltr'><strong><em>Lucas</em></strong></span> <span class='ocrx_word' id='word_1_193' title='bbox 1239 1590 1499 1640; x_wconf 68' lang='lat' dir='ltr'><strong><em>Evangelista</em></strong></span> <span class='ocrx_word' id='word_1_194' title='bbox 1544 1590 1735 1638; x_wconf 89' lang='lat' dir='ltr'><strong><em>interpre-</em></strong></span> 
     </span>
     <span class='ocr_line' id='line_1_36' title="bbox 419 1648 1737 1697; baseline -0.002 -13"><span class='ocrx_word' id='word_1_195' title='bbox 419 1656 537 1685; x_wconf 88' lang='lat' dir='ltr'><strong><em>tatur.</em></strong></span> <span class='ocrx_word' id='word_1_196' title='bbox 584 1650 686 1684; x_wconf 89' lang='lat' dir='ltr'><strong><em>Nam</em></strong></span> <span class='ocrx_word' id='word_1_197' title='bbox 731 1649 766 1684; x_wconf 89' lang='lat' dir='ltr'><strong><em>in</em></strong></span> <span class='ocrx_word' id='word_1_198' title='bbox 812 1661 883 1697; x_wconf 80' lang='lat' dir='ltr'><strong><em>quo</em></strong></span> <span class='ocrx_word' id='word_1_199' title='bbox 930 1650 1012 1684; x_wconf 91' lang='lat' dir='ltr'><strong><em>loco</em></strong></span> <span class='ocrx_word' id='word_1_200' title='bbox 1052 1648 1214 1684; x_wconf 66' lang='lat' dir='ltr'><strong><em>Affarcus</em></strong></span> <span class='ocrx_word' id='word_1_201' title='bbox 1259 1655 1293 1683; x_wconf 90' lang='lat' dir='ltr'><strong><em>et</em></strong></span> <span class='ocrx_word' id='word_1_202' title='bbox 1332 1660 1495 1696; x_wconf 83' lang='lat' dir='ltr'><strong><em>presens</em></strong></span> <span class='ocrx_word' id='word_1_203' title='bbox 1540 1648 1737 1683; x_wconf 82' lang='lat' dir='ltr'><strong><em>Mattheus</em></strong></span> 
     </span>
     <span class='ocr_line' id='line_1_37' title="bbox 415 1705 1793 1756; baseline -0.001 -14"><span class='ocrx_word' id='word_1_204' title='bbox 415 1715 584 1756; x_wconf 88' lang='lat' dir='ltr'><strong><em>ponunt:</em></strong></span> <span class='ocrx_word' id='word_1_205' title='bbox 634 1707 728 1742; x_wconf 85' lang='lat' dir='ltr'><strong><em>Cum</em></strong></span> <span class='ocrx_word' id='word_1_206' title='bbox 769 1707 944 1742; x_wconf 75' lang='lat' dir='ltr'><strong><em>videritis</em></strong></span> <span class='ocrx_word' id='word_1_207' title='bbox 983 1707 1309 1742; x_wconf 82' lang='lat' dir='ltr'><strong><em>abominacionem</em></strong></span> <span class='ocrx_word' id='word_1_208' title='bbox 1344 1706 1610 1752; x_wconf 83' lang='lat' dir='ltr'><strong><em>desolacionis,</em></strong></span> <span class='ocrx_word' id='word_1_209' title='bbox 1655 1705 1736 1754; x_wconf 88' lang='lat' dir='ltr'><strong><em>ipso</em></strong></span> <span class='ocrx_word' id='word_1_210' title='bbox 1754 1706 1793 1739; x_wconf 65' lang='lat'><strong><em>25·</em></strong></span> 
     </span>
     <span class='ocr_line' id='line_1_38' title="bbox 421 1764 1737 1813; baseline -0.002 -12"><span class='ocrx_word' id='word_1_211' title='bbox 421 1766 504 1801; x_wconf 79' lang='lat' dir='ltr'><strong><em>loco</em></strong></span> <span class='ocrx_word' id='word_1_212' title='bbox 528 1765 656 1801; x_wconf 87' lang='lat' dir='ltr'><strong><em>Lucas</em></strong></span> <span class='ocrx_word' id='word_1_213' title='bbox 678 1766 732 1801; x_wconf 90' lang='lat' dir='ltr'><strong><em>sic</em></strong></span> <span class='ocrx_word' id='word_1_214' title='bbox 752 1765 882 1813; x_wconf 86' lang='lat' dir='ltr'><strong><em>ponit:</em></strong></span> <span class='ocrx_word' id='word_1_215' title='bbox 917 1765 1013 1800; x_wconf 81' lang='lat' dir='ltr'><strong><em>Cum</em></strong></span> <span class='ocrx_word' id='word_1_216' title='bbox 1039 1765 1214 1800; x_wconf 73' lang='lat' dir='ltr'><strong><em>videritis</em></strong></span> <span class='ocrx_word' id='word_1_217' title='bbox 1244 1764 1486 1800; x_wconf 86' lang='lat' dir='ltr'><strong><em>circumdari</em></strong></span> <span class='ocrx_word' id='word_1_218' title='bbox 1505 1764 1737 1808; x_wconf 85' lang='lat' dir='ltr'><strong><em>Jerusalem,</em></strong></span> 
     </span>
     <span class='ocr_line' id='line_1_39' title="bbox 422 1821 1739 1872; baseline -0.002 -14"><span class='ocrx_word' id='word_1_219' title='bbox 422 1831 509 1859; x_wconf 91' lang='lat' dir='ltr'><strong><em>tunc</em></strong></span> <span class='ocrx_word' id='word_1_220' title='bbox 552 1823 687 1859; x_wconf 86' lang='lat' dir='ltr'><strong><em>scitote</em></strong></span> <span class='ocrx_word' id='word_1_221' title='bbox 729 1823 817 1871; x_wconf 81' lang='lat' dir='ltr'><strong><em>quia</em></strong></span> <span class='ocrx_word' id='word_1_222' title='bbox 862 1823 1188 1872; x_wconf 74' lang='lat' dir='ltr'><strong><em>appropinquavit</em></strong></span> <span class='ocrx_word' id='word_1_223' title='bbox 1224 1822 1415 1857; x_wconf 86' lang='lat' dir='ltr'><strong><em>desolacio</em></strong></span> <span class='ocrx_word' id='word_1_224' title='bbox 1461 1822 1552 1858; x_wconf 89' lang='lat' dir='ltr'><strong><em>eius.</em></strong></span> <span class='ocrx_word' id='word_1_225' title='bbox 1600 1821 1663 1857; x_wconf 84' lang='lat' dir='ltr'><strong><em>Sic</em></strong></span> <span class='ocrx_word' id='word_1_226' title='bbox 1704 1828 1739 1856; x_wconf 93' lang='lat' dir='ltr'><strong><em>et</em></strong></span> 
     </span>
     <span class='ocr_line' id='line_1_40' title="bbox 422 1880 1737 1930; baseline -0.002 -13"><span class='ocrx_word' id='word_1_227' title='bbox 422 1881 532 1917; x_wconf 88' lang='lat' dir='ltr'><strong><em>dicit:</em></strong></span> <span class='ocrx_word' id='word_1_228' title='bbox 582 1882 685 1917; x_wconf 86' lang='lat' dir='ltr'><strong><em>Tunc</em></strong></span> <span class='ocrx_word' id='word_1_229' title='bbox 716 1881 781 1930; x_wconf 81' lang='lat' dir='ltr'><strong><em>qui</em></strong></span> <span class='ocrx_word' id='word_1_230' title='bbox 817 1881 852 1916; x_wconf 89' lang='lat' dir='ltr'><strong><em>in</em></strong></span> <span class='ocrx_word' id='word_1_231' title='bbox 884 1881 1006 1916; x_wconf 83' lang='lat' dir='ltr'><strong><em>Judea</em></strong></span> <span class='ocrx_word' id='word_1_232' title='bbox 1039 1888 1137 1926; x_wconf 86' lang='lat' dir='ltr'><strong><em>sunt,</em></strong></span> <span class='ocrx_word' id='word_1_233' title='bbox 1179 1880 1353 1916; x_wconf 80' lang='lat' dir='ltr'><strong><em>videlicet</em></strong></span> <span class='ocrx_word' id='word_1_234' title='bbox 1392 1887 1432 1915; x_wconf 88' lang='lat' dir='ltr'><strong><em>ut</em></strong></span> <span class='ocrx_word' id='word_1_235' title='bbox 1459 1892 1534 1929; x_wconf 90' lang='lat' dir='ltr'><strong><em>per</em></strong></span> <span class='ocrx_word' id='word_1_236' title='bbox 1572 1880 1737 1915; x_wconf 87' lang='lat' dir='ltr'><strong><em>alteram</em></strong></span> 
     </span>
     <span class='ocr_line' id='line_1_41' title="bbox 420 1936 1739 1987; baseline -0.002 -13"><span class='ocrx_word' id='word_1_237' title='bbox 420 1939 710 1975; x_wconf 86' lang='lat' dir='ltr'><strong><em>similitudinem</em></strong></span> <span class='ocrx_word' id='word_1_238' title='bbox 751 1939 1008 1987; x_wconf 86' lang='lat' dir='ltr'><strong><em>exposicionis</em></strong></span> <span class='ocrx_word' id='word_1_239' title='bbox 1047 1938 1214 1974; x_wconf 88' lang='lat' dir='ltr'><strong><em>eiusdem</em></strong></span> <span class='ocrx_word' id='word_1_240' title='bbox 1256 1939 1331 1974; x_wconf 87' lang='lat' dir='ltr'><strong><em>loci</em></strong></span> <span class='ocrx_word' id='word_1_241' title='bbox 1363 1939 1537 1974; x_wconf 89' lang='lat' dir='ltr'><strong><em>ostendat</em></strong></span> <span class='ocrx_word' id='word_1_242' title='bbox 1568 1937 1660 1986; x_wconf 80' lang='lat' dir='ltr'><strong><em>quid</em></strong></span> <span class='ocrx_word' id='word_1_243' title='bbox 1691 1936 1739 1972; x_wconf 87' lang='lat' dir='ltr'><strong><em>sit</em></strong></span> 
     </span>
     <span class='ocr_line' id='line_1_42' title="bbox 421 1995 1797 2033; baseline -0.004 0"><span class='ocrx_word' id='word_1_244' title='bbox 421 1997 659 2033; x_wconf 86' lang='lat' dir='ltr'><strong><em>abominacio</em></strong></span> <span class='ocrx_word' id='word_1_245' title='bbox 700 1997 953 2033; x_wconf 87' lang='lat' dir='ltr'><strong><em>desolacionis</em></strong></span> <span class='ocrx_word' id='word_1_246' title='bbox 990 2003 1097 2032; x_wconf 88' lang='lat' dir='ltr'><strong><em>stans</em></strong></span> <span class='ocrx_word' id='word_1_247' title='bbox 1137 1997 1172 2031; x_wconf 90' lang='lat' dir='ltr'><strong><em>in</em></strong></span> <span class='ocrx_word' id='word_1_248' title='bbox 1213 1996 1296 2032; x_wconf 89' lang='lat' dir='ltr'><strong><em>loco</em></strong></span> <span class='ocrx_word' id='word_1_249' title='bbox 1328 2003 1471 2031; x_wconf 85' lang='lat' dir='ltr'><strong><em>sancto.</em></strong></span> <span class='ocrx_word' id='word_1_250' title='bbox 1517 1996 1609 2031; x_wconf 90' lang='lat' dir='ltr'><strong><em>Fuit</em></strong></span> <span class='ocrx_word' id='word_1_251' title='bbox 1640 1995 1737 2030; x_wconf 88' lang='lat' dir='ltr'><strong><em>enim</em></strong></span> <span class='ocrx_word' id='word_1_252' title='bbox 1756 1998 1797 2029; x_wconf 72' lang='lat'><strong><em>30</em></strong></span> 
     </span>
     <span class='ocr_line' id='line_1_43' title="bbox 422 2053 1739 2104; baseline -0.003 -13"><span class='ocrx_word' id='word_1_253' title='bbox 422 2055 618 2091; x_wconf 87' lang='lat' dir='ltr'><strong><em>exercitus</em></strong></span> <span class='ocrx_word' id='word_1_254' title='bbox 650 2055 819 2090; x_wconf 87' lang='lat' dir='ltr'><strong><em>Romani</em></strong></span> <span class='ocrx_word' id='word_1_255' title='bbox 848 2055 1100 2104; x_wconf 88' lang='lat' dir='ltr'><strong><em>imperatoris</em></strong></span> <span class='ocrx_word' id='word_1_256' title='bbox 1137 2061 1243 2090; x_wconf 84' lang='lat' dir='ltr'><strong><em>stans</em></strong></span> <span class='ocrx_word' id='word_1_257' title='bbox 1282 2054 1385 2090; x_wconf 91' lang='lat' dir='ltr'><strong><em>circa</em></strong></span> <span class='ocrx_word' id='word_1_258' title='bbox 1414 2053 1635 2089; x_wconf 81' lang='lat' dir='ltr'><strong><em>Jerusalem</em></strong></span> <span class='ocrx_word' id='word_1_259' title='bbox 1667 2064 1739 2102; x_wconf 80' lang='lat' dir='ltr'><strong><em>que</em></strong></span> 
     </span>
     <span class='ocr_line' id='line_1_44' title="bbox 423 2111 1738 2162; baseline -0.002 -14"><span class='ocrx_word' id='word_1_260' title='bbox 423 2125 540 2162; x_wconf 84' lang='lat' dir='ltr'><strong><em>usque</em></strong></span> <span class='ocrx_word' id='word_1_261' title='bbox 571 2121 660 2148; x_wconf 86' lang='lat' dir='ltr'><strong><em>tunc</em></strong></span> <span class='ocrx_word' id='word_1_262' title='bbox 682 2113 826 2161; x_wconf 87' lang='lat' dir='ltr'><strong><em>fuerat</em></strong></span> <span class='ocrx_word' id='word_1_263' title='bbox 857 2121 1004 2150; x_wconf 89' lang='lat' dir='ltr'><strong><em>sancta.</em></strong></span> <span class='ocrx_word' id='word_1_264' title='bbox 1038 2112 1121 2148; x_wconf 87' lang='lat' dir='ltr'><strong><em>Hec</em></strong></span> <span class='ocrx_word' id='word_1_265' title='bbox 1153 2119 1189 2148; x_wconf 92' lang='lat' dir='ltr'><strong><em>et</em></strong></span> <span class='ocrx_word' id='word_1_266' title='bbox 1211 2112 1351 2148; x_wconf 85' lang='lat' dir='ltr'><strong><em>Petrus</em></strong></span> <span class='ocrx_word' id='word_1_267' title='bbox 1373 2112 1478 2161; x_wconf 85' lang='lat' dir='ltr'><strong><em>apud</em></strong></span> <span class='ocrx_word' id='word_1_268' title='bbox 1505 2111 1738 2147; x_wconf 86' lang='lat' dir='ltr'><strong><em>Clementem</em></strong></span> 
     </span>
     <span class='ocr_line' id='line_1_45' title="bbox 423 2169 1740 2220; baseline -0.002 -13"><span class='ocrx_word' id='word_1_269' title='bbox 423 2171 592 2220; x_wconf 86' lang='lat' dir='ltr'><strong><em>exponit,</em></strong></span> <span class='ocrx_word' id='word_1_270' title='bbox 626 2172 785 2220; x_wconf 83' lang='lat' dir='ltr'><strong><em>denique</em></strong></span> <span class='ocrx_word' id='word_1_271' title='bbox 816 2171 916 2206; x_wconf 74' lang='lat' dir='ltr'><strong><em>lianc</em></strong></span> <span class='ocrx_word' id='word_1_272' title='bbox 948 2183 1028 2207; x_wconf 86' lang='lat' dir='ltr'><strong><em>esse</em></strong></span> <span class='ocrx_word' id='word_1_273' title='bbox 1060 2170 1387 2206; x_wconf 84' lang='lat' dir='ltr'><strong><em>abominacionem</em></strong></span> <span class='ocrx_word' id='word_1_274' title='bbox 1422 2169 1673 2205; x_wconf 86' lang='lat' dir='ltr'><strong><em>desolacionis</em></strong></span> <span class='ocrx_word' id='word_1_275' title='bbox 1705 2175 1740 2204; x_wconf 88' lang='lat' dir='ltr'><strong><em>et</em></strong></span> 
     </span>
     <span class='ocr_line' id='line_1_46' title="bbox 423 2226 1740 2277; baseline -0.002 -13"><span class='ocrx_word' id='word_1_276' title='bbox 423 2229 503 2277; x_wconf 86' lang='lat' dir='ltr'><strong><em>ipse</em></strong></span> <span class='ocrx_word' id='word_1_277' title='bbox 550 2236 680 2265; x_wconf 82' lang='lat' dir='ltr'><strong><em>textus</em></strong></span> <span class='ocrx_word' id='word_1_278' title='bbox 724 2229 902 2266; x_wconf 90' lang='lat' dir='ltr'><strong><em>ostendit.</em></strong></span> <span class='ocrx_word' id='word_1_279' title='bbox 949 2229 1073 2271; x_wconf 85' lang='lat' dir='ltr'><strong><em>Quasi</em></strong></span> <span class='ocrx_word' id='word_1_280' title='bbox 1116 2228 1309 2277; x_wconf 88' lang='lat' dir='ltr'><strong><em>replicans</em></strong></span> <span class='ocrx_word' id='word_1_281' title='bbox 1347 2227 1414 2263; x_wconf 87' lang='lat' dir='ltr'><strong><em>illa</em></strong></span> <span class='ocrx_word' id='word_1_282' title='bbox 1454 2239 1524 2276; x_wconf 78' lang='lat' dir='ltr'><strong><em>que</em></strong></span> <span class='ocrx_word' id='word_1_283' title='bbox 1561 2226 1740 2276; x_wconf 88' lang='lat' dir='ltr'><strong><em>superius</em></strong></span> 
     </span>
     <span class='ocr_line' id='line_1_47' title="bbox 426 2284 1796 2336; baseline -0.002 -15"><span class='ocrx_word' id='word_1_284' title='bbox 426 2287 537 2333; x_wconf 76' lang='lat' dir='ltr'><strong><em>dixit,</em></strong></span> <span class='ocrx_word' id='word_1_285' title='bbox 571 2287 743 2323; x_wconf 74' lang='lat' dir='ltr'><strong><em>breviter</em></strong></span> <span class='ocrx_word' id='word_1_286' title='bbox 773 2287 1067 2336; x_wconf 82' lang='lat' dir='ltr'><strong><em>comprehendit</em></strong></span> <span class='ocrx_word' id='word_1_287' title='bbox 1100 2294 1134 2322; x_wconf 85' lang='lat' dir='ltr'><strong><em>et</em></strong></span> <span class='ocrx_word' id='word_1_288' title='bbox 1167 2286 1278 2321; x_wconf 84' lang='lat' dir='ltr'><strong><em>dicit:</em></strong></span> <span class='ocrx_word' id='word_1_289' title='bbox 1315 2286 1409 2321; x_wconf 89' lang='lat' dir='ltr'><strong><em>Cum</em></strong></span> <span class='ocrx_word' id='word_1_290' title='bbox 1444 2297 1540 2335; x_wconf 74' lang='lat' dir='ltr'><strong><em>ergo</em></strong></span> <span class='ocrx_word' id='word_1_291' title='bbox 1566 2284 1739 2321; x_wconf 76' lang='lat' dir='ltr'><strong><em>videritis</em></strong></span> <span class='ocrx_word' id='word_1_292' title='bbox 1757 2287 1796 2319; x_wconf 76' lang='lat'><strong><em>35</em></strong></span> 
     </span>
     <span class='ocr_line' id='line_1_48' title="bbox 424 2342 1740 2389; baseline -0.002 -9"><span class='ocrx_word' id='word_1_293' title='bbox 424 2345 749 2381; x_wconf 83' lang='lat' dir='ltr'><strong><em>abominacionenz</em></strong></span> <span class='ocrx_word' id='word_1_294' title='bbox 776 2345 1029 2381; x_wconf 82' lang='lat' dir='ltr'><strong><em>desolacionis</em></strong></span> <span class='ocrx_word' id='word_1_295' title='bbox 1050 2351 1228 2389; x_wconf 87' lang='lat' dir='ltr'><strong><em>stantem,</em></strong></span> <span class='ocrx_word' id='word_1_296' title='bbox 1264 2344 1335 2379; x_wconf 89' lang='lat' dir='ltr'><strong><em>lzoc</em></strong></span> <span class='ocrx_word' id='word_1_297' title='bbox 1358 2351 1424 2389; x_wconf 87' lang='lat' dir='ltr'><strong><em>est,</em></strong></span> <span class='ocrx_word' id='word_1_298' title='bbox 1458 2355 1541 2378; x_wconf 85' lang='lat' dir='ltr'><strong><em>cum</em></strong></span> <span class='ocrx_word' id='word_1_299' title='bbox 1567 2342 1740 2378; x_wconf 76' lang='lat' dir='ltr'><strong><em>videritis</em></strong></span> 
     </span>
     <span class='ocr_line' id='line_1_49' title="bbox 425 2402 1737 2452; baseline -0.002 -14"><span class='ocrx_word' id='word_1_300' title='bbox 425 2415 466 2438; x_wconf 89' lang='lat' dir='ltr'><strong><em>ea</em></strong></span> <span class='ocrx_word' id='word_1_301' title='bbox 512 2403 595 2451; x_wconf 87' lang='lat' dir='ltr'><strong><em>ipsa</em></strong></span> <span class='ocrx_word' id='word_1_302' title='bbox 637 2403 765 2452; x_wconf 87' lang='lat' dir='ltr'><strong><em>prelia</em></strong></span> <span class='ocrx_word' id='word_1_303' title='bbox 811 2403 886 2438; x_wconf 90' lang='lat' dir='ltr'><strong><em>iam</em></strong></span> <span class='ocrx_word' id='word_1_304' title='bbox 927 2403 1075 2438; x_wconf 86' lang='lat' dir='ltr'><strong><em>stancia</em></strong></span> <span class='ocrx_word' id='word_1_305' title='bbox 1114 2402 1217 2438; x_wconf 89' lang='lat' dir='ltr'><strong><em>circa</em></strong></span> <span class='ocrx_word' id='word_1_306' title='bbox 1250 2402 1467 2437; x_wconf 85' lang='lat' dir='ltr'><strong><em>Jerusalem</em></strong></span> <span class='ocrx_word' id='word_1_307' title='bbox 1514 2413 1584 2450; x_wconf 77' lang='lat' dir='ltr'><strong><em>que</em></strong></span> <span class='ocrx_word' id='word_1_308' title='bbox 1626 2407 1737 2436; x_wconf 87' lang='lat' dir='ltr'><strong><em>antea</em></strong></span> 
     </span>
     <span class='ocr_line' id='line_1_50' title="bbox 426 2461 622 2497; baseline 0 -2"><span class='ocrx_word' id='word_1_309' title='bbox 426 2461 622 2497; x_wconf 78' lang='lat' dir='ltr'><strong><em>videbatis.</em></strong></span> 
     </span>
    </p>
   </div>
   <div class='ocr_carea' id='block_1_6' title="bbox 429 2651 1739 2716">
    <p class='ocr_par' dir='ltr' id='par_1_8' title="bbox 429 2651 1739 2716">
     <span class='ocr_line' id='line_1_51' title="bbox 500 2651 1739 2688; baseline -0.004 -7"><span class='ocrx_word' id='word_1_310' title='bbox 500 2662 537 2681; x_wconf 76' lang='lat'><strong><em>12.</em></strong></span> <span class='ocrx_word' id='word_1_311' title='bbox 566 2655 592 2681; x_wconf 74' lang='lat' dir='ltr'>A</span> <span class='ocrx_word' id='word_1_312' title='bbox 620 2655 648 2681; x_wconf 83' lang='lat' dir='ltr'><strong><em>in</em></strong></span> <span class='ocrx_word' id='word_1_313' title='bbox 681 2663 795 2688; x_wconf 46' lang='lat' dir='ltr'><strong><em>marg:</em></strong></span> <span class='ocrx_word' id='word_1_314' title='bbox 828 2654 992 2681; x_wconf 74' lang='lat' dir='ltr'><strong><em>lohannes.</em></strong></span> <span class='ocrx_word' id='word_1_315' title='bbox 1085 2653 1127 2680; x_wconf 74' lang='lat'><strong><em>10.</em></strong></span> <span class='ocrx_word' id='word_1_316' title='bbox 1155 2653 1196 2679; x_wconf 83' lang='lat' dir='ltr'><strong><em>A:</em></strong></span> <span class='ocrx_word' id='word_1_317' title='bbox 1229 2653 1364 2679; x_wconf 74' lang='lat' dir='ltr'><strong><em>ecclesie.</em></strong></span> <span class='ocrx_word' id='word_1_318' title='bbox 1457 2660 1502 2678; x_wconf 77' lang='lat'><strong><em>20.</em></strong></span> <span class='ocrx_word' id='word_1_319' title='bbox 1524 2652 1551 2678; x_wconf 79' lang='lat' dir='ltr'>A</span> <span class='ocrx_word' id='word_1_320' title='bbox 1573 2651 1601 2677; x_wconf 80' lang='lat' dir='ltr'><strong><em>in</em></strong></span> <span class='ocrx_word' id='word_1_321' title='bbox 1626 2658 1739 2684; x_wconf 50' lang='lat' dir='ltr'><strong><em>marg:</em></strong></span> 
     </span>
     <span class='ocr_line' id='line_1_52' title="bbox 429 2690 645 2716; baseline 0.005 -2"><span class='ocrx_word' id='word_1_322' title='bbox 429 2690 645 2716; x_wconf 59' lang='lat' dir='ltr'><strong><em>(frisos-tomus.</em></strong></span> 
     </span>
    </p>
   </div>
   <div class='ocr_carea' id='block_1_7' title="bbox 432 2779 1740 2868">
    <p class='ocr_par' dir='ltr' id='par_1_9' title="bbox 432 2779 1740 2868">
     <span class='ocr_line' id='line_1_53' title="bbox 496 2779 1740 2824; baseline -0.004 -10"><span class='ocrx_word' id='word_1_323' title='bbox 496 2795 527 2824; x_wconf 79' lang='lat'><strong><em>4.</em></strong></span> <span class='ocrx_word' id='word_1_324' title='bbox 557 2783 675 2815; x_wconf 78' lang='lat' dir='ltr'><strong><em>Matth.</em></strong></span> <span class='ocrx_word' id='word_1_325' title='bbox 703 2784 820 2823; x_wconf 85' lang='lat' dir='ltr'><strong><em>XXIV,</em></strong></span> <span class='ocrx_word' id='word_1_326' title='bbox 854 2783 901 2814; x_wconf 63' lang='grc' dir='ltr'><strong><em>Μ’).</em></strong></span> <span class='ocrx_word' id='word_1_327' title='bbox 1058 2793 1109 2813; x_wconf 83' lang='lat'><strong><em>21.</em></strong></span> <span class='ocrx_word' id='word_1_328' title='bbox 1138 2783 1204 2823; x_wconf 75' lang='lat' dir='ltr'><strong><em>Op.</em></strong></span> <span class='ocrx_word' id='word_1_329' title='bbox 1233 2782 1317 2822; x_wconf 78' lang='lat' dir='ltr'><strong><em>Imp.</em></strong></span> <span class='ocrx_word' id='word_1_330' title='bbox 1353 2781 1372 2811; x_wconf 84' lang='lat'><strong><em>1.</em></strong></span> <span class='ocrx_word' id='word_1_331' title='bbox 1400 2792 1427 2811; x_wconf 82' lang='lat' dir='ltr'><strong><em>c.</em></strong></span> <span class='ocrx_word' id='word_1_332' title='bbox 1456 2791 1486 2821; x_wconf 78' lang='lat' dir='ltr'><strong><em>p.</em></strong></span> <span class='ocrx_word' id='word_1_333' title='bbox 1514 2780 1579 2822; x_wconf 62' lang='lat'><strong><em>943</em></strong></span> <span class='ocrx_word' id='word_1_334' title='bbox 1608 2779 1740 2817; x_wconf 68' lang='lat' dir='ltr'><strong>(CCII).</strong></span> 
     </span>
     <span class='ocr_line' id='line_1_54' title="bbox 432 2828 1130 2868; baseline -0.003 -8"><span class='ocrx_word' id='word_1_335' title='bbox 432 2830 482 2860; x_wconf 45' lang='grc' dir='ltr'><strong><em>ἦ.</em></strong></span> <span class='ocrx_word' id='word_1_336' title='bbox 509 2832 643 2861; x_wconf 69' lang='lat' dir='ltr'><strong><em>Marcns</em></strong></span> <span class='ocrx_word' id='word_1_337' title='bbox 672 2831 754 2866; x_wconf 67' lang='lat' dir='ltr'><strong><em>xm,</em></strong></span> <span class='ocrx_word' id='word_1_338' title='bbox 790 2841 836 2868; x_wconf 56' lang='lat'><strong><em>¹4»</em></strong></span> <span class='ocrx_word' id='word_1_339' title='bbox 866 2830 946 2860; x_wconf 60' lang='lat' dir='ltr'><strong><em>ihc.</em></strong></span> <span class='ocrx_word' id='word_1_340' title='bbox 977 2830 1059 2867; x_wconf 69' lang='lat' dir='ltr'><strong><em>XXI,</em></strong></span> <span class='ocrx_word' id='word_1_341' title='bbox 1090 2828 1130 2858; x_wconf 60' lang='lat' dir='ltr'><strong><em>ss&gt;</em></strong></span> 
     </span>
    </p>
   </div>
  </div>
 </body>
</html>
