1986 3289
158 205 232 241 192
759 203 877 234 OPUS
903 202 1239 234 EVANGELICUM
1268 201 1351 234 LIB.
1378 202 1431 234 ΙΙΙ.
1561 191 1668 245 [CAV.
1690 200 1751 228 L11.

441 309 603 357 aliquod
630 310 861 357 corporale;
894 310 963 345 sed
997 308 1186 345 credibile
1220 317 1277 344 est
1310 321 1353 345 ex
1385 317 1493 344 textu
1526 309 1753 356 evangelico

442 376 478 403 et
511 366 616 403 facto
661 369 769 415 quod
815 366 944 403 evenit
987 368 1095 414 quod
1127 366 1290 414 spiritus
1335 367 1551 402 defendunt
1589 366 1754 414 spissius

442 426 491 460 ad
514 424 668 462 inferna
703 438 745 462 ex
779 423 1015 461 infidelitate
1038 437 1158 472 quam
1194 424 1234 460 in
1265 433 1447 472 tempore
1479 423 1559 461 alio
1593 425 1754 461 descen-

442 484 598 527 derunt,
647 483 737 519 ideo
770 492 813 518 ut
846 482 976 518 innuit
1010 483 1084 518 hoc
1117 481 1366 530 evangelium
1401 483 1476 518 hoc
1507 491 1666 530 tempus
1698 490 1756 518 est

443 540 719 588 periculosius.
761 542 934 586 Quando
968 552 1062 588 ergo
1094 539 1148 577 ita
1181 539 1451 577 communiter
1485 539 1654 576 credidit
1685 542 1786 588 po-5

445 598 561 646 pulus
606 598 646 634 in
691 611 839 646 papam
886 599 1020 647 quoad
1052 597 1328 646 indulgencias
1369 606 1406 633 et
1439 597 1516 634 alia
1549 597 1756 645 privilegia

158 640 422 703 Chixrliesssgsrlxgsssso
443 656 541 704 legis
575 669 644 693 sue
677 655 902 705 postposita
925 657 1010 703 lege
1044 664 1080 692 et
1114 655 1191 692 fide
1224 665 1261 692 et
1294 654 1446 692 domini
1468 656 1559 691 Jesu
1584 654 1756 692 Christi?

159 709 422 779 Ἔζῖΰξὴὲθίξοὸζὲρξ
444 715 520 750 Sed
566 715 642 751 hoc
695 727 738 750 ex
784 714 899 750 dictis
943 722 1000 750 est
1045 713 1247 750 Christum
1292 713 1516 762 relinquere
1562 722 1598 749 et
1644 712 1755 749 Anti-

195 780 381 808 inventions.
444 771 637 808 christum
683 772 723 808 in
755 784 893 809 amore
926 784 1149 820 preponere
1188 780 1225 808 et
1257 772 1332 808 hoc
1364 771 1473 807 iuxta
1506 770 1755 819 evangelium

445 831 550 866 Luce
591 830 813 878 expositum
859 839 1057 878 repugnat
1108 829 1200 866 huic
1245 831 1355 877 quod
1408 828 1464 865 sic
1515 828 1665 865 faciens
1709 828 1815 865 sit10

443 887 663 936 discipulus
698 887 859 925 Domini
891 889 983 924 Jesu
1017 887 1184 934 Christi3
1219 896 1256 924 et
1288 888 1344 924 sic
1377 887 1510 935 plures
1543 886 1759 923 infideliter

443 958 590 994 papam
636 955 861 995 sequuntur
906 955 942 982 et
975 945 1094 982 fidem
1130 945 1279 982 Christi
1312 947 1500 982 deserunt
1533 958 1653 993 quam
1688 944 1758 981 ali-

444 1016 563 1052 quem
599 1017 762 1053 magum
796 1004 857 1041 vel
890 1003 1095 1040 diabolum
1136 1003 1176 1040 in
1209 1003 1289 1040 alio
1322 1013 1505 1051 tempore
1538 1005 1759 1051 sequeban-

444 1072 519 1099 tur.
566 1064 667 1099 Nam
712 1062 940 1111 publicatur
987 1071 1029 1098 ut
1062 1062 1160 1098 fides
1204 1075 1324 1110 quam
1371 1061 1506 1099 cuncti
1551 1060 1759 1097 christiani

444 1122 589 1158 debent
622 1122 785 1157 credere
810 1122 918 1170 quod
950 1119 1007 1157 sic
1040 1121 1228 1157 credatur
1260 1121 1308 1156 de
1331 1133 1435 1168 papa
1469 1128 1506 1156 et
1538 1118 1652 1157 aliter
1684 1118 1815 1155 sibi15

444 1179 672 1216 discredens
704 1179 931 1216 censebitur
961 1177 1147 1215 infidelis.

206 1247 271 1285 The
294 1248 375 1282 Pope
502 1238 674 1283 Quando
697 1246 830 1274 autem
864 1237 975 1285 prius
1010 1236 1116 1284 magi
1149 1237 1345 1284 quosdam
1379 1237 1618 1272 seduxerant
1651 1235 1759 1282 quod

154 1282 421 1344 Jgfflssatffifinffd
445 1297 495 1332 ad
527 1296 634 1332 celos
666 1296 796 1332 forent
819 1294 1001 1332 translati
1035 1307 1125 1331 cum
1150 1293 1311 1338 sanctis,
1345 1293 1421 1330 ista
1453 1302 1589 1330 tamen
1621 1294 1760 1329 seduc-

166 1351 216 1378 ΨΘ
238 1352 416 1387 magicians.
446 1353 508 1390 cio
541 1366 622 1390 non
667 1353 738 1390 fuit
781 1363 862 1390 tam
897 1353 1091 1402 generalis
1126 1363 1162 1389 et
1200 1352 1352 1400 patula,
1405 1360 1449 1388 ut
1482 1359 1540 1388 est
1571 1350 1760 1387 seduccio

446 1424 525 1460 qua
557 1424 662 1460 papa
708 1411 862 1448 seducit
895 1410 1104 1448 ecclesiam
1146 1410 1401 1447 militantem.
1454 1411 1641 1445 Patenter
1674 1408 1760 1457 qui·
1777 1421 1818 1443 20

446 1471 535 1506 dem
569 1471 618 1506 de
651 1469 826 1506 seductis
858 1469 898 1506 in
930 1469 1103 1518 pecunia
1135 1468 1209 1505 sibi
1243 1467 1588 1515 complacentibus
1621 1466 1762 1503 asserit

446 1529 554 1576 quod
587 1537 678 1564 sunt
701 1528 873 1564 absoluti
907 1541 928 1564 a
962 1539 1064 1576 pena
1098 1536 1134 1563 et
1168 1527 1285 1574 culpa
1319 1534 1356 1562 et
1379 1525 1562 1562 translati
1595 1526 1646 1561 ad
1679 1525 1761 1572 glo-

446 1586 545 1622 riam
582 1588 805 1631 beatorum‚
858 1586 897 1621 in
941 1594 1098 1622 tantum
1146 1586 1253 1633 quod
1299 1583 1498 1631 promittit
1540 1582 1762 1619 viatoribus

445 1645 521 1680 hoc
545 1644 743 1692 premium
775 1644 842 1692 qui
875 1643 915 1679 in
939 1656 1060 1680 causa
1092 1655 1163 1679 sua
1193 1642 1382 1678 occidunt
1404 1641 1589 1689 nequiter
1620 1641 1761 1677 fratres

445 1715 538 1738 suos
573 1711 609 1738 et
643 1703 835 1738 adherere
880 1701 949 1738 uni
994 1701 1064 1737 tali
1102 1699 1275 1749 principi
1315 1699 1481 1735 dimissa
1514 1699 1593 1735 fide
1626 1699 1762 1735 catho-
1779 1700 1818 1733 25

445 1760 521 1796 lica
572 1760 670 1807 legis
725 1759 874 1796 Christi
924 1760 1026 1796 foret
1078 1758 1185 1795 iuxta
1236 1757 1486 1806 evangelium
1536 1756 1761 1805 predictum

448 1820 551 1854 Luce
582 1819 667 1854 XIV
700 1817 916 1854 infidelitas
951 1817 1164 1854 manifesta
1197 1825 1234 1853 et
1267 1828 1338 1864 per
1371 1827 1620 1864 consequens
1653 1813 1762 1851 iuxta

447 1876 566 1912 fidem
601 1876 767 1913 ecclesie
810 1875 945 1912 taliter
992 1874 1208 1911 morientes
1257 1875 1503 1910 descendunt
1535 1871 1761 1909 necessario

446 1935 495 1970 ad
527 1934 744 1971 infernum.
798 1933 904 1980 Quid
943 1946 1036 1981 ergo
1070 1941 1203 1981 posset
1236 1944 1319 1968 esse
1352 1931 1480 1968 maius
1513 1930 1761 1979 periculum?

446 2004 520 2028 nec
553 2001 686 2040 posset
719 1992 855 2041 aliqua
902 1991 1238 2040 tergiversacione
1271 2002 1354 2026 esse
1387 1990 1493 2038 apud
1527 1991 1653 2025 Deum
1694 1989 1761 2024 ab·
1776 1990 1819 2023 30

447 2050 675 2087 sconditum
700 2050 796 2098 quin
830 2049 885 2086 sic
919 2050 1092 2086 zelantes
1115 2062 1187 2097 pro
1219 2050 1303 2096 lege
1325 2060 1428 2096 pape
1462 2056 1498 2084 et
1531 2059 1601 2083 suo
1634 2045 1762 2082 dorni-

233 2130 335 2157 These
447 2108 513 2145 nio
559 2121 604 2145 ac
651 2117 943 2157 postponentes
989 2108 1115 2155 legem
1150 2106 1298 2143 Christi
1348 2115 1385 2142 et
1417 2118 1531 2141 suum
1567 2106 1760 2141 honorem

176 2166 407 2234 Sllfsss‘ggtggssdgf
448 2178 565 2215 quen]
585 2166 744 2203 Christo
767 2165 990 2202 tribuerent
1022 2178 1103 2202 non
1127 2164 1268 2201 odiunt
1291 2165 1486 2200 honorem
1511 2172 1578 2199 aut
1611 2163 1760 2199 famam

220 2234 371 2261 notslmn
448 2224 584 2269 seculi,
637 2233 680 2261 ut
720 2223 902 2260 Christus
948 2223 1132 2272 precipit,
1186 2231 1222 2259 et
1256 2222 1382 2258 multo
1421 2220 1649 2258 evidencius
1681 2232 1762 2256 non

159 2269 432 2331 ‘Jff23‡¹2'1¹5¹t⁰ss{gg{
448 2282 568 2319 vitam
603 2282 809 2331 propriam
834 2282 917 2319 sine
951 2281 1063 2318 cuius
1086 2280 1179 2318 odio
1203 2293 1284 2316 non
1316 2288 1483 2328 possunt
1507 2291 1590 2315 esse
1614 2277 1761 2314 Christi
1778 2278 1818 2312 35

449 2340 633 2388 discipuli
665 2341 726 2376 vel
758 2340 902 2377 salvari
963 2342 1010 2376 Et
1053 2351 1193 2376 omnes
1226 2340 1418 2374 debemus
1452 2337 1593 2373 timere
1626 2348 1673 2372 ne
1705 2335 1762 2372 in-

449 2398 630 2435 cidamus
671 2398 711 2434 in
744 2398 858 2435 istam
895 2397 1067 2434 heresim
1101 2397 1189 2445 plus
1221 2397 1280 2432 vel
1315 2395 1457 2431 minus.
1506 2393 1622 2430 Multi
1656 2393 1760 2430 enim

449 2465 614 2504 propter
657 2456 843 2493 timorem
878 2455 1060 2492 servilem
1095 2453 1355 2491 consenciunt
1387 2452 1452 2489 isti
1484 2452 1625 2501 heresi,
1657 2460 1763 2487 stare

450 2527 523 2562 pro
570 2514 646 2550 fide
681 2514 843 2551 Domini
875 2526 955 2550 non
988 2514 1200 2557 audentes;
1248 2521 1285 2548 et
1319 2513 1366 2547 de
1406 2510 1514 2547 mille
1545 2510 1605 2546 vix
1638 2522 1759 2544 unum

452 2572 624 2620 reperies
658 2572 754 2620 quin
793 2572 843 2608 sit
888 2584 1056 2608 consens
1089 2570 1205 2606 huius
1245 2570 1480 2606 maculatus.
1521 2569 1613 2604 Ideo
1648 2566 1820 2609 multi4o

452 2632 700 2667 descendunt
748 2632 796 2666 ad
831 2630 1035 2666 diabolum
1070 2629 1109 2665 in
1143 2627 1378 2676 ignorancia
1412 2625 1676 2671 dormientes;
1725 2632 1762 2660 et

523 2834 561 2862 25,
585 2837 630 2861 A:
653 2843 710 2861 non
730 2837 841 2869 potest.
