<?xml version="1.0" encoding="UTF-8"?>
<!DOCTYPE html PUBLIC "-//W3C//DTD XHTML 1.0 Transitional//EN"
    "http://www.w3.org/TR/xhtml1/DTD/xhtml1-transitional.dtd">
<html xmlns="http://www.w3.org/1999/xhtml" xml:lang="en" lang="en">
 <head>
  <title>
</title>
<meta http-equiv="Content-Type" content="text/html;charset=utf-8" />
  <meta name='ocr-system' content='tesseract 3.04.00' />
  <meta name='ocr-capabilities' content='ocr_page ocr_carea ocr_par ocr_line ocrx_word'/>
</head>
<body>
  <div class='ocr_page' id='page_1' title='image "./opusevangelicum34wycl/opusevangelicum34wycl_0374.png"; bbox 0 0 1986 3289; ppageno 0'>
   <div class='ocr_carea' id='block_1_1' title="bbox 164 183 244 231">
    <p class='ocr_par' dir='ltr' id='par_1_1' title="bbox 164 183 244 231">
     <span class='ocr_line' id='line_1_1' title="bbox 164 183 244 231; baseline 0 0"><span class='ocrx_word' id='word_1_1' title='bbox 164 183 244 231; x_wconf 73' lang='lat'>336</span> 
     </span>
    </p>
   </div>
   <div class='ocr_carea' id='block_1_2' title="bbox 187 478 409 618">
    <p class='ocr_par' dir='ltr' id='par_1_2' title="bbox 187 478 409 618">
     <span class='ocr_line' id='line_1_2' title="bbox 187 478 409 513; baseline 0 -8"><span class='ocrx_word' id='word_1_2' title='bbox 187 480 211 505; x_wconf 86' lang='lat' dir='ltr'>It</span> <span class='ocrx_word' id='word_1_3' title='bbox 232 487 295 505; x_wconf 73' lang='lat' dir='ltr'>was</span> <span class='ocrx_word' id='word_1_4' title='bbox 317 478 409 513; x_wconf 80' lang='lat' dir='ltr'>really</span> 
     </span>
     <span class='ocr_line' id='line_1_3' title="bbox 205 513 395 541; baseline -0.011 0"><span class='ocrx_word' id='word_1_5' title='bbox 205 513 310 541; x_wconf 79' lang='lat' dir='ltr'>Christ</span> <span class='ocrx_word' id='word_1_6' title='bbox 331 514 395 540; x_wconf 70' lang='lat' dir='ltr'>that</span> 
     </span>
     <span class='ocr_line' id='line_1_4' title="bbox 225 549 376 576; baseline -0.007 0"><span class='ocrx_word' id='word_1_7' title='bbox 225 549 376 576; x_wconf 76' lang='lat' dir='ltr'>delivered</span> 
     </span>
     <span class='ocr_line' id='line_1_5' title="bbox 203 585 395 618; baseline -0.01 -6"><span class='ocrx_word' id='word_1_8' title='bbox 203 585 329 612; x_wconf 78' lang='lat' dir='ltr'>himself</span> <span class='ocrx_word' id='word_1_9' title='bbox 347 592 395 618; x_wconf 80' lang='lat' dir='ltr'>up.</span> 
     </span>
    </p>
   </div>
   <div class='ocr_carea' id='block_1_3' title="bbox 181 1117 416 1258">
    <p class='ocr_par' dir='ltr' id='par_1_3' title="bbox 181 1117 416 1258">
     <span class='ocr_line' id='line_1_6' title="bbox 192 1117 411 1143; baseline -0.005 0"><span class='ocrx_word' id='word_1_10' title='bbox 192 1117 309 1143; x_wconf 74' lang='lat' dir='ltr'>Lesson</span> <span class='ocrx_word' id='word_1_11' title='bbox 331 1117 411 1143; x_wconf 76' lang='lat' dir='ltr'>from</span> 
     </span>
     <span class='ocr_line' id='line_1_7' title="bbox 233 1151 366 1178; baseline 0 0"><span class='ocrx_word' id='word_1_12' title='bbox 233 1151 366 1178; x_wconf 71' lang='lat' dir='ltr'>Cllrist&#39;s</span> 
     </span>
     <span class='ocr_line' id='line_1_8' title="bbox 181 1186 416 1221; baseline 0 -8"><span class='ocrx_word' id='word_1_13' title='bbox 181 1187 359 1221; x_wconf 70' lang='lat' dir='ltr'>possession</span> <span class='ocrx_word' id='word_1_14' title='bbox 382 1186 416 1213; x_wconf 80' lang='lat' dir='ltr'>of</span> 
     </span>
     <span class='ocr_line' id='line_1_9' title="bbox 238 1230 360 1258; baseline -0.016 -8"><span class='ocrx_word' id='word_1_15' title='bbox 238 1230 360 1258; x_wconf 86' lang='lat' dir='ltr'>money.</span> 
     </span>
    </p>
   </div>
   <div class='ocr_carea' id='block_1_4' title="bbox 765 179 1761 233">
    <p class='ocr_par' dir='ltr' id='par_1_4' title="bbox 765 179 1761 233">
     <span class='ocr_line' id='line_1_10' title="bbox 765 179 1761 233; baseline -0.001 -13"><span class='ocrx_word' id='word_1_16' title='bbox 765 190 929 221; x_wconf 82' lang='lat' dir='ltr'>OPERIS</span> <span class='ocrx_word' id='word_1_17' title='bbox 955 190 1237 221; x_wconf 84' lang='lat' dir='ltr'>EVANGELICI</span> <span class='ocrx_word' id='word_1_18' title='bbox 1266 190 1350 222; x_wconf 86' lang='lat' dir='ltr'><strong>LIB.</strong></span> <span class='ocrx_word' id='word_1_19' title='bbox 1377 191 1431 221; x_wconf 94' lang='lat' dir='ltr'>IV.</span> <span class='ocrx_word' id='word_1_20' title='bbox 1552 179 1658 233; x_wconf 79' lang='lat' dir='ltr'>[CAP-</span> <span class='ocrx_word' id='word_1_21' title='bbox 1681 188 1761 216; x_wconf 79' lang='lat' dir='ltr'>XIV-</span> 
     </span>
    </p>
   </div>
   <div class='ocr_carea' id='block_1_5' title="bbox 442 296 1770 1971">
    <p class='ocr_par' dir='ltr' id='par_1_5' title="bbox 451 296 1767 462">
     <span class='ocr_line' id='line_1_11' title="bbox 451 296 1762 347; baseline 0.001 -14"><span class='ocrx_word' id='word_1_22' title='bbox 451 298 629 333; x_wconf 85' lang='lat' dir='ltr'>seviendo</span> <span class='ocrx_word' id='word_1_23' title='bbox 663 309 777 346; x_wconf 79' lang='lat' dir='ltr'>quam</span> <span class='ocrx_word' id='word_1_24' title='bbox 811 297 862 332; x_wconf 87' lang='lat' dir='ltr'>ad</span> <span class='ocrx_word' id='word_1_25' title='bbox 892 297 1055 332; x_wconf 86' lang='lat' dir='ltr'>salutem</span> <span class='ocrx_word' id='word_1_26' title='bbox 1077 296 1258 347; x_wconf 87' lang='lat' dir='ltr'>fidelium</span> <span class='ocrx_word' id='word_1_27' title='bbox 1283 297 1524 345; x_wconf 87' lang='lat' dir='ltr'>festinando,</span> <span class='ocrx_word' id='word_1_28' title='bbox 1563 298 1650 346; x_wconf 81' lang='lat' dir='ltr'>quia</span> <span class='ocrx_word' id='word_1_29' title='bbox 1683 305 1762 334; x_wconf 90' lang='lat' dir='ltr'>tra-</span> 
     </span>
     <span class='ocr_line' id='line_1_12' title="bbox 454 354 1767 403; baseline 0.002 -13"><span class='ocrx_word' id='word_1_30' title='bbox 454 356 555 391; x_wconf 87' lang='lat' dir='ltr'>ditus</span> <span class='ocrx_word' id='word_1_31' title='bbox 587 362 642 391; x_wconf 88' lang='lat' dir='ltr'>est</span> <span class='ocrx_word' id='word_1_32' title='bbox 670 362 834 403; x_wconf 87' lang='lat' dir='ltr'>propter</span> <span class='ocrx_word' id='word_1_33' title='bbox 866 354 1004 390; x_wconf 85' lang='lat' dir='ltr'>delicta</span> <span class='ocrx_word' id='word_1_34' title='bbox 1039 361 1170 390; x_wconf 88' lang='lat' dir='ltr'>nostra</span> <span class='ocrx_word' id='word_1_35' title='bbox 1195 362 1229 390; x_wconf 91' lang='lat' dir='ltr'>et</span> <span class='ocrx_word' id='word_1_36' title='bbox 1262 355 1400 391; x_wconf 79' lang='lat' dir='ltr'>dilexit</span> <span class='ocrx_word' id='word_1_37' title='bbox 1433 356 1631 391; x_wconf 84' lang='lat' dir='ltr'>ecclesiam</span> <span class='ocrx_word' id='word_1_38' title='bbox 1665 363 1700 391; x_wconf 91' lang='lat' dir='ltr'>et</span> <span class='ocrx_word' id='word_1_39' title='bbox 1726 368 1767 392; x_wconf 88' lang='lat' dir='ltr'>se</span> 
     </span>
     <span class='ocr_line' id='line_1_13' title="bbox 452 412 966 462; baseline -0.002 -13"><span class='ocrx_word' id='word_1_40' title='bbox 452 414 574 462; x_wconf 87' lang='lat' dir='ltr'>ipsum</span> <span class='ocrx_word' id='word_1_41' title='bbox 609 412 773 448; x_wconf 84' lang='lat' dir='ltr'>tradidit</span> <span class='ocrx_word' id='word_1_42' title='bbox 800 425 877 461; x_wconf 91' lang='lat' dir='ltr'>pro</span> <span class='ocrx_word' id='word_1_43' title='bbox 911 425 966 448; x_wconf 85' lang='lat' dir='ltr'>ea.</span> 
     </span>
    </p>

    <p class='ocr_par' dir='ltr' id='par_1_6' title="bbox 447 470 1768 1099">
     <span class='ocr_line' id='line_1_14' title="bbox 516 470 1767 519; baseline 0.001 -13"><span class='ocrx_word' id='word_1_44' title='bbox 516 471 622 506; x_wconf 88' lang='lat' dir='ltr'>Unde</span> <span class='ocrx_word' id='word_1_45' title='bbox 654 477 688 506; x_wconf 91' lang='lat' dir='ltr'>et</span> <span class='ocrx_word' id='word_1_46' title='bbox 721 471 767 505; x_wconf 89' lang='lat' dir='ltr'>de</span> <span class='ocrx_word' id='word_1_47' title='bbox 798 482 838 505; x_wconf 88' lang='lat' dir='ltr'>se</span> <span class='ocrx_word' id='word_1_48' title='bbox 869 470 951 519; x_wconf 87' lang='lat' dir='ltr'>ipso</span> <span class='ocrx_word' id='word_1_49' title='bbox 985 470 1075 506; x_wconf 89' lang='lat' dir='ltr'>dicit</span> <span class='ocrx_word' id='word_1_50' title='bbox 1105 470 1324 518; x_wconf 88' lang='lat' dir='ltr'>Apostolus.</span> <span class='ocrx_word' id='word_1_51' title='bbox 1377 471 1454 514; x_wconf 81' lang='lat' dir='ltr'>Qui</span> <span class='ocrx_word' id='word_1_52' title='bbox 1483 484 1543 507; x_wconf 90' lang='lat' dir='ltr'>me</span> <span class='ocrx_word' id='word_1_53' title='bbox 1565 472 1702 508; x_wconf 83' lang='lat' dir='ltr'>dilexit</span> <span class='ocrx_word' id='word_1_54' title='bbox 1732 480 1767 508; x_wconf 92' lang='lat' dir='ltr'>et</span> 
     </span>
     <span class='ocr_line' id='line_1_15' title="bbox 453 528 1763 577; baseline 0.002 -13"><span class='ocrx_word' id='word_1_55' title='bbox 453 529 615 564; x_wconf 76' lang='lat' dir='ltr'><em>tradidit</em></span> <span class='ocrx_word' id='word_1_56' title='bbox 647 540 686 564; x_wconf 88' lang='lat' dir='ltr'>se</span> <span class='ocrx_word' id='word_1_57' title='bbox 708 528 831 576; x_wconf 87' lang='lat' dir='ltr'>ipsum</span> <span class='ocrx_word' id='word_1_58' title='bbox 851 540 928 577; x_wconf 89' lang='lat' dir='ltr'>pro</span> <span class='ocrx_word' id='word_1_59' title='bbox 961 540 1031 564; x_wconf 88' lang='lat' dir='ltr'>me.</span> <span class='ocrx_word' id='word_1_60' title='bbox 1066 528 1155 563; x_wconf 79' lang='lat' dir='ltr'>Nisi</span> <span class='ocrx_word' id='word_1_61' title='bbox 1170 540 1266 577; x_wconf 75' lang='lat' dir='ltr'>ergo</span> <span class='ocrx_word' id='word_1_62' title='bbox 1298 540 1338 564; x_wconf 92' lang='lat' dir='ltr'>se</span> <span class='ocrx_word' id='word_1_63' title='bbox 1371 529 1546 565; x_wconf 89' lang='lat' dir='ltr'>traderet</span> <span class='ocrx_word' id='word_1_64' title='bbox 1573 528 1763 572; x_wconf 78' lang='lat' dir='ltr'>Christus,</span> 
     </span>
     <span class='ocr_line' id='line_1_16' title="bbox 454 586 1768 635; baseline 0.001 -13"><span class='ocrx_word' id='word_1_65' title='bbox 454 597 562 623; x_wconf 88' lang='lat' dir='ltr'>nemo</span> <span class='ocrx_word' id='word_1_66' title='bbox 587 587 763 622; x_wconf 90' lang='lat' dir='ltr'>traderet</span> <span class='ocrx_word' id='word_1_67' title='bbox 791 586 1003 622; x_wconf 79' lang='lat' dir='ltr'><em>Christum.</em></span> <span class='ocrx_word' id='word_1_68' title='bbox 1043 586 1146 629; x_wconf 82' lang='lat' dir='ltr'>Quid</span> <span class='ocrx_word' id='word_1_69' title='bbox 1168 586 1281 621; x_wconf 85' lang='lat' dir='ltr'>habet</span> <span class='ocrx_word' id='word_1_70' title='bbox 1295 586 1417 622; x_wconf 85' lang='lat' dir='ltr'>Judas</span> <span class='ocrx_word' id='word_1_71' title='bbox 1439 587 1511 622; x_wconf 88' lang='lat' dir='ltr'>nisi</span> <span class='ocrx_word' id='word_1_72' title='bbox 1534 588 1768 635; x_wconf 84' lang='lat' dir='ltr'>pecuniam?</span> 
     </span>
     <span class='ocr_line' id='line_1_17' title="bbox 454 644 1768 693; baseline 0.002 -13"><span class='ocrx_word' id='word_1_73' title='bbox 454 657 571 693; x_wconf 81' lang='lat' dir='ltr'>neque</span> <span class='ocrx_word' id='word_1_74' title='bbox 614 644 711 679; x_wconf 88' lang='lat' dir='ltr'>enim</span> <span class='ocrx_word' id='word_1_75' title='bbox 757 644 792 679; x_wconf 85' lang='lat' dir='ltr'>in</span> <span class='ocrx_word' id='word_1_76' title='bbox 837 644 1029 680; x_wconf 88' lang='lat' dir='ltr'>tradendo</span> <span class='ocrx_word' id='word_1_77' title='bbox 1067 644 1265 680; x_wconf 79' lang='lat' dir='ltr'><em>Christum</em></span> <span class='ocrx_word' id='word_1_78' title='bbox 1304 644 1467 680; x_wconf 86' lang='lat' dir='ltr'>salutem</span> <span class='ocrx_word' id='word_1_79' title='bbox 1501 652 1673 681; x_wconf 85' lang='lat' dir='ltr'>nostram</span> <span class='ocrx_word' id='word_1_80' title='bbox 1707 658 1768 682; x_wconf 88' lang='lat' dir='ltr'>co-</span> 
     </span>
     <span class='ocr_line' id='line_1_18' title="bbox 451 702 1768 754; baseline 0.002 -16"><span class='ocrx_word' id='word_1_81' title='bbox 451 703 604 753; x_wconf 76' lang='lat' dir='ltr'>gitavit,</span> <span class='ocrx_word' id='word_1_82' title='bbox 633 709 799 751; x_wconf 88' lang='lat' dir='ltr'>propter</span> <span class='ocrx_word' id='word_1_83' title='bbox 819 714 934 751; x_wconf 80' lang='lat' dir='ltr'>quam</span> <span class='ocrx_word' id='word_1_84' title='bbox 967 702 1135 738; x_wconf 87' lang='lat' dir='ltr'>traditus</span> <span class='ocrx_word' id='word_1_85' title='bbox 1168 709 1223 738; x_wconf 89' lang='lat' dir='ltr'>est</span> <span class='ocrx_word' id='word_1_86' title='bbox 1256 702 1447 747; x_wconf 82' lang='lat' dir='ltr'>Christus,</span> <span class='ocrx_word' id='word_1_87' title='bbox 1480 703 1549 738; x_wconf 85' lang='lat' dir='ltr'>sed</span> <span class='ocrx_word' id='word_1_88' title='bbox 1580 703 1768 754; x_wconf 75' lang='lat' dir='ltr'>cogitavit</span> 
     </span>
     <span class='ocr_line' id='line_1_19' title="bbox 447 760 1768 810; baseline 0.002 -14"><span class='ocrx_word' id='word_1_89' title='bbox 447 760 607 810; x_wconf 82' lang='lat' dir='ltr'>pecunie</span> <span class='ocrx_word' id='word_1_90' title='bbox 630 760 780 795; x_wconf 88' lang='lat' dir='ltr'>lucrum</span> <span class='ocrx_word' id='word_1_91' title='bbox 804 767 838 795; x_wconf 92' lang='lat' dir='ltr'>et</span> <span class='ocrx_word' id='word_1_92' title='bbox 860 760 1001 795; x_wconf 86' lang='lat' dir='ltr'>invenit</span> <span class='ocrx_word' id='word_1_93' title='bbox 1027 760 1152 795; x_wconf 86' lang='lat' dir='ltr'>anime</span> <span class='ocrx_word' id='word_1_94' title='bbox 1175 760 1459 798; x_wconf 87' lang='lat' dir='ltr'>detrimentum.</span> <span class='ocrx_word' id='word_1_95' title='bbox 1483 760 1639 810; x_wconf 80' lang='lat' dir='ltr'>Accepit</span> <span class='ocrx_word' id='word_1_96' title='bbox 1667 774 1768 798; x_wconf 88' lang='lat' dir='ltr'>mer-</span> 
     </span>
     <span class='ocr_line' id='line_1_20' title="bbox 452 818 1766 867; baseline 0 -12"><span class='ocrx_word' id='word_1_97' title='bbox 452 819 580 856; x_wconf 82' lang='lat' dir='ltr'>cedem</span> <span class='ocrx_word' id='word_1_98' title='bbox 612 830 726 867; x_wconf 79' lang='lat' dir='ltr'>quam</span> <span class='ocrx_word' id='word_1_99' title='bbox 762 818 892 863; x_wconf 88' lang='lat' dir='ltr'>voluit,</span> <span class='ocrx_word' id='word_1_100' title='bbox 936 818 1005 853; x_wconf 90' lang='lat' dir='ltr'>sed</span> <span class='ocrx_word' id='word_1_101' title='bbox 1037 818 1182 853; x_wconf 82' lang='lat' dir='ltr'>nolenti</span> <span class='ocrx_word' id='word_1_102' title='bbox 1217 826 1272 854; x_wconf 89' lang='lat' dir='ltr'>est</span> <span class='ocrx_word' id='word_1_103' title='bbox 1319 818 1408 853; x_wconf 87' lang='lat' dir='ltr'>data</span> <span class='ocrx_word' id='word_1_104' title='bbox 1453 830 1565 866; x_wconf 81' lang='lat' dir='ltr'>quam</span> <span class='ocrx_word' id='word_1_105' title='bbox 1612 819 1766 856; x_wconf 86' lang='lat' dir='ltr'>meruit.</span> 
     </span>
     <span class='ocr_line' id='line_1_21' title="bbox 461 874 1768 925; baseline 0.002 -13"><span class='ocrx_word' id='word_1_106' title='bbox 461 877 639 912; x_wconf 82' lang='lat' dir='ltr'><em>Tradidit</em></span> <span class='ocrx_word' id='word_1_107' title='bbox 681 876 804 911; x_wconf 88' lang='lat' dir='ltr'>Judas</span> <span class='ocrx_word' id='word_1_108' title='bbox 848 874 1062 919; x_wconf 72' lang='lat' dir='ltr'><em>Christum,</em></span> <span class='ocrx_word' id='word_1_109' title='bbox 1107 876 1272 912; x_wconf 81' lang='lat' dir='ltr'><em>tradidit</em></span> <span class='ocrx_word' id='word_1_110' title='bbox 1317 889 1357 912; x_wconf 92' lang='lat' dir='ltr'>se</span> <span class='ocrx_word' id='word_1_111' title='bbox 1395 876 1518 925; x_wconf 85' lang='lat' dir='ltr'>ipsum</span> <span class='ocrx_word' id='word_1_112' title='bbox 1570 877 1768 914; x_wconf 86' lang='lat' dir='ltr'>Christus:</span> 
     </span>
     <span class='ocr_line' id='line_1_22' title="bbox 451 933 1767 984; baseline 0.002 -15"><span class='ocrx_word' id='word_1_113' title='bbox 451 935 515 971; x_wconf 89' lang='lat' dir='ltr'>ille</span> <span class='ocrx_word' id='word_1_114' title='bbox 547 935 690 984; x_wconf 68' lang='lat' dir='ltr'>agebat</span> <span class='ocrx_word' id='word_1_115' title='bbox 712 933 914 984; x_wconf 73' lang='lat' dir='ltr'>negocium</span> <span class='ocrx_word' id='word_1_116' title='bbox 937 946 1003 970; x_wconf 88' lang='lat' dir='ltr'>sue</span> <span class='ocrx_word' id='word_1_117' title='bbox 1026 934 1270 981; x_wconf 79' lang='lat' dir='ltr'>vendicionis,</span> <span class='ocrx_word' id='word_1_118' title='bbox 1304 935 1373 970; x_wconf 89' lang='lat' dir='ltr'>iste</span> <span class='ocrx_word' id='word_1_119' title='bbox 1399 941 1529 970; x_wconf 89' lang='lat' dir='ltr'>nostre</span> <span class='ocrx_word' id='word_1_120' title='bbox 1558 936 1767 984; x_wconf 85' lang='lat' dir='ltr'>redempci-</span> 
     </span>
     <span class='ocr_line' id='line_1_23' title="bbox 452 991 1767 1041; baseline 0 -12"><span class='ocrx_word' id='word_1_121' title='bbox 452 993 546 1029; x_wconf 85' lang='lat' dir='ltr'>onis.</span> <span class='ocrx_word' id='word_1_122' title='bbox 587 992 702 1036; x_wconf 81' lang='lat' dir='ltr'>Quod</span> <span class='ocrx_word' id='word_1_123' title='bbox 721 992 843 1040; x_wconf 88' lang='lat' dir='ltr'>facis,</span> <span class='ocrx_word' id='word_1_124' title='bbox 865 993 941 1040; x_wconf 89' lang='lat' dir='ltr'>fac</span> <span class='ocrx_word' id='word_1_125' title='bbox 974 991 1101 1038; x_wconf 86' lang='lat' dir='ltr'>cicius,</span> <span class='ocrx_word' id='word_1_126' title='bbox 1135 1004 1207 1027; x_wconf 88' lang='lat' dir='ltr'>non</span> <span class='ocrx_word' id='word_1_127' title='bbox 1241 992 1326 1041; x_wconf 85' lang='lat' dir='ltr'>quia</span> <span class='ocrx_word' id='word_1_128' title='bbox 1359 999 1398 1027; x_wconf 94' lang='lat' dir='ltr'>tu</span> <span class='ocrx_word' id='word_1_129' title='bbox 1425 999 1549 1041; x_wconf 86' lang='lat' dir='ltr'>potes,</span> <span class='ocrx_word' id='word_1_130' title='bbox 1581 993 1650 1029; x_wconf 90' lang='lat' dir='ltr'>sed</span> <span class='ocrx_word' id='word_1_131' title='bbox 1681 993 1767 1041; x_wconf 79' lang='lat' dir='ltr'>quia</span> 
     </span>
     <span class='ocr_line' id='line_1_24' title="bbox 452 1050 1066 1099; baseline 0 -13"><span class='ocrx_word' id='word_1_132' title='bbox 452 1052 522 1087; x_wconf 85' lang='lat' dir='ltr'>lzoc</span> <span class='ocrx_word' id='word_1_133' title='bbox 556 1051 647 1093; x_wconf 81' lang='lat' dir='ltr'>vult,</span> <span class='ocrx_word' id='word_1_134' title='bbox 679 1050 745 1099; x_wconf 80' lang='lat' dir='ltr'>qui</span> <span class='ocrx_word' id='word_1_135' title='bbox 774 1057 896 1085; x_wconf 87' lang='lat' dir='ltr'>totum</span> <span class='ocrx_word' id='word_1_136' title='bbox 925 1057 1066 1099; x_wconf 89' lang='lat' dir='ltr'>potest.</span> 
     </span>
    </p>

    <p class='ocr_par' dir='ltr' id='par_1_7' title="bbox 442 1107 1770 1855">
     <span class='ocr_line' id='line_1_25' title="bbox 509 1107 1769 1156; baseline 0.001 -12"><span class='ocrx_word' id='word_1_137' title='bbox 509 1109 596 1144; x_wconf 92' lang='lat' dir='ltr'>Hoc</span> <span class='ocrx_word' id='word_1_138' title='bbox 628 1116 753 1143; x_wconf 89' lang='lat' dir='ltr'>autem</span> <span class='ocrx_word' id='word_1_139' title='bbox 779 1120 888 1143; x_wconf 88' lang='lat' dir='ltr'>nemo</span> <span class='ocrx_word' id='word_1_140' title='bbox 916 1108 1027 1144; x_wconf 91' lang='lat' dir='ltr'>scivit</span> <span class='ocrx_word' id='word_1_141' title='bbox 1059 1107 1382 1144; x_wconf 86' lang='lat' dir='ltr'>discumbencium</span> <span class='ocrx_word' id='word_1_142' title='bbox 1417 1108 1469 1142; x_wconf 92' lang='lat' dir='ltr'>ad</span> <span class='ocrx_word' id='word_1_143' title='bbox 1500 1108 1592 1156; x_wconf 86' lang='lat' dir='ltr'>quid</span> <span class='ocrx_word' id='word_1_144' title='bbox 1624 1108 1769 1145; x_wconf 84' lang='lat' dir='ltr'>dixerit</span> 
     </span>
     <span class='ocr_line' id='line_1_26' title="bbox 452 1165 1768 1214; baseline 0.001 -12"><span class='ocrx_word' id='word_1_145' title='bbox 452 1167 494 1202; x_wconf 93' lang='lat' dir='ltr'>ei.</span> <span class='ocrx_word' id='word_1_146' title='bbox 556 1167 723 1210; x_wconf 81' lang='lat' dir='ltr'>Quidam</span> <span class='ocrx_word' id='word_1_147' title='bbox 759 1166 855 1202; x_wconf 89' lang='lat' dir='ltr'>enim</span> <span class='ocrx_word' id='word_1_148' title='bbox 892 1166 1095 1214; x_wconf 87' lang='lat' dir='ltr'>putabant,</span> <span class='ocrx_word' id='word_1_149' title='bbox 1142 1166 1227 1214; x_wconf 84' lang='lat' dir='ltr'>quia</span> <span class='ocrx_word' id='word_1_150' title='bbox 1261 1165 1408 1201; x_wconf 89' lang='lat' dir='ltr'>loculos</span> <span class='ocrx_word' id='word_1_151' title='bbox 1441 1165 1603 1201; x_wconf 82' lang='lat' dir='ltr'>habebat</span> <span class='ocrx_word' id='word_1_152' title='bbox 1633 1166 1768 1212; x_wconf 85' lang='lat' dir='ltr'>Judas,</span> 
     </span>
     <span class='ocr_line' id='line_1_27' title="bbox 450 1223 1768 1274; baseline 0.001 -15"><span class='ocrx_word' id='word_1_153' title='bbox 450 1225 537 1274; x_wconf 83' lang='lat' dir='ltr'>quia</span> <span class='ocrx_word' id='word_1_154' title='bbox 571 1225 663 1260; x_wconf 84' lang='lat' dir='ltr'>dicit</span> <span class='ocrx_word' id='word_1_155' title='bbox 695 1224 729 1259; x_wconf 88' lang='lat' dir='ltr'>ei</span> <span class='ocrx_word' id='word_1_156' title='bbox 758 1225 879 1261; x_wconf 88' lang='lat' dir='ltr'>Jesus.</span> <span class='ocrx_word' id='word_1_157' title='bbox 914 1224 1013 1259; x_wconf 87' lang='lat' dir='ltr'>Eme</span> <span class='ocrx_word' id='word_1_158' title='bbox 1045 1236 1087 1260; x_wconf 90' lang='lat' dir='ltr'>ea</span> <span class='ocrx_word' id='word_1_159' title='bbox 1121 1236 1191 1272; x_wconf 81' lang='lat' dir='ltr'>que</span> <span class='ocrx_word' id='word_1_160' title='bbox 1213 1236 1307 1273; x_wconf 87' lang='lat' dir='ltr'>opus</span> <span class='ocrx_word' id='word_1_161' title='bbox 1338 1230 1426 1259; x_wconf 87' lang='lat' dir='ltr'>sunt</span> <span class='ocrx_word' id='word_1_162' title='bbox 1457 1223 1566 1260; x_wconf 75' lang='lat' dir='ltr'>nobis</span> <span class='ocrx_word' id='word_1_163' title='bbox 1596 1224 1647 1260; x_wconf 87' lang='lat' dir='ltr'>ad</span> <span class='ocrx_word' id='word_1_164' title='bbox 1670 1225 1768 1260; x_wconf 86' lang='lat' dir='ltr'>diem</span> 
     </span>
     <span class='ocr_line' id='line_1_28' title="bbox 442 1281 1770 1333; baseline 0.002 -16"><span class='ocrx_word' id='word_1_165' title='bbox 442 1283 592 1332; x_wconf 87' lang='lat' dir='ltr'>festum</span> <span class='ocrx_word' id='word_1_166' title='bbox 626 1289 692 1317; x_wconf 89' lang='lat' dir='ltr'>aut</span> <span class='ocrx_word' id='word_1_167' title='bbox 730 1282 860 1333; x_wconf 76' lang='lat' dir='ltr'>egenis</span> <span class='ocrx_word' id='word_1_168' title='bbox 905 1282 1050 1330; x_wconf 84' lang='lat' dir='ltr'>aliquid</span> <span class='ocrx_word' id='word_1_169' title='bbox 1094 1289 1133 1317; x_wconf 90' lang='lat' dir='ltr'>ut</span> <span class='ocrx_word' id='word_1_170' title='bbox 1178 1283 1301 1318; x_wconf 88' lang='lat' dir='ltr'>daret.</span> <span class='ocrx_word' id='word_1_171' title='bbox 1353 1281 1533 1317; x_wconf 77' lang='lat' dir='ltr'>Habebat</span> <span class='ocrx_word' id='word_1_172' title='bbox 1584 1294 1681 1332; x_wconf 77' lang='lat' dir='ltr'>ergo</span> <span class='ocrx_word' id='word_1_173' title='bbox 1736 1290 1770 1319; x_wconf 89' lang='lat' dir='ltr'>et</span> 
     </span>
     <span class='ocr_line' id='line_1_29' title="bbox 452 1340 1768 1389; baseline 0 -14"><span class='ocrx_word' id='word_1_174' title='bbox 452 1340 643 1376; x_wconf 75' lang='lat' dir='ltr'>Dominus</span> <span class='ocrx_word' id='word_1_175' title='bbox 676 1341 822 1376; x_wconf 90' lang='lat' dir='ltr'>loculos</span> <span class='ocrx_word' id='word_1_176' title='bbox 844 1347 880 1375; x_wconf 88' lang='lat' dir='ltr'>et</span> <span class='ocrx_word' id='word_1_177' title='bbox 901 1340 1123 1389; x_wconf 88' lang='lat' dir='ltr'>afidelibus</span> <span class='ocrx_word' id='word_1_178' title='bbox 1146 1340 1273 1376; x_wconf 88' lang='lat' dir='ltr'>oblata</span> <span class='ocrx_word' id='word_1_179' title='bbox 1297 1351 1531 1375; x_wconf 88' lang='lat' dir='ltr'>conservans</span> <span class='ocrx_word' id='word_1_180' title='bbox 1554 1347 1589 1376; x_wconf 90' lang='lat' dir='ltr'>et</span> <span class='ocrx_word' id='word_1_181' title='bbox 1609 1352 1768 1376; x_wconf 88' lang='lat' dir='ltr'>suorum</span> 
     </span>
     <span class='ocr_line' id='line_1_30' title="bbox 453 1398 1767 1448; baseline -0.001 -14"><span class='ocrx_word' id='word_1_182' title='bbox 453 1398 737 1434; x_wconf 84' lang='lat' dir='ltr'>necessitatibus</span> <span class='ocrx_word' id='word_1_183' title='bbox 769 1405 804 1434; x_wconf 90' lang='lat' dir='ltr'>et</span> <span class='ocrx_word' id='word_1_184' title='bbox 835 1398 923 1434; x_wconf 86' lang='lat' dir='ltr'>aliis</span> <span class='ocrx_word' id='word_1_185' title='bbox 964 1398 1223 1448; x_wconf 75' lang='lat' dir='ltr'>indigentibus</span> <span class='ocrx_word' id='word_1_186' title='bbox 1245 1398 1448 1434; x_wconf 82' lang='lat' dir='ltr'>tribuebat.</span> <span class='ocrx_word' id='word_1_187' title='bbox 1484 1398 1767 1447; x_wconf 88' lang='lat' dir='ltr'>Tuncprimum</span> 
     </span>
     <span class='ocr_line' id='line_1_31' title="bbox 452 1456 1769 1507; baseline 0 -14"><span class='ocrx_word' id='word_1_188' title='bbox 452 1456 706 1493; x_wconf 86' lang='lat' dir='ltr'>ecclesiastice</span> <span class='ocrx_word' id='word_1_189' title='bbox 732 1456 893 1505; x_wconf 81' lang='lat' dir='ltr'>pecunie</span> <span class='ocrx_word' id='word_1_190' title='bbox 915 1456 1057 1504; x_wconf 82' lang='lat' dir='ltr'>forma</span> <span class='ocrx_word' id='word_1_191' title='bbox 1091 1464 1147 1492; x_wconf 84' lang='lat' dir='ltr'>est</span> <span class='ocrx_word' id='word_1_192' title='bbox 1178 1456 1362 1502; x_wconf 84' lang='lat' dir='ltr'>instituta,</span> <span class='ocrx_word' id='word_1_193' title='bbox 1396 1463 1435 1491; x_wconf 88' lang='lat' dir='ltr'>ut</span> <span class='ocrx_word' id='word_1_194' title='bbox 1464 1456 1769 1507; x_wconf 78' lang='lat' dir='ltr'>intelligeremus</span> 
     </span>
     <span class='ocr_line' id='line_1_32' title="bbox 451 1514 1770 1565; baseline 0.001 -15"><span class='ocrx_word' id='word_1_195' title='bbox 451 1515 554 1564; x_wconf 76' lang='lat' dir='ltr'>quod</span> <span class='ocrx_word' id='word_1_196' title='bbox 578 1515 752 1563; x_wconf 77' lang='lat' dir='ltr'>precepit</span> <span class='ocrx_word' id='word_1_197' title='bbox 784 1526 856 1550; x_wconf 88' lang='lat' dir='ltr'>non</span> <span class='ocrx_word' id='word_1_198' title='bbox 889 1514 1139 1565; x_wconf 78' lang='lat' dir='ltr'>cogitandum</span> <span class='ocrx_word' id='word_1_199' title='bbox 1170 1526 1251 1550; x_wconf 90' lang='lat' dir='ltr'>esse</span> <span class='ocrx_word' id='word_1_200' title='bbox 1293 1515 1340 1549; x_wconf 87' lang='lat' dir='ltr'>de</span> <span class='ocrx_word' id='word_1_201' title='bbox 1379 1514 1561 1561; x_wconf 89' lang='lat' dir='ltr'>crastino,</span> <span class='ocrx_word' id='word_1_202' title='bbox 1607 1526 1679 1550; x_wconf 90' lang='lat' dir='ltr'>non</span> <span class='ocrx_word' id='word_1_203' title='bbox 1718 1516 1770 1551; x_wconf 91' lang='lat' dir='ltr'>ad</span> 
     </span>
     <span class='ocr_line' id='line_1_33' title="bbox 453 1572 1768 1622; baseline 0 -14"><span class='ocrx_word' id='word_1_204' title='bbox 453 1574 523 1608; x_wconf 84' lang='lat' dir='ltr'>hoc</span> <span class='ocrx_word' id='word_1_205' title='bbox 554 1573 675 1617; x_wconf 82' lang='lat' dir='ltr'>fuisse</span> <span class='ocrx_word' id='word_1_206' title='bbox 702 1580 941 1621; x_wconf 82' lang='lat' dir='ltr'>preceptum,</span> <span class='ocrx_word' id='word_1_207' title='bbox 975 1580 1015 1608; x_wconf 92' lang='lat' dir='ltr'>ut</span> <span class='ocrx_word' id='word_1_208' title='bbox 1037 1572 1157 1608; x_wconf 79' lang='lat' dir='ltr'>nichil</span> <span class='ocrx_word' id='word_1_209' title='bbox 1173 1572 1333 1622; x_wconf 87' lang='lat' dir='ltr'>pecunie</span> <span class='ocrx_word' id='word_1_210' title='bbox 1363 1579 1542 1608; x_wconf 84' lang='lat' dir='ltr'>servetur</span> <span class='ocrx_word' id='word_1_211' title='bbox 1564 1585 1586 1608; x_wconf 91' lang='lat' dir='ltr'>a</span> <span class='ocrx_word' id='word_1_212' title='bbox 1614 1573 1768 1616; x_wconf 80' lang='lat' dir='ltr'>sanctis,</span> 
     </span>
     <span class='ocr_line' id='line_1_34' title="bbox 451 1629 1767 1680; baseline -0.001 -13"><span class='ocrx_word' id='word_1_213' title='bbox 451 1632 521 1667; x_wconf 87' lang='lat' dir='ltr'>sed</span> <span class='ocrx_word' id='word_1_214' title='bbox 553 1643 597 1666; x_wconf 91' lang='lat' dir='ltr'>ne</span> <span class='ocrx_word' id='word_1_215' title='bbox 618 1631 703 1666; x_wconf 89' lang='lat' dir='ltr'>Deo</span> <span class='ocrx_word' id='word_1_216' title='bbox 729 1643 805 1679; x_wconf 90' lang='lat' dir='ltr'>pro</span> <span class='ocrx_word' id='word_1_217' title='bbox 838 1630 910 1666; x_wconf 85' lang='lat' dir='ltr'>ista</span> <span class='ocrx_word' id='word_1_218' title='bbox 942 1631 1140 1667; x_wconf 81' lang='lat' dir='ltr'>serviatur</span> <span class='ocrx_word' id='word_1_219' title='bbox 1171 1638 1206 1667; x_wconf 91' lang='lat' dir='ltr'>et</span> <span class='ocrx_word' id='word_1_220' title='bbox 1233 1637 1401 1680; x_wconf 88' lang='lat' dir='ltr'>propter</span> <span class='ocrx_word' id='word_1_221' title='bbox 1433 1629 1559 1679; x_wconf 87' lang='lat' dir='ltr'>inopie</span> <span class='ocrx_word' id='word_1_222' title='bbox 1590 1630 1767 1667; x_wconf 87' lang='lat' dir='ltr'>timorem</span> 
     </span>
     <span class='ocr_line' id='line_1_35' title="bbox 453 1688 1769 1737; baseline 0.001 -13"><span class='ocrx_word' id='word_1_223' title='bbox 453 1689 600 1725; x_wconf 87' lang='lat' dir='ltr'>iusticia</span> <span class='ocrx_word' id='word_1_224' title='bbox 626 1690 843 1725; x_wconf 87' lang='lat' dir='ltr'>deseratur.</span> <span class='ocrx_word' id='word_1_225' title='bbox 868 1689 970 1724; x_wconf 88' lang='lat' dir='ltr'>Nam</span> <span class='ocrx_word' id='word_1_226' title='bbox 995 1696 1029 1724; x_wconf 87' lang='lat' dir='ltr'>et</span> <span class='ocrx_word' id='word_1_227' title='bbox 1052 1689 1259 1737; x_wconf 87' lang='lat' dir='ltr'>Apostolus</span> <span class='ocrx_word' id='word_1_228' title='bbox 1282 1688 1317 1724; x_wconf 91' lang='lat' dir='ltr'>in</span> <span class='ocrx_word' id='word_1_229' title='bbox 1335 1695 1536 1736; x_wconf 87' lang='lat' dir='ltr'>posterum</span> <span class='ocrx_word' id='word_1_230' title='bbox 1556 1688 1769 1736; x_wconf 83' lang='lat' dir='ltr'>providens</span> 
     </span>
     <span class='ocr_line' id='line_1_36' title="bbox 452 1746 1770 1796; baseline 0 -14"><span class='ocrx_word' id='word_1_231' title='bbox 452 1748 527 1782; x_wconf 87' lang='lat' dir='ltr'>ait:</span> <span class='ocrx_word' id='word_1_232' title='bbox 560 1747 602 1782; x_wconf 82' lang='lat' dir='ltr'>Si</span> <span class='ocrx_word' id='word_1_233' title='bbox 623 1747 704 1795; x_wconf 83' lang='lat' dir='ltr'>quis</span> <span class='ocrx_word' id='word_1_234' title='bbox 724 1746 861 1796; x_wconf 88' lang='lat' dir='ltr'>fidelis</span> <span class='ocrx_word' id='word_1_235' title='bbox 884 1747 997 1782; x_wconf 80' lang='lat' dir='ltr'>habet</span> <span class='ocrx_word' id='word_1_236' title='bbox 1020 1747 1167 1793; x_wconf 87' lang='lat' dir='ltr'>viduas,</span> <span class='ocrx_word' id='word_1_237' title='bbox 1199 1746 1438 1796; x_wconf 84' lang='lat' dir='ltr'>sufficienter</span> <span class='ocrx_word' id='word_1_238' title='bbox 1468 1746 1613 1781; x_wconf 88' lang='lat' dir='ltr'>tribuat</span> <span class='ocrx_word' id='word_1_239' title='bbox 1635 1746 1699 1793; x_wconf 87' lang='lat' dir='ltr'>eis,</span> <span class='ocrx_word' id='word_1_240' title='bbox 1730 1754 1770 1782; x_wconf 91' lang='lat' dir='ltr'>ut</span> 
     </span>
     <span class='ocr_line' id='line_1_37' title="bbox 452 1803 1768 1855; baseline 0.001 -15"><span class='ocrx_word' id='word_1_241' title='bbox 452 1818 524 1841; x_wconf 85' lang='lat' dir='ltr'>non</span> <span class='ocrx_word' id='word_1_242' title='bbox 556 1812 751 1855; x_wconf 75' lang='lat' dir='ltr'>gravetur</span> <span class='ocrx_word' id='word_1_243' title='bbox 790 1805 949 1840; x_wconf 88' lang='lat' dir='ltr'>ecclesia</span> <span class='ocrx_word' id='word_1_244' title='bbox 988 1817 1059 1853; x_wconf 84' lang='lat' dir='ltr'>quo</span> <span class='ocrx_word' id='word_1_245' title='bbox 1102 1805 1204 1840; x_wconf 87' lang='lat' dir='ltr'>veris</span> <span class='ocrx_word' id='word_1_246' title='bbox 1249 1804 1374 1840; x_wconf 89' lang='lat' dir='ltr'>viduis</span> <span class='ocrx_word' id='word_1_247' title='bbox 1413 1803 1598 1853; x_wconf 89' lang='lat' dir='ltr'>sufficere</span> <span class='ocrx_word' id='word_1_248' title='bbox 1630 1805 1768 1853; x_wconf 86' lang='lat' dir='ltr'>possit.</span> 
     </span>
    </p>

    <p class='ocr_par' dir='ltr' id='par_1_8' title="bbox 452 1861 1770 1971">
     <span class='ocr_line' id='line_1_38' title="bbox 514 1861 1770 1913; baseline 0 -15"><span class='ocrx_word' id='word_1_249' title='bbox 514 1861 609 1900; x_wconf 89' lang='lat' dir='ltr'>Cum</span> <span class='ocrx_word' id='word_1_250' title='bbox 643 1875 740 1913; x_wconf 76' lang='lat' dir='ltr'>ergo</span> <span class='ocrx_word' id='word_1_251' title='bbox 773 1863 981 1912; x_wconf 87' lang='lat' dir='ltr'>accepisset</span> <span class='ocrx_word' id='word_1_252' title='bbox 1014 1863 1237 1906; x_wconf 78' lang='lat' dir='ltr'>buccellam,</span> <span class='ocrx_word' id='word_1_253' title='bbox 1278 1862 1397 1898; x_wconf 80' lang='lat' dir='ltr'>exivit</span> <span class='ocrx_word' id='word_1_254' title='bbox 1435 1861 1626 1898; x_wconf 81' lang='lat' dir='ltr'>continuo.</span> <span class='ocrx_word' id='word_1_255' title='bbox 1666 1863 1770 1898; x_wconf 91' lang='lat' dir='ltr'><em>Erat</em></span> 
     </span>
     <span class='ocr_line' id='line_1_39' title="bbox 452 1919 1769 1971; baseline 0 -15"><span class='ocrx_word' id='word_1_256' title='bbox 452 1928 578 1957; x_wconf 88' lang='lat' dir='ltr'>autem</span> <span class='ocrx_word' id='word_1_257' title='bbox 620 1932 711 1957; x_wconf 83' lang='lat' dir='ltr'>nox.</span> <span class='ocrx_word' id='word_1_258' title='bbox 764 1921 817 1956; x_wconf 86' lang='lat' dir='ltr'>Et</span> <span class='ocrx_word' id='word_1_259' title='bbox 851 1921 930 1969; x_wconf 89' lang='lat' dir='ltr'>ipse</span> <span class='ocrx_word' id='word_1_260' title='bbox 968 1921 1032 1969; x_wconf 81' lang='lat' dir='ltr'>qui</span> <span class='ocrx_word' id='word_1_261' title='bbox 1062 1921 1195 1967; x_wconf 81' lang='lat' dir='ltr'>exivit,</span> <span class='ocrx_word' id='word_1_262' title='bbox 1247 1928 1331 1956; x_wconf 89' lang='lat' dir='ltr'>erat</span> <span class='ocrx_word' id='word_1_263' title='bbox 1376 1931 1466 1958; x_wconf 84' lang='lat' dir='ltr'>nox.</span> <span class='ocrx_word' id='word_1_264' title='bbox 1524 1919 1619 1955; x_wconf 86' lang='lat' dir='ltr'>Cum</span> <span class='ocrx_word' id='word_1_265' title='bbox 1671 1933 1769 1971; x_wconf 80' lang='lat' dir='ltr'>ergo</span> 
     </span>
    </p>
   </div>
   <div class='ocr_carea' id='block_1_6' title="bbox 1783 532 1798 564">
    <p class='ocr_par' dir='ltr' id='par_1_9' title="bbox 1783 532 1798 564">
     <span class='ocr_line' id='line_1_40' title="bbox 1783 532 1798 564; baseline 0 0"><span class='ocrx_word' id='word_1_266' title='bbox 1783 532 1798 564; x_wconf 83' lang='lat'><strong>5</strong></span> 
     </span>
    </p>
   </div>
   <div class='ocr_carea' id='block_1_7' title="bbox 1787 831 1825 852">
    <p class='ocr_par' dir='ltr' id='par_1_10' title="bbox 1787 831 1825 852">
     <span class='ocr_line' id='line_1_41' title="bbox 1787 831 1825 852; baseline 0 0"><span class='ocrx_word' id='word_1_267' title='bbox 1787 831 1825 852; x_wconf 87' lang='lat'>10</span> 
     </span>
    </p>
   </div>
   <div class='ocr_carea' id='block_1_8' title="bbox 1789 1110 1825 1142">
    <p class='ocr_par' dir='ltr' id='par_1_11' title="bbox 1789 1110 1825 1142">
     <span class='ocr_line' id='line_1_42' title="bbox 1789 1110 1825 1142; baseline 0 0"><span class='ocrx_word' id='word_1_268' title='bbox 1789 1110 1825 1142; x_wconf 84' lang='lat'>15</span> 
     </span>
    </p>
   </div>
   <div class='ocr_carea' id='block_1_9' title="bbox 1786 1410 1827 1431">
    <p class='ocr_par' dir='ltr' id='par_1_12' title="bbox 1786 1410 1827 1431">
     <span class='ocr_line' id='line_1_43' title="bbox 1786 1410 1827 1431; baseline 0 0"><span class='ocrx_word' id='word_1_269' title='bbox 1786 1410 1827 1431; x_wconf 81' lang='lat'>20</span> 
     </span>
    </p>
   </div>
   <div class='ocr_carea' id='block_1_10' title="bbox 1786 1691 1825 1722">
    <p class='ocr_par' dir='ltr' id='par_1_13' title="bbox 1786 1691 1825 1722">
     <span class='ocr_line' id='line_1_44' title="bbox 1786 1691 1825 1722; baseline 0.026 -1"><span class='ocrx_word' id='word_1_270' title='bbox 1786 1691 1825 1722; x_wconf 81' lang='lat'>25</span> 
     </span>
    </p>
   </div>
   <div class='ocr_carea' id='block_1_11' title="bbox 453 1977 1826 2027">
    <p class='ocr_par' dir='ltr' id='par_1_14' title="bbox 453 1977 1826 2027">
     <span class='ocr_line' id='line_1_45' title="bbox 453 1977 1826 2027; baseline -0.001 -12"><span class='ocrx_word' id='word_1_271' title='bbox 453 1979 596 2015; x_wconf 75' lang='lat' dir='ltr'>exisset</span> <span class='ocrx_word' id='word_1_272' title='bbox 627 1991 719 2023; x_wconf 85' lang='lat' dir='ltr'>nox,</span> <span class='ocrx_word' id='word_1_273' title='bbox 752 1979 806 2014; x_wconf 89' lang='lat' dir='ltr'>ait</span> <span class='ocrx_word' id='word_1_274' title='bbox 836 1979 966 2014; x_wconf 85' lang='lat' dir='ltr'>Jesus:</span> <span class='ocrx_word' id='word_1_275' title='bbox 999 1979 1109 2014; x_wconf 81' lang='lat' dir='ltr'>Nunc</span> <span class='ocrx_word' id='word_1_276' title='bbox 1132 1979 1369 2027; x_wconf 89' lang='lat' dir='ltr'>clarificatus</span> <span class='ocrx_word' id='word_1_277' title='bbox 1393 1977 1570 2026; x_wconf 85' lang='lat' dir='ltr'>estfilius</span> <span class='ocrx_word' id='word_1_278' title='bbox 1593 1978 1768 2015; x_wconf 83' lang='lat' dir='ltr'>hominis.</span> <span class='ocrx_word' id='word_1_279' title='bbox 1784 1981 1826 2013; x_wconf 79' lang='lat'>30</span> 
     </span>
    </p>
   </div>
   <div class='ocr_carea' id='block_1_12' title="bbox 453 2035 1770 2259">
    <p class='ocr_par' dir='ltr' id='par_1_15' title="bbox 453 2035 1770 2259">
     <span class='ocr_line' id='line_1_46' title="bbox 454 2035 1770 2086; baseline 0 -14"><span class='ocrx_word' id='word_1_280' title='bbox 454 2037 547 2072; x_wconf 89' lang='lat' dir='ltr'>Dies</span> <span class='ocrx_word' id='word_1_281' title='bbox 570 2049 667 2086; x_wconf 75' lang='lat' dir='ltr'>ergo</span> <span class='ocrx_word' id='word_1_282' title='bbox 692 2037 768 2072; x_wconf 88' lang='lat' dir='ltr'>diei</span> <span class='ocrx_word' id='word_1_283' title='bbox 798 2036 988 2072; x_wconf 89' lang='lat' dir='ltr'>eructavit</span> <span class='ocrx_word' id='word_1_284' title='bbox 1012 2037 1183 2082; x_wconf 84' lang='lat' dir='ltr'>verbum,</span> <span class='ocrx_word' id='word_1_285' title='bbox 1203 2037 1242 2072; x_wconf 88' lang='lat' dir='ltr'>id</span> <span class='ocrx_word' id='word_1_286' title='bbox 1264 2044 1330 2081; x_wconf 86' lang='lat' dir='ltr'>est,</span> <span class='ocrx_word' id='word_1_287' title='bbox 1369 2035 1548 2071; x_wconf 81' lang='lat' dir='ltr'>Christus</span> <span class='ocrx_word' id='word_1_288' title='bbox 1572 2035 1770 2085; x_wconf 86' lang='lat' dir='ltr'>discipulis</span> 
     </span>
     <span class='ocr_line' id='line_1_47' title="bbox 453 2093 1770 2142; baseline 0.001 -12"><span class='ocrx_word' id='word_1_289' title='bbox 453 2095 642 2141; x_wconf 76' lang='lat' dir='ltr'>fidelibus,</span> <span class='ocrx_word' id='word_1_290' title='bbox 685 2102 724 2130; x_wconf 91' lang='lat' dir='ltr'>ut</span> <span class='ocrx_word' id='word_1_291' title='bbox 756 2094 936 2130; x_wconf 87' lang='lat' dir='ltr'>audirent</span> <span class='ocrx_word' id='word_1_292' title='bbox 974 2106 1057 2130; x_wconf 87' lang='lat' dir='ltr'>eum</span> <span class='ocrx_word' id='word_1_293' title='bbox 1093 2102 1128 2130; x_wconf 87' lang='lat' dir='ltr'>et</span> <span class='ocrx_word' id='word_1_294' title='bbox 1160 2102 1338 2130; x_wconf 87' lang='lat' dir='ltr'>amarent</span> <span class='ocrx_word' id='word_1_295' title='bbox 1368 2093 1580 2142; x_wconf 83' lang='lat' dir='ltr'>sequendo:</span> <span class='ocrx_word' id='word_1_296' title='bbox 1624 2102 1658 2129; x_wconf 91' lang='lat' dir='ltr'>et</span> <span class='ocrx_word' id='word_1_297' title='bbox 1690 2105 1770 2131; x_wconf 89' lang='lat' dir='ltr'>nox</span> 
     </span>
     <span class='ocr_line' id='line_1_48' title="bbox 454 2151 1767 2200; baseline 0 -12"><span class='ocrx_word' id='word_1_298' title='bbox 454 2153 556 2189; x_wconf 88' lang='lat' dir='ltr'>nocti</span> <span class='ocrx_word' id='word_1_299' title='bbox 576 2152 822 2188; x_wconf 88' lang='lat' dir='ltr'>annunciavit</span> <span class='ocrx_word' id='word_1_300' title='bbox 843 2152 1060 2198; x_wconf 85' lang='lat' dir='ltr'>scienciam,</span> <span class='ocrx_word' id='word_1_301' title='bbox 1094 2152 1134 2187; x_wconf 92' lang='lat' dir='ltr'>id</span> <span class='ocrx_word' id='word_1_302' title='bbox 1156 2160 1211 2188; x_wconf 90' lang='lat' dir='ltr'>est</span> <span class='ocrx_word' id='word_1_303' title='bbox 1241 2153 1364 2188; x_wconf 88' lang='lat' dir='ltr'>Judas</span> <span class='ocrx_word' id='word_1_304' title='bbox 1384 2151 1517 2187; x_wconf 83' lang='lat' dir='ltr'>Judeis</span> <span class='ocrx_word' id='word_1_305' title='bbox 1539 2151 1767 2200; x_wconf 86' lang='lat' dir='ltr'>infidelibus,</span> 
     </span>
     <span class='ocr_line' id='line_1_49' title="bbox 454 2210 1769 2259; baseline -0.001 -13"><span class='ocrx_word' id='word_1_306' title='bbox 454 2218 493 2246; x_wconf 88' lang='lat' dir='ltr'>ut</span> <span class='ocrx_word' id='word_1_307' title='bbox 526 2210 697 2247; x_wconf 88' lang='lat' dir='ltr'>venirent</span> <span class='ocrx_word' id='word_1_308' title='bbox 728 2211 779 2245; x_wconf 89' lang='lat' dir='ltr'>ad</span> <span class='ocrx_word' id='word_1_309' title='bbox 812 2223 894 2246; x_wconf 89' lang='lat' dir='ltr'>eum</span> <span class='ocrx_word' id='word_1_310' title='bbox 931 2218 965 2245; x_wconf 88' lang='lat' dir='ltr'>et</span> <span class='ocrx_word' id='word_1_311' title='bbox 997 2211 1332 2259; x_wconf 80' lang='lat' dir='ltr'>apprehenderent</span> <span class='ocrx_word' id='word_1_312' title='bbox 1358 2210 1638 2258; x_wconf 78' lang='lat' dir='ltr'>persequendo.</span> <span class='ocrx_word' id='word_1_313' title='bbox 1692 2210 1769 2245; x_wconf 85' lang='lat' dir='ltr'>Sed</span> 
     </span>
    </p>
   </div>
   <div class='ocr_carea' id='block_1_13' title="bbox 454 2267 1823 2316">
    <p class='ocr_par' dir='ltr' id='par_1_16' title="bbox 454 2267 1823 2316">
     <span class='ocr_line' id='line_1_50' title="bbox 454 2267 1823 2316; baseline -0.002 -12"><span class='ocrx_word' id='word_1_314' title='bbox 454 2269 528 2304; x_wconf 88' lang='lat' dir='ltr'>iam</span> <span class='ocrx_word' id='word_1_315' title='bbox 562 2269 649 2304; x_wconf 86' lang='lat' dir='ltr'>lzinc</span> <span class='ocrx_word' id='word_1_316' title='bbox 682 2269 717 2303; x_wconf 87' lang='lat' dir='ltr'>in</span> <span class='ocrx_word' id='word_1_317' title='bbox 750 2280 928 2304; x_wconf 86' lang='lat' dir='ltr'>sermone</span> <span class='ocrx_word' id='word_1_318' title='bbox 951 2268 1121 2313; x_wconf 87' lang='lat' dir='ltr'>Domini,</span> <span class='ocrx_word' id='word_1_319' title='bbox 1155 2268 1219 2316; x_wconf 77' lang='lat' dir='ltr'>qui</span> <span class='ocrx_word' id='word_1_320' title='bbox 1240 2268 1378 2316; x_wconf 86' lang='lat' dir='ltr'>factus</span> <span class='ocrx_word' id='word_1_321' title='bbox 1411 2275 1466 2304; x_wconf 89' lang='lat' dir='ltr'>est</span> <span class='ocrx_word' id='word_1_322' title='bbox 1487 2268 1540 2304; x_wconf 88' lang='lat' dir='ltr'>ad</span> <span class='ocrx_word' id='word_1_323' title='bbox 1556 2267 1643 2316; x_wconf 90' lang='lat' dir='ltr'>pios</span> <span class='ocrx_word' id='word_1_324' title='bbox 1665 2268 1823 2303; x_wconf 78' lang='lat' dir='ltr'>ante-35</span> 
     </span>
    </p>
   </div>
   <div class='ocr_carea' id='block_1_14' title="bbox 453 2325 1769 2491">
    <p class='ocr_par' dir='ltr' id='par_1_17' title="bbox 453 2325 1769 2491">
     <span class='ocr_line' id='line_1_51' title="bbox 453 2325 1769 2376; baseline -0.002 -14"><span class='ocrx_word' id='word_1_325' title='bbox 453 2339 564 2375; x_wconf 81' lang='lat' dir='ltr'>quam</span> <span class='ocrx_word' id='word_1_326' title='bbox 599 2334 794 2363; x_wconf 89' lang='lat' dir='ltr'>teneretur</span> <span class='ocrx_word' id='word_1_327' title='bbox 835 2327 881 2361; x_wconf 90' lang='lat' dir='ltr'>ab</span> <span class='ocrx_word' id='word_1_328' title='bbox 924 2326 1064 2375; x_wconf 88' lang='lat' dir='ltr'>impiis,</span> <span class='ocrx_word' id='word_1_329' title='bbox 1117 2326 1303 2362; x_wconf 88' lang='lat' dir='ltr'>intencior</span> <span class='ocrx_word' id='word_1_330' title='bbox 1335 2326 1553 2376; x_wconf 80' lang='lat' dir='ltr'>flagitatur</span> <span class='ocrx_word' id='word_1_331' title='bbox 1592 2325 1769 2370; x_wconf 89' lang='lat' dir='ltr'>audit0r;</span> 
     </span>
     <span class='ocr_line' id='line_1_52' title="bbox 453 2382 1769 2433; baseline -0.001 -14"><span class='ocrx_word' id='word_1_332' title='bbox 453 2392 488 2420; x_wconf 91' lang='lat' dir='ltr'>et</span> <span class='ocrx_word' id='word_1_333' title='bbox 531 2385 615 2420; x_wconf 90' lang='lat' dir='ltr'>ideo</span> <span class='ocrx_word' id='word_1_334' title='bbox 660 2397 744 2420; x_wconf 86' lang='lat' dir='ltr'>cum</span> <span class='ocrx_word' id='word_1_335' title='bbox 792 2384 1032 2433; x_wconf 89' lang='lat' dir='ltr'>precipitare</span> <span class='ocrx_word' id='word_1_336' title='bbox 1075 2396 1147 2420; x_wconf 86' lang='lat' dir='ltr'>non</span> <span class='ocrx_word' id='word_1_337' title='bbox 1197 2384 1304 2420; x_wconf 87' lang='lat' dir='ltr'>debet</span> <span class='ocrx_word' id='word_1_338' title='bbox 1337 2385 1406 2420; x_wconf 78' lang='lat' dir='ltr'>sed</span> <span class='ocrx_word' id='word_1_339' title='bbox 1435 2384 1596 2433; x_wconf 69' lang='lat' dir='ltr'>differre</span> <span class='ocrx_word' id='word_1_340' title='bbox 1633 2382 1769 2432; x_wconf 87' lang='lat' dir='ltr'>pocius</span> 
     </span>
     <span class='ocr_line' id='line_1_53' title="bbox 455 2441 1095 2491; baseline 0 -13"><span class='ocrx_word' id='word_1_341' title='bbox 455 2443 687 2491; x_wconf 85' lang='lat' dir='ltr'>disputator.</span> <span class='ocrx_word' id='word_1_342' title='bbox 722 2443 805 2478; x_wconf 84' lang='lat' dir='ltr'>Hec</span> <span class='ocrx_word' id='word_1_343' title='bbox 837 2441 1095 2489; x_wconf 80' lang='lat' dir='ltr'>Augustinus.</span> 
     </span>
    </p>
   </div>
   <div class='ocr_carea' id='block_1_15' title="bbox 452 2563 1769 2668">
    <p class='ocr_par' dir='ltr' id='par_1_18' title="bbox 452 2563 1769 2668">
     <span class='ocr_line' id='line_1_54' title="bbox 525 2563 1769 2598; baseline -0.002 -7"><span class='ocrx_word' id='word_1_344' title='bbox 525 2566 565 2591; x_wconf 66' lang='grc' dir='ltr'>υἱ.</span> <span class='ocrx_word' id='word_1_345' title='bbox 587 2565 630 2591; x_wconf 77' lang='lat' dir='ltr'>A:</span> <span class='ocrx_word' id='word_1_346' title='bbox 653 2564 804 2591; x_wconf 80' lang='lat' dir='ltr'>habebant</span> <span class='ocrx_word' id='word_1_347' title='bbox 822 2564 929 2591; x_wconf 63' lang='lat' dir='ltr'>ludas.</span> <span class='ocrx_word' id='word_1_348' title='bbox 1037 2572 1077 2597; x_wconf 67' lang='grc' dir='ltr'><em>ις).</em></span> <span class='ocrx_word' id='word_1_349' title='bbox 1100 2565 1142 2590; x_wconf 87' lang='grc' dir='ltr'>Α;</span> <span class='ocrx_word' id='word_1_350' title='bbox 1165 2563 1363 2598; x_wconf 58' lang='lat' dir='ltr'>adstantibus</span> <span class='ocrx_word' id='word_1_351' title='bbox 1382 2563 1497 2589; x_wconf 82' lang='lat' dir='ltr'>oblata.</span> <span class='ocrx_word' id='word_1_352' title='bbox 1571 2570 1614 2589; x_wconf 82' lang='lat'>22.</span> <span class='ocrx_word' id='word_1_353' title='bbox 1636 2564 1678 2589; x_wconf 87' lang='lat' dir='ltr'>A:</span> <span class='ocrx_word' id='word_1_354' title='bbox 1699 2570 1769 2596; x_wconf 83' lang='lat' dir='ltr'>pre-</span> 
     </span>
     <span class='ocr_line' id='line_1_55' title="bbox 454 2597 1769 2634; baseline -0.002 -8"><span class='ocrx_word' id='word_1_355' title='bbox 454 2600 527 2633; x_wconf 78' lang='lat' dir='ltr'>cipit</span> <span class='ocrx_word' id='word_1_356' title='bbox 655 2598 698 2625; x_wconf 62' lang='lat'>38.</span> <span class='ocrx_word' id='word_1_357' title='bbox 730 2599 865 2633; x_wconf 74' lang='lat' dir='ltr'>Explicit</span> <span class='ocrx_word' id='word_1_358' title='bbox 898 2607 974 2633; x_wconf 81' lang='lat' dir='ltr'>opus</span> <span class='ocrx_word' id='word_1_359' title='bbox 1008 2598 1220 2634; x_wconf 66' lang='lat' dir='ltr'>evangelicum</span> <span class='ocrx_word' id='word_1_360' title='bbox 1250 2606 1307 2633; x_wconf 74' lang='lat' dir='ltr'>per</span> <span class='ocrx_word' id='word_1_361' title='bbox 1344 2598 1501 2624; x_wconf 79' lang='lat' dir='ltr'>doctorem</span> <span class='ocrx_word' id='word_1_362' title='bbox 1531 2597 1712 2624; x_wconf 72' lang='lat' dir='ltr'>catholicum</span> <span class='ocrx_word' id='word_1_363' title='bbox 1741 2600 1769 2624; x_wconf 83' lang='lat' dir='ltr'>et</span> 
     </span>
     <span class='ocr_line' id='line_1_56' title="bbox 452 2633 1575 2668; baseline -0.001 -9"><span class='ocrx_word' id='word_1_364' title='bbox 452 2634 584 2661; x_wconf 57' lang='lat' dir='ltr'>scribam</span> <span class='ocrx_word' id='word_1_365' title='bbox 606 2634 824 2668; x_wconf 60' lang='lat' dir='ltr'>evangelicum.</span> <span class='ocrx_word' id='word_1_366' title='bbox 848 2635 874 2660; x_wconf 89' lang='lat' dir='ltr'><strong>A</strong></span> <span class='ocrx_word' id='word_1_367' title='bbox 888 2633 924 2660; x_wconf 79' lang='lat' dir='ltr'>B:</span> <span class='ocrx_word' id='word_1_368' title='bbox 947 2633 1072 2660; x_wconf 61' lang='lat' dir='ltr'>[latoris</span> <span class='ocrx_word' id='word_1_369' title='bbox 1091 2633 1281 2666; x_wconf 78' lang='lat' dir='ltr'>vitastnitur</span> <span class='ocrx_word' id='word_1_370' title='bbox 1302 2635 1330 2659; x_wconf 82' lang='lat' dir='ltr'>ct</span> <span class='ocrx_word' id='word_1_371' title='bbox 1350 2633 1407 2659; x_wconf 83' lang='lat' dir='ltr'>ltoc</span> <span class='ocrx_word' id='word_1_372' title='bbox 1427 2640 1504 2667; x_wconf 79' lang='lat' dir='ltr'>opus</span> <span class='ocrx_word' id='word_1_373' title='bbox 1524 2633 1575 2659; x_wconf 87' lang='lat' dir='ltr'>ita.</span> 
     </span>
    </p>
   </div>
   <div class='ocr_carea' id='block_1_16' title="bbox 455 2703 1769 2791">
    <p class='ocr_par' dir='ltr' id='par_1_19' title="bbox 455 2703 1769 2791">
     <span class='ocr_line' id='line_1_57' title="bbox 525 2703 1769 2746; baseline -0.003 -10"><span class='ocrx_word' id='word_1_374' title='bbox 525 2717 552 2736; x_wconf 80' lang='lat'>2.</span> <span class='ocrx_word' id='word_1_375' title='bbox 575 2706 748 2744; x_wconf 55' lang='lat' dir='ltr'>Romul,</span> <span class='ocrx_word' id='word_1_376' title='bbox 771 2705 927 2746; x_wconf 64' lang='lat' dir='ltr'>25.1⁴]ph.</span> <span class='ocrx_word' id='word_1_377' title='bbox 950 2706 987 2744; x_wconf 76' lang='lat' dir='ltr'>V,</span> <span class='ocrx_word' id='word_1_378' title='bbox 1010 2705 1060 2736; x_wconf 75' lang='lat'>25.</span> <span class='ocrx_word' id='word_1_379' title='bbox 1113 2705 1298 2743; x_wconf 67' lang='lat' dir='ltr'>4.‹&#39;.a1.ll,</span> <span class='ocrx_word' id='word_1_380' title='bbox 1328 2714 1379 2735; x_wconf 83' lang='lat'>20.</span> <span class='ocrx_word' id='word_1_381' title='bbox 1432 2714 1484 2734; x_wconf 82' lang='lat'>22.</span> <span class='ocrx_word' id='word_1_382' title='bbox 1504 2703 1622 2734; x_wconf 74' lang='lat' dir='ltr'>Matth.</span> <span class='ocrx_word' id='word_1_383' title='bbox 1642 2704 1695 2741; x_wconf 87' lang='lat' dir='ltr'>VI,</span> <span class='ocrx_word' id='word_1_384' title='bbox 1717 2704 1769 2743; x_wconf 72' lang='lat'>34.</span> 
     </span>
     <span class='ocr_line' id='line_1_58' title="bbox 455 2751 1260 2791; baseline -0.001 -9"><span class='ocrx_word' id='word_1_385' title='bbox 455 2752 505 2782; x_wconf 65' lang='lat'>2⁴3.</span> <span class='ocrx_word' id='word_1_386' title='bbox 530 2753 549 2783; x_wconf 89' lang='grc' dir='ltr'>Ι.</span> <span class='ocrx_word' id='word_1_387' title='bbox 570 2753 660 2783; x_wconf 74' lang='lat' dir='ltr'>Tim.</span> <span class='ocrx_word' id='word_1_388' title='bbox 683 2753 722 2791; x_wconf 89' lang='lat' dir='ltr'>V,</span> <span class='ocrx_word' id='word_1_389' title='bbox 748 2751 796 2782; x_wconf 64' lang='lat'>16.</span> <span class='ocrx_word' id='word_1_390' title='bbox 872 2753 923 2783; x_wconf 73' lang='lat'>31.</span> <span class='ocrx_word' id='word_1_391' title='bbox 946 2752 1073 2782; x_wconf 73' lang='lat' dir='ltr'>l&#39;salm.</span> <span class='ocrx_word' id='word_1_392' title='bbox 1094 2751 1210 2790; x_wconf 83' lang='lat' dir='ltr'>XVlll,</span> <span class='ocrx_word' id='word_1_393' title='bbox 1233 2753 1260 2784; x_wconf 78' lang='lat'>3.</span> 
     </span>
    </p>
   </div>
  </div>
 </body>
</html>
