1986 3289
132 195 213 221 210
733 188 853 220 OPUS
878 187 1218 219 EVANGELICUM
1248 186 1330 217 LlB.
1357 185 1411 217 ΙΙΙ.
1512 172 1618 226 [CAR
1638 181 1732 209 LVII-

421 296 681 333 duracionem
700 293 839 330 mundi
864 294 1009 329 habere
1032 305 1147 328 suum
1165 291 1380 328 terminum
1406 291 1474 339 qui
1498 290 1584 337 erit,
1609 303 1733 338 quan-

420 355 471 390 do
506 354 730 401 completus
760 363 951 387 numerus
980 349 1145 386 humani
1175 349 1329 398 generis
1359 350 1409 385 ad
1437 348 1731 397 perfeccionem

422 411 560 447 mundi
587 410 802 459 requisitus
832 409 905 446 erit
926 417 1007 445 tam
1035 409 1085 444 ad
1109 408 1281 455 patriam
1306 420 1426 456 quam
1457 408 1505 443 ad
1535 415 1730 443 tartarum

419 469 672 517 adimpletus.
708 469 756 503 Et
784 468 834 503 ad
872 468 948 503 hoc
984 466 1092 502 vadit
1129 465 1352 501 similitudo
1387 464 1534 502 Christi
1578 465 1626 500 de
1671 476 1732 500 ar—

421 528 517 563 bore
550 526 628 572 fici,
663 527 711 562 de
743 533 868 561 estate
901 524 994 560 anni
1038 523 1180 560 solaris
1213 532 1250 559 et
1282 522 1509 570 autumpni,
1552 534 1597 558 ac
1629 521 1661 558 si
1693 521 1767 558 inf>

420 585 497 621 fine
530 583 743 631 autumpni
768 582 961 619 fructibus
986 580 1196 618 maturatis
1229 590 1266 617 et
1298 579 1498 618 salvandis
1531 579 1670 628 positis
1693 579 1734 615 in

420 643 584 678 domurn
622 640 775 678 celestis
807 639 940 677 horrei
974 652 1020 676 ac
1043 638 1223 676 zizannia
1258 651 1345 675 cum
1369 637 1493 686 paleis
1516 637 1556 673 in
1579 637 1734 674 inferno

419 699 560 749 positis
584 698 870 737 cumburendis
895 698 967 734 erit
1000 697 1039 734 in
1062 697 1225 745 regione
1248 698 1322 733 hac
1356 696 1488 733 media
1522 708 1734 732 consuma-

420 758 481 795 cio
504 771 585 794 non
608 757 782 805 amplius
806 758 1012 802 duratura,
1046 757 1114 792 sed
1145 763 1306 803 oportet
1330 755 1439 802 quod
1460 753 1533 790 iste
1558 754 1732 789 mundus

420 829 464 852 ex
496 828 616 852 causa
651 814 864 863 multiplici
907 815 1052 850 habeat
1087 825 1276 860 magnum
1311 825 1477 849 annum.
1531 811 1579 847 Et
1612 821 1791 859 super¹0

420 873 497 910 isto
529 873 687 910 videtur
709 872 948 921 Apostolum
984 883 1127 919 capere
1161 873 1172 906 Ι
1207 871 1300 908 Cor,
1334 871 1382 906 III
1416 882 1533 906 suum
1567 870 1731 905 modum

421 931 614 979 loquendi
647 932 695 967 de
728 930 851 978 ligno,
884 930 974 966 feno
1008 938 1046 966 et
1078 928 1238 976 stipula.

156 985 378 1048 (ἶὲζέζὲἓῑῗὲᾖ-
480 989 750 1026 Crisostomus
783 996 916 1024 autem
943 1000 1063 1035 super
1101 985 1305 1024 sentencia
1340 986 1413 1022 ista
1447 985 1503 1022 sic
1534 984 1732 1033 loquitur:

162 1055 307 1091 selecting
327 1056 377 1082 the
428 1048 561 1092 Quare
603 1059 675 1083 non
721 1058 771 1083 ex
817 1046 905 1082 aliis
944 1045 1149 1082 arboribus
1180 1046 1248 1081 sed
1281 1044 1415 1093 pocius
1448 1045 1494 1079 de
1515 1043 1599 1093 ficu
1631 1043 1734 1079 simi-

149 1090 187 1125 fig
210 1098 324 1153 ³3ng
344 1090 393 1117 the
422 1106 620 1142 litudinem
665 1104 782 1141 sumit
814 1112 849 1141 et
887 1104 1035 1140 estate?
1082 1104 1181 1147 Quia
1220 1110 1424 1152 postquam
1466 1101 1540 1137 alie
1572 1102 1735 1137 arbores
1755 1097 1791 1130 15

423 1176 588 1200 vernare
635 1163 817 1212 ceperint,
849 1163 1086 1211 frequenter
1129 1162 1251 1197 evenit
1294 1168 1334 1196 ut
1372 1160 1557 1196 accedens
1591 1159 1735 1209 frigus

417 1222 606 1271 precedat
657 1228 816 1257 estatem
862 1227 897 1256 et
937 1220 1075 1256 iterum
1121 1220 1284 1255 arbores
1321 1219 1592 1261 indurescunt;
1630 1217 1736 1266 ficus

422 1287 546 1316 autem
599 1279 685 1328 quia
713 1291 812 1328 pene
838 1285 928 1327 post
960 1289 1091 1314 omnes
1122 1277 1221 1313 alias
1253 1277 1417 1312 arbores
1450 1282 1599 1322 vernat,
1632 1275 1735 1325 diffi-

423 1338 494 1373 cile
521 1344 612 1386 post
632 1337 756 1387 ficum
806 1336 1021 1372 intervenit.
1068 1335 1158 1371 Ideo
1193 1347 1290 1385 ergo
1335 1334 1389 1371 sic
1420 1340 1648 1383 comparata
1681 1340 1736 1369 est

423 1395 580 1431 ecclesia
613 1395 648 1430 in
682 1394 749 1430 illo
781 1402 955 1443 tempore
980 1400 1147 1442 propter
1181 1392 1466 1428 indubitabilem
1499 1391 1619 1427 seculi
1649 1391 1794 1426 novi2o

423 1453 641 1490 adventum.
696 1453 774 1487 Sed
816 1464 886 1501 que
928 1458 984 1487 est
1023 1451 1089 1486 illa
1133 1450 1366 1487 assimilacio
1406 1450 1465 1485 rei
1527 1449 1735 1486 videamus.

422 1511 538 1547 Ficus
561 1511 657 1547 bona
682 1510 793 1546 verni
811 1509 998 1558 temporis
1018 1515 1320 1558 temperamento
1343 1507 1533 1544 mollescit
1552 1506 1734 1556 adsolia,

423 1569 581 1606 ecclesia
626 1575 751 1604 autem
797 1567 1013 1604 miserabili
1048 1566 1322 1615 persecucione
1359 1565 1537 1615 conflicta
1569 1564 1735 1613 compel-

423 1627 517 1663 litur
539 1627 591 1662 ad
619 1633 795 1663 mortem.
832 1626 909 1661 Sed
932 1625 1123 1661 Dominus
1145 1624 1243 1659 hanc
1264 1623 1584 1660 assimilacionem
1607 1623 1736 1659 iocun-

424 1684 557 1720 ditatis
609 1696 660 1720 ex
692 1684 776 1734 ficu
821 1696 893 1719 non
939 1683 990 1718 ad
1021 1682 1277 1732 affliccionem
1312 1681 1556 1730 corporalem
1591 1677 1791 1727 retulit,25

422 1743 491 1779 sed
523 1742 767 1791 spiritualem
794 1741 1016 1790 profectum
1050 1740 1282 1776 animarum.
1330 1740 1430 1775 Nam
1463 1739 1616 1787 quando
1650 1750 1736 1773 car-

423 1800 525 1835 nalia
558 1799 723 1835 hominis
754 1799 1005 1849 affliguntur,
1052 1805 1140 1834 tunc
1171 1797 1391 1847 spiritualia
1440 1799 1518 1833 eius
1548 1796 1734 1846 gaudent,

421 1858 520 1894 sicut
551 1857 606 1893 ait
628 1857 857 1906 Apostolus:
888 1856 941 1891 Et
974 1868 1042 1892 vos
1073 1855 1294 1904 suscepistis
1317 1855 1474 1891 verbum
1498 1854 1575 1890 Dei
1605 1854 1640 1889 in
1665 1853 1734 1889 tri-

423 1915 621 1951 bulacione
654 1915 775 1950 multa
809 1927 893 1950 cum
926 1912 1074 1964 gaudio
1108 1913 1277 1962 Spiritus
1310 1913 1452 1950 Sancti.
1500 1912 1605 1948 Sicut
1636 1911 1734 1948 enim

423 1973 574 2010 vernali
604 1972 710 2023 flatu
755 1973 916 2008 arbores
961 1972 1150 2007 laxantur
1193 1971 1228 2006 in
1258 1970 1365 2019 folia
1398 1978 1433 2006 et
1452 1971 1631 2019 fructus,
1682 1969 1736 2005 sic
1752 1968 1794 2000 30

420 2031 757 2080 persecucionibus
782 2030 1004 2066 excitantur
1027 2030 1152 2065 anime
1183 2029 1234 2064 ad
1257 2029 1449 2065 virtutem.
1488 2028 1575 2064 Ideo
1608 2034 1734 2063 autem

412 2089 517 2138 ficus
549 2089 705 2125 ecclesie
746 2088 952 2133 similatur,
999 2087 1084 2136 quia
1128 2087 1225 2123 sicut
1245 2086 1351 2136 ficus
1389 2087 1457 2122 sub
1490 2098 1563 2121 uno
1597 2085 1737 2121 cortice

416 2147 589 2196 plurima
611 2159 742 2197 grana
774 2146 876 2181 intra
908 2146 1058 2181 viscera
1086 2144 1299 2181 dulcedinis
1320 2144 1468 2180 inclusa
1491 2143 1735 2193 constringit,

422 2205 477 2241 sic
510 2212 545 2241 et
575 2205 643 2240 suh
689 2216 762 2240 uno
806 2215 973 2253 corpore
1005 2203 1162 2239 ecclesia
1195 2202 1337 2238 multos
1375 2201 1607 2237 christianos
1639 2201 1737 2236 inter

425 2263 573 2298 viscera
622 2274 689 2298 sue
733 2261 908 2297 caritatis
935 2267 1205 2311 congregatos
1243 2259 1524 2309 complectitur.
1586 2258 1737 2294 Deinde
1753 2257 1792 2289 35

424 2320 501 2356 alia
535 2320 689 2357 racione
721 2319 844 2355 omnis
888 2319 1009 2355 arbor
1033 2331 1131 2367 pene
1163 2318 1199 2353 in
1232 2330 1329 2353 urno
1362 2325 1535 2366 tempore
1554 2317 1735 2365 fructum

419 2378 579 2427 prebet,·
622 2390 709 2413 nam
755 2377 864 2425 infra
891 2388 1040 2426 paucos
1084 2376 1164 2412 dies
1196 2376 1342 2411 maturi
1382 2382 1471 2411 sunt
1508 2381 1543 2410 et
1575 2375 1738 2418 cadunt;

424 2435 532 2485 ficus
575 2443 701 2471 autem
747 2446 798 2471 ex
828 2447 902 2484 quo
947 2434 1092 2483 ceperit
1111 2435 1295 2482 fructum
1341 2433 1484 2482 afferre
1527 2444 1644 2481 usque
1686 2432 1738 2467 ad

489 2681 533 2737 H.
554 2674 662 2702 Recte:
680 2673 836 2714 precz‘fial.
952 2680 992 2706 ¹9-
1016 2671 1112 2700 Cod.:
1130 2674 1256 2708 parata.
1365 2679 1410 2698 20.
1433 2670 1527 2699 Cod.:
1548 2670 1622 2697 novi
1640 2670 1735 2697 deest.

425 2707 467 2736 32.
516 2709 586 2736 od.:
610 2717 681 2736 una.
773 2708 818 2737 36.
842 2707 939 2736 Cod.:
960 2715 1055 2735 verno
1076 2710 1222 2742 tempore.

501 2814 547 2843 14.
576 2804 643 2844 Op.
672 2804 755 2844 Imp.
783 2803 804 2834 1⁴
833 2813 860 2834 c.
888 2813 964 2844 pag.
992 2803 1069 2845 954.
1168 2801 1219 2832 28.
1248 2802 1270 2833 1.
1297 2800 1420 2832 Thess.
1449 2800 1470 2840 Ι,
1497 2799 1529 2831 6.
