1986 3289
165 195 246 233 304

234 713 317 748 FoIIy
338 713 373 739 of

194 747 401 782 indulgences.

784 192 948 223 OPERIS
974 192 1254 223 EVANGELICI
1284 192 1366 224 ΗΒ.
1395 192 1450 223 IV.
1581 181 1687 234 [CAP-
1713 189 1761 217 VI-

453 310 576 346 quare
622 298 748 334 fidelis
795 297 967 345 amplius
1002 297 1204 345 quietatur
1247 297 1286 334 in
1328 298 1402 334 ista
1440 297 1637 346 particula
1676 312 1765 335 ora-

455 356 578 393 cionis
623 355 844 392 dominice:
889 356 977 391 Fiat
1011 356 1188 392 voluntas
1226 363 1304 402 tua,
1359 369 1448 392 cum
1483 364 1614 392 certus
1648 358 1765 393 debet

454 427 538 450 esse
571 415 678 462 quod
701 413 901 461 optimum
925 413 974 449 sit
1008 413 1172 450 ecclesie
1206 415 1425 450 secundum
1461 414 1761 451 ordinacionem

455 472 619 508 Domini
652 471 838 519 regulari.
874 473 922 507 Et
956 473 1027 508 hec
1052 471 1161 507 racio
1195 484 1317 519 quare
1350 471 1477 508 sancti
1510 471 1663 519 priores
1697 474 1766 509 do-

453 539 622 566 cuerunt
665 529 816 566 viantes
860 541 1018 577 semper
1063 530 1207 565 debere
1251 530 1398 575 dolere,
1452 542 1541 566 cum
1599 532 1798 567 terend05

452 597 601 624 terram
635 587 875 624 affecciones
908 587 1032 623 animi
1066 588 1216 623 habent
1249 588 1297 623 ad
1332 587 1544 623 minimum
1569 589 1618 624 ad
1642 588 1765 625 intro-

452 646 551 682 itum
586 646 627 682 in
661 645 833 694 patriam
870 646 1102 681 maculatas.

512 706 559 740 Et
605 717 647 740 ex
692 703 767 740 isto
809 702 1014 739 concludit
1057 703 1221 751 quidam
1271 702 1479 751 postillans
1524 705 1632 751 quod
1676 716 1764 751 pre-

453 771 686 809 sumptuosa
732 761 907 798 stulticia
953 761 1110 798 videtur
1154 774 1302 809 papam
1348 770 1512 809 propter
1550 761 1762 808 pecuniam

451 820 511 856 vel
545 820 735 868 pietatem
782 828 1143 868 quantumcunque
1187 828 1416 867 pretensam
1456 819 1661 855 absolvere
1695 819 1823 856 ali-10

452 890 571 926 quem
617 877 810 914 viatorem
858 890 880 913 a
924 889 1027 925 pena
1072 886 1110 914 et
1154 878 1271 925 culpa
1315 876 1389 913 nisi
1435 876 1665 913 affeccionis
1696 890 1764 913 sue

454 935 657 972 mundicia
704 935 779 972 sibi
811 935 931 972 fuerit
964 936 1150 980 revelata,
1206 935 1299 983 quia
1334 943 1485 971 certum
1521 944 1578 971 est
1611 947 1654 971 ex
1688 935 1765 972 fide

452 996 558 1042 quod
592 1002 825 1030 remanente
870 993 909 1029 in
955 993 1090 1041 aliquo
1124 993 1398 1041 predestinato
1444 1001 1605 1029 mortuo
1638 1006 1763 1041 quan-

451 1061 702 1100 tumcunque
755 1052 829 1088 levi
863 1051 1081 1088 affeccione
1125 1051 1303 1087 indebita
1348 1059 1564 1099 antequam
1599 1051 1765 1088 intrabit

452 1111 599 1146 lectum
634 1109 907 1155 beatitudinis,
954 1118 1115 1157 oportet
1148 1110 1255 1157 quod
1290 1110 1410 1157 pedes
1442 1109 1502 1145 sui
1536 1121 1638 1157 pena
1671 1122 1764 1157 pur-
1787 1113 1822 1145 ιδ

452 1168 597 1216 gatorii
630 1168 708 1205 sint
741 1168 936 1214 mundati,
983 1167 1147 1204 eciamsi
1180 1180 1286 1215 papa
1319 1167 1437 1203 fuerit
1482 1166 1549 1215 qui
1589 1166 1766 1203 indebite

453 1228 626 1262 honores
673 1228 899 1262 mundanos
945 1227 1048 1262 bona
1096 1224 1335 1273 temporalia
1379 1226 1440 1261 vel
1472 1224 1626 1273 aliquid
1659 1225 1767 1261 aliud

453 1285 654 1332 cupiebat,
700 1293 737 1320 et
771 1297 860 1321 cum
894 1283 1042 1320 scimus
1077 1285 1184 1332 quod
1218 1283 1400 1332 quamvis
1433 1283 1613 1320 Christus
1659 1284 1768 1319 sedet

451 1342 492 1378 in
549 1342 760 1379 celestibus
813 1351 849 1378 et
893 1342 1110 1390 Apostolus
1156 1343 1320 1378 mandat
1366 1353 1437 1390 que
1480 1353 1635 1377 sursum
1680 1349 1767 1377 sunt

449 1401 597 1450 querite
634 1408 668 1437 et
716 1413 787 1436 non
840 1413 910 1449 que
940 1413 1058 1449 super
1100 1407 1262 1447 terram,
1308 1398 1495 1447 possibile
1541 1407 1598 1436 est
1629 1407 1766 1435 tamen
1783 1413 1824 1434 20

452 1471 598 1507 papam
633 1471 679 1495 ac
713 1471 826 1495 suam
876 1457 1028 1494 curiam
1075 1459 1223 1494 habere
1267 1457 1526 1494 affeccionem
1560 1456 1764 1505 putridam

451 1518 500 1552 ad
532 1526 703 1553 terrena.

983 1617 1119 1658 CAP.
1154 1617 1236 1657 VI.

507 1714 697 1762 Sequitur
730 1714 770 1749 in
803 1722 912 1750 textu
935 1712 1147 1760 evangelii:
1182 1713 1262 1748 lam
1296 1724 1363 1748 vos
1394 1712 1529 1748 mundi
1565 1712 1665 1758 estis,
1698 1713 1766 1748 sed

449 1785 521 1808 non
554 1784 707 1817 omnes,·
737 1772 878 1808 sciebat
909 1771 1007 1807 enim
1038 1771 1209 1819 quisnam
1243 1778 1340 1807 esset
1369 1771 1432 1819 qui
1459 1771 1633 1806 traderet
1665 1783 1762 1806 eum.
1781 1775 1820 1808 25

448 1831 665 1879 Propterea
700 1830 817 1866 dixit:
851 1830 938 1866 Non
971 1829 1060 1865 estis
1093 1829 1228 1864 mundi
1258 1841 1400 1864 omnes.

507 1890 635 1936 Super
667 1901 746 1936 quo
778 1887 1041 1935 Augustinus:
1091 1887 1170 1922 Iam
1210 1887 1277 1922 illa
1318 1887 1434 1922 verba
1479 1886 1541 1921 uhi
1572 1885 1765 1922 Dominus

449 1948 585 1982 lavans
623 1947 744 1995 pedes
786 1946 866 1982 suis
899 1945 1097 1993 discipulis
1129 1945 1196 1991 ait,
1230 1944 1292 1993 qui
1323 1945 1424 1980 lotus
1455 1952 1509 1980 est
1540 1944 1658 1980 semel
1690 1956 1762 1980 non

448 2005 560 2040 habet
583 2004 844 2040 necessitatem
869 2004 941 2039 nisi
967 2004 1086 2052 pedes
1109 2003 1244 2038 lavare
1265 2003 1332 2038 sed
1364 2010 1419 2038 est
1450 2002 1615 2038 mundus
1647 2009 1761 2047 totus,

449 2063 649 2098 dileccioni
692 2069 819 2098 vestre
862 2069 901 2096 ut
935 2061 1112 2096 dominus
1160 2061 1307 2096 donare
1340 2061 1523 2110 dignatus
1555 2067 1610 2096 est
1642 2071 1761 2108 expo-
1779 2067 1821 2098 30

447 2121 603 2167 suimus,
648 2132 746 2155 nunc
796 2120 899 2168 quod
929 2119 1101 2167 sequitur
1134 2119 1351 2154 videamus:
1401 2118 1454 2153 Et
1499 2130 1578 2163 vos,
1630 2118 1761 2166 inquit,

449 2178 582 2213 mundi
612 2178 713 2222 estis,
747 2179 814 2213 sed
843 2190 915 2213 non
950 2188 1097 2222 omnes3
1132 2177 1202 2212 hoc
1230 2173 1234 2228 I
1263 2177 1353 2225 quid
1384 2177 1431 2211 sit
1463 2188 1507 2212 ne
1538 2188 1759 2225 queramus,
1798 2184 1880 2224 434n

447 2236 527 2285 ipse
558 2236 812 2286 Evangelista
840 2235 1030 2284 patefecit
1061 2234 1300 2284 adiungens:
1345 2234 1496 2270 Sciebat
1529 2234 1626 2270 enim
1661 2233 1761 2282 quis-

448 2307 535 2329 nam
570 2301 667 2329 esset
700 2294 764 2342 qui
794 2294 970 2329 traderet
1002 2304 1098 2328 eum.
1136 2293 1351 2342 Propterea
1386 2292 1507 2327 dixiz:
1552 2292 1637 2327 Non
1671 2291 1762 2327 estis

448 2351 581 2387 mundi
612 2364 762 2395 omnes;
802 2351 894 2400 quid
937 2352 1005 2386 hoc
1057 2350 1234 2399 apercius
1274 2350 1441 2399 proinde
1481 2351 1533 2386 ad
1562 2349 1816 2398 sequencia35

446 2417 703 2446 transeamus.
739 2411 822 2445 Hec
855 2408 1113 2456 Augustinus.

506 2469 684 2516 Apparet
718 2467 810 2503 huic
845 2475 983 2503 sancto
1018 2467 1126 2514 quod
1162 2478 1299 2502 sensus
1332 2465 1448 2501 huius
1481 2473 1607 2501 textus
1641 2477 1760 2501 evan-

448 2525 539 2573 gelii
573 2534 629 2562 est
663 2537 705 2561 ex
738 2537 928 2572 processu
961 2524 1125 2561 historie
1148 2524 1241 2560 satis
1275 2523 1430 2571 planus,
1465 2522 1559 2571 quia
1591 2523 1756 2570 planum

515 2668 558 2694 27.
581 2660 606 2687 Α
630 2660 658 2686 in
682 2667 795 2694 margi:
818 2659 1017 2696 Augustinus.
1147 2658 1192 2686 36.
1215 2659 1259 2685 A:
1281 2658 1479 2685 transiamus.
1613 2656 1657 2692 37.
1679 2658 1706 2684 A
1726 2656 1755 2684 in

447 2703 558 2730 marg:
581 2694 746 2721 johannes.

517 2776 546 2797 2.
574 2765 691 2797 Matth.
719 2766 775 2805 VI,
809 2776 854 2796 10.
994 2775 1042 2801 io.
1072 2765 1145 2796 Col.
1173 2765 1225 2804 III,
1259 2776 1282 2795 1.
1404 2774 1460 2805 24.
1483 2763 1560 2795 Joh.
1587 2764 1672 2803 XIII,
1706 2773 1755 2794 10.

447 2822 499 2852 27.
527 2813 560 2843 S.
587 2813 800 2855 Augustinus
827 2813 847 2843 I.
874 2822 901 2843 c,
929 2804 1109 2854 pag.'(›60.
