1986 3289
237 200 326 231 CAP.
348 190 460 248 xxx]
601 203 660 237 DE
687 201 1003 237 ANTffiHRIsTo
1032 201 1116 236 ΜΒ.
1145 203 1168 236 1.
1768 204 1834 230 ¹11

237 315 343 350 Sicut
389 325 487 364 ergo
514 313 598 362 fuit
628 313 843 349 Jerusalem
889 313 956 348 illa
1004 311 1224 361 corporalis
1263 323 1331 360 que
1369 310 1444 346 iam
1484 322 1551 346 ex·
1594 317 1692 356 What
1711 317 1817 356 Chfist

231 378 410 423 pugnata
443 378 509 418 est,
543 371 579 407 in
601 371 744 422 figura
776 378 903 406 autem
937 378 991 406 est
1023 370 1150 406 altera
1181 369 1400 405 Jerusalem
1433 368 1550 418 spiri·
1597 352 1808 421 Sgssinffightssd

237 430 366 476 tualis,
398 429 559 465 ecclesia
589 429 747 475 Christi,
780 441 850 477 que
881 428 916 463 in
938 428 1061 478 finem
1095 428 1231 464 mundi
1260 435 1295 464 et
1328 426 1551 476 temptanda
1571 422 1769 491 3ΞὲἳῇξὲξῇΙέ
1782 421 1841 483 {ssd

237 495 292 525 est
324 495 358 524 et
390 487 518 523 adhuc
551 494 773 536 temptatur.
823 486 885 521 Sic
924 494 960 522 et
997 486 1110 537 signa
1151 485 1221 521 illa
1261 497 1331 534 que
1362 484 1554 521 Dominus
1684 491 1733 518 the
1776 525 1781 529 Ι

205 545 329 582 5dicit
372 552 408 581 et
450 545 708 594 spiritualiter
739 544 990 595 intelligenda
1034 551 1123 580 sunt
1167 551 1202 580 et
1245 543 1470 588 carnaliter,
1515 549 1555 577 ut
1575 529 1839 553 consummanon.

237 603 449 640 carnaliter
514 602 707 639 intellecta
780 602 998 653 significent
1079 601 1383 638 destruccionem
1452 600 1555 636 illius

235 661 465 708 Jerusalem,
498 661 753 710 spiritualiter
791 660 982 696 intellecta
1014 660 1233 711 significent
1265 658 1554 709 temptacionem

238 719 394 756 ecclesie
438 718 473 755 in
523 718 857 755 consummacione
886 719 1058 767 sutura,·
1108 730 1205 769 ergo
1249 718 1302 753 ad
1352 724 1557 765 utrumque

237 785 386 827 tempus
412 776 582 827 porrige
620 784 781 813 mentem
821 776 886 825 qui
922 776 1034 812 audis
1072 783 1107 812 et
1138 777 1189 811 ad
1221 775 1318 812 illud
1350 775 1452 824 quod
1471 774 1557 823 suit

185 849 222 871 10
237 843 439 884 antequam
484 835 700 871 Jerusalem
746 841 965 883 caperetur,
1015 841 1050 870 et
1099 834 1151 869 ad
1200 833 1299 869 illud
1348 833 1450 883 quod
1483 832 1557 882 fiet

237 901 439 942 antequam
472 899 682 942 temptetur
713 892 875 929 ecclesia
913 892 1072 929 Christi.

303 951 432 987 Videte
474 963 519 987 ne
561 951 645 1000 quis
689 963 755 987 vos
797 951 967 987 seducat.
1025 950 1144 986 Multi
1184 950 1282 986 enim
1328 949 1477 986 venient
1521 949 1556 984 in
1610 955 1703 991 Many
1723 955 1798 982 false

238 1010 388 1046 nomine
409 1021 506 1056 meo,
531 1009 715 1045 dicentes:
736 1009 826 1060 Ego
845 1020 929 1044 sum
951 1008 1130 1044 Christus
1144 1015 1179 1044 et
1202 1008 1344 1044 multos
1364 1008 1556 1044 seducent.
1578 990 1843 1052 teaffeesslffifffre

237 1067 326 1104 Hoc
369 1067 482 1103 etiam
522 1067 728 1116 Apostolus
780 1066 879 1102 dixit
923 1066 996 1102 hiis
1045 1066 1111 1115 qui
1140 1066 1311 1114 fuerunt
1353 1072 1556 1113 antequam
1615 1060 1795 1088 jerusalem.

186 1129 221 1162 15
238 1133 446 1175 caperetur
475 1125 706 1172 Jerusalem,
747 1125 833 1173 quia
867 1124 980 1173 prius
1014 1124 1167 1160 venturi
1185 1125 1355 1173 fuerant
1387 1123 1558 1159 Pseudo-

238 1183 384 1219 christi.
429 1183 582 1219 Etenim
628 1183 700 1219 hoc
741 1190 825 1218 erat
868 1182 1024 1233 signum
1065 1182 1238 1231 primum
1282 1181 1559 1217 destruccionis

236 1241 451 1278 Jerusalem
481 1241 585 1291 quod
613 1241 869 1289 verefactum
900 1247 966 1276 est.
1005 1240 1197 1276 Venerunt
1227 1240 1324 1276 enim
1349 1239 1560 1276 Dositheus

238 1306 273 1335 et
312 1299 443 1335 Simon
481 1307 517 1335 et
553 1299 733 1335 Cleonius
771 1306 807 1334 et
845 1297 1027 1334 Verisuas
1059 1298 1095 1334 in
1134 1298 1286 1334 nomine
1323 1297 1484 1344 Christi,
1523 1304 1558 1332 et

238 1357 307 1393 alii
347 1357 460 1393 multi
493 1369 589 1406 quos
628 1357 836 1406 Apostolus
873 1356 909 1392 in
948 1356 1119 1406 epistolis
1161 1356 1240 1392 suis
1283 1355 1419 1406 tangit.
1470 1354 1558 1391 Hoc

182 1429 224 1452 20
239 1415 358 1452 eciam
390 1415 571 1465 patribus
608 1415 752 1451 nostris
784 1414 885 1450 dixit
916 1414 980 1463 qui
998 1415 1171 1463 fuerunt
1197 1414 1311 1463 prius
1351 1421 1555 1462 antequam

238 1480 497 1523 temptaretur
529 1473 701 1519 ecclesia,
736 1472 824 1522 quia
857 1480 1018 1508 ventura
1040 1473 1210 1521 fuerant
1232 1472 1410 1508 heresum
1436 1471 1557 1507 multa

239 1532 356 1567 verba
389 1531 590 1567 mendacia
623 1531 815 1567 dicencia:
845 1530 936 1582 Ege
974 1543 1058 1566 sum
1098 1530 1254 1566 verbum
1285 1529 1362 1565 Dei
1397 1529 1555 1565 Christi.

239 1589 292 1625 Et
314 1589 387 1625 hoc
408 1590 563 1640 signum
576 1589 662 1638 fuit
685 1589 993 1640 expugnacionis
1021 1588 1189 1634 ecclesie,
1221 1589 1323 1637 quod
1352 1588 1556 1637 etfactum

239 1654 307 1684 est.
346 1648 442 1684 Vere
474 1647 570 1683 enim
600 1647 830 1697 priusquam
864 1659 915 1683 ex
946 1654 1119 1695 tempore
1147 1646 1353 1683 Theodosii
1374 1645 1557 1695 prevari-

184 1707 223 1740 25
240 1705 413 1742 cantibus
456 1705 586 1742 multis
629 1713 930 1756 expugnaretur
975 1705 1147 1751 ecclesia,
1200 1705 1321 1740 multa
1366 1704 1558 1754 dogmata

234 1771 508 1812 precesserunt
551 1776 602 1800 ex
639 1771 814 1813 tempore
857 1762 1099 1799 Constantini
1135 1762 1327 1799 dicencia:
1370 1762 1457 1798 Hoc
1504 1769 1560 1798 est

242 1822 399 1858 verbum
433 1822 519 1859 Dei.
556 1822 633 1857 Per
664 1833 734 1870 que
765 1821 878 1872 signa
912 1821 1130 1872 intelligere
1159 1827 1371 1870 potuerunt
1402 1820 1560 1869 pericli-

241 1886 411 1915 taturam
445 1891 526 1916 esse
557 1879 757 1915 ecclesiam
796 1879 956 1925 Christi,
989 1879 1023 1914 si
1045 1879 1258 1929 prophecia
1295 1878 1444 1915 Christi
1473 1885 1561 1914 ante

241 1937 386 1974 exitum
427 1937 596 1988 intelligi
625 1937 825 1987 potuisset.
867 1937 987 1973 Multi
1024 1937 1171 1973 venient
1211 1937 1246 1973 in
1280 1936 1431 1973 nomine
1462 1948 1559 1982 meo,

185 1998 226 2030 30
242 1995 429 2032 dicentes:
471 1995 562 2046 Ego
600 2008 684 2032 sum
730 1995 920 2032 Christus.
962 1995 1117 2031 Venient
1155 1995 1192 2031 in
1231 1995 1382 2031 nomine
1417 1994 1559 2044 sponsi,

242 2060 281 2088 ut
318 2065 455 2102 sponse
493 2053 652 2090 castitas
694 2061 875 2103 temptata
910 2053 1112 2103 probetur.
1159 2054 1262 2089 Nam
1301 2053 1400 2089 sicut
1439 2052 1561 2088 omnis

241 2111 380 2147 mulier
418 2112 599 2160 quamdiu
643 2124 716 2148 non
749 2112 981 2148 admonetur
1023 2124 1045 2146 a
1085 2111 1197 2147 malis
1235 2111 1450 2147 hominibus
1488 2122 1560 2146 non

241 2169 492 2219 cognoscitur
514 2177 643 2205 utrum
667 2169 715 2206 sit
737 2177 858 2215 casta,
890 2170 925 2205 si
946 2181 1037 2205 vero
1060 2169 1259 2206 admonita
1282 2168 1558 2206 conscienciam

243 2227 326 2263 uiro
358 2228 590 2275 servaverit,
631 2235 718 2263 tunc
752 2228 888 2263 merito
930 2235 1035 2263 casta
1070 2227 1276 2272 laudatur,-
1318 2227 1372 2263 sic
1405 2226 1561 2263 ecclesie

186 2287 225 2321 35
243 2284 348 2334 fides
392 2297 465 2320 non
499 2286 590 2321 bene
627 2285 876 2336 cognoscitur
913 2285 987 2321 nisi
1022 2285 1252 2321 Antichristi
1294 2285 1466 2322 venerint
1509 2284 1561 2319 ad

243 2355 338 2378 eam.
379 2343 467 2379 Sive
499 2351 625 2379 autem
659 2344 705 2379 de
736 2344 814 2379 illis
845 2343 1156 2380 Pseudoclzristis
1193 2343 1258 2392 qui
1286 2349 1561 2393 precesserunt

242 2408 445 2448 antequam
485 2409 740 2451 temptaretur
777 2401 935 2437 ecclesia
976 2402 1047 2437 hoc
1079 2401 1253 2437 convenit
1285 2401 1425 2448 dicere,
1468 2412 1559 2449 quo-

244 2458 343 2494 niam
376 2458 487 2507 sicut,
526 2472 610 2496 cum
645 2460 782 2495 domus
823 2459 996 2495 incendio
1036 2459 1391 2509 comprehenditur,
1430 2470 1560 2494 omnes

314 2612 334 2631 1.
356 2604 395 2631 B:
418 2604 456 2631 Si
473 2612 562 2640 ergo.
620 2612 646 2631 2.
667 2605 711 2631 A:
733 2607 834 2632 autem
856 2605 949 2632 deest.
1023 2604 1106 2638 6—7.
1128 2605 1172 2631 A:
1194 2603 1558 2639 illius-temptacz'onem

245 2638 341 2666 deest.
467 2647 495 2673 9.
517 2641 560 2666 A:
583 2640 624 2666 ad
644 2639 738 2666 deest.
847 2648 951 2666 10—11.
980 2640 1023 2666 A:
1053 2638 1444 2674 Jerusalem—antequam
1464 2639 1557 2665 deest.

245 2681 278 2700 11.
296 2673 335 2700 B:
356 2676 567 2709 temptaretur.
673 2682 712 2708 17.
743 2675 787 2701 A:
808 2673 930 2710 falsum
959 2677 1013 2700 est.
1041 2674 1157 2700 Codd.:
1181 2673 1347 2701 Delz'tlzeus.
1449 2672 1489 2700 18.
1519 2673 1556 2699 ss:

245 2706 387 2735 Cleonas.
502 2709 549 2736 26.
572 2708 609 2735 ss:
632 2712 676 2735 est
705 2709 799 2735 deest.
909 2707 951 2736 33.
983 2708 1020 2735 B:
1043 2709 1179 2736 admota.
1280 2707 1326 2742 34.
1349 2708 1466 2736 Codd.:
1488 2715 1560 2735 vere

244 2743 424 2770 servaverit.
523 2742 568 2770 36.
592 2744 629 2771 B:
653 2743 771 2771 Pseudo
796 2743 920 2771 Christi.

320 2837 369 2867 14.
399 2837 414 2857 2
443 2826 606 2859 Thessal.
633 2828 671 2868 ΙΙ,
700 2829 730 2861 3.
