1986 3289
190 210 266 247 292

224 482 306 509 Lovu
327 481 353 508 is
373 482 422 509 the

233 516 366 551 wishing
386 517 421 544 of

230 551 312 586 good
333 555 364 577 to
385 551 424 578 its

268 585 377 621 object.

225 1935 294 1963 God
316 1939 429 1962 cannot

214 1970 301 2005 begin
323 1975 353 1997 to
374 1970 440 1997 love

243 2005 402 2041 anything.

209 2282 307 2309 God’s
327 2283 395 2309 love
415 2287 445 2309 to

218 2318 264 2344 his
285 2322 440 2344 creatores

254 2352 327 2378 does
348 2357 401 2379 not

219 2387 336 2421 change
356 2387 436 2425 from

219 2426 292 2448 time
311 2426 342 2448 to
363 2426 435 2448 time

219 2456 385 2491 according
404 2460 435 2483 to

203 2490 281 2517 their
301 2491 445 2518 conduct.

791 205 955 236 OPERIS
981 205 1262 236 EVANGELICI
1292 205 1374 236 LIB.
1401 205 1457 236 IV.
1626 193 1731 248 [CAP.
1752 203 1789 230 11.

483 311 773 347 humanitatem
799 324 891 347 suos
915 323 1039 359 usque
1073 311 1112 347 in
1136 311 1255 347 finem
1281 324 1436 347 cessare
1461 311 1682 359 rediligere,
1716 311 1789 348 nisi

481 368 641 416 ipsimet
674 368 752 404 sint
784 368 824 404 in
858 381 990 405 causa.
1026 371 1073 404 Et
1106 377 1245 416 patent
1278 370 1459 405 membra
1492 368 1720 405 racionibus
1753 378 1790 405 et

480 426 787 464 auctoritatibus
821 425 987 462 ulterius
1020 427 1275 463 declaranda.

538 486 585 519 Et
619 484 713 532 quia
736 484 809 520 iste
833 483 1087 531 Evangelista
1120 483 1161 519 in
1194 484 1274 520 suis
1309 483 1487 531 epistolis
1520 483 1560 520 in
1584 484 1790 532 evangelio

480 550 516 578 et
548 541 790 589 Apocalypsi
815 550 873 578 est
895 542 1036 589 plenus
1060 541 1294 588 dileccione‚
1329 554 1374 578 ac
1398 541 1564 578 dileccio
1598 550 1655 578 est
1678 551 1790 579 actus
1808 543 1823 574 5

478 611 663 648 supreme
716 599 900 647 potencie
941 612 1061 647 quam
1107 599 1335 636 necessario
1367 608 1525 647 oportet
1566 602 1649 636 Deo
1683 612 1790 636 com-

478 666 625 705 petere,
671 657 773 693 sicut
806 666 965 705 oportet
1004 669 1166 693 omnem
1210 657 1414 693 hominem
1449 659 1576 693 Deum
1610 657 1789 705 diligere,

479 728 569 751 cum
604 714 743 751 in‘ssla
777 714 958 751 consistit
990 714 1121 751 omnis
1154 727 1247 751 vera
1281 714 1435 763 religio,
1488 716 1535 751 de
1569 715 1789 752 dileccione

478 772 541 809 hic
574 772 726 821 aliquid
757 769 813 809 est
838 772 1065 809 dicendum.
1101 772 1351 820 Capiendum
1385 781 1442 808 est
1475 785 1568 820 ergo
1592 773 1790 821 imprimis

477 844 499 867 a
524 830 805 878 Lyncolniensi
839 839 876 867 et
909 830 996 867 aliis
1030 830 1097 879 qui
1130 839 1403 867 tractaverunt
1435 830 1552 867 istam
1578 831 1787 868 materiam
1811 843 1848 863 10

477 900 603 936 usque
635 890 685 924 ad
709 888 1018 925 fundamentum
1054 888 1093 924 in
1128 900 1173 925 ea
1206 889 1314 936 quod
1347 887 1511 936 diligere
1545 896 1601 924 est
1635 889 1789 937 aliquid

478 946 517 982 in
551 958 622 982 sua
655 946 855 994 analogia,
902 955 959 982 est
991 946 1089 982 velle
1122 945 1195 982 sibi
1235 948 1408 992 bonum3
1456 955 1493 982 et
1525 945 1617 982 hinc
1651 946 1788 983 dicunt

477 1003 722 1051 Augustinus
757 1013 794 1040 et
827 1004 893 1041 alii
927 1003 1127 1052 sapientes
1161 1005 1269 1052 quod
1302 1006 1408 1040 Deus
1441 1004 1623 1040 absolute
1655 1017 1788 1041 neces—

477 1061 582 1098 sario
623 1073 664 1098 se
711 1061 843 1109 ipsum
891 1062 1021 1110 diligit
1060 1059 1102 1098 'et
1147 1063 1255 1110 quod
1289 1061 1375 1109 ipsa
1409 1061 1577 1098 dileccio
1611 1070 1668 1098 est
1700 1075 1788 1110 per-

478 1132 576 1156 sona
622 1119 744 1155 tercia
798 1119 837 1156 in
872 1119 1026 1156 divinis.
1076 1121 1124 1155 Et
1170 1132 1212 1155 ex
1245 1119 1320 1156 isto
1354 1119 1517 1156 eliciunt
1550 1119 1786 1156 divisionem
1810 1119 1845 1151 15

477 1178 687 1223 famosam,
736 1179 844 1226 quod
890 1177 1024 1226 aliqua
1071 1186 1129 1213 est
1174 1186 1306 1214 creata
1340 1177 1507 1214 dileccio
1552 1186 1589 1213 et
1622 1178 1698 1214 alia
1732 1187 1788 1214 est

478 1234 648 1271 dileccio
681 1234 872 1271 increata.
909 1237 1053 1272 Creata
1085 1247 1178 1272 vero
1212 1235 1382 1271 dileccio
1417 1244 1473 1271 est
1506 1235 1670 1273 affeccio
1705 1248 1787 1272 cre-

477 1302 590 1329 ature
623 1293 751 1341 qualis
785 1302 842 1330 est
881 1293 920 1329 in
953 1293 1126 1329 hominis
1159 1292 1301 1341 spiritu
1343 1302 1491 1339 creato,
1530 1292 1657 1329 immo
1691 1306 1788 1341 quo-

478 1352 697 1387 dammodo
730 1351 770 1386 in
804 1351 982 1399 qualibet
1023 1350 1251 1387 substancia
1287 1359 1434 1400 creata,
1489 1363 1580 1387 cum
1614 1351 1788 1399 quelibet

476 1408 714 1445 naturaliter
747 1409 900 1457 appetit
933 1421 973 1445 se
1006 1421 1109 1455 esse;
1155 1408 1322 1445 dileccio
1355 1417 1491 1445 tamen
1532 1409 1787 1457 restringitur
1804 1418 1846 1439 20

477 1468 526 1502 ad
560 1466 786 1514 appetitum
822 1466 1074 1503 racionabilis
1105 1475 1288 1503 creature
1321 1479 1397 1514 que
1430 1466 1617 1514 intelligit
1650 1475 1687 1503 et
1719 1479 1787 1515 ap-

477 1524 576 1572 petit
609 1532 700 1560 actu
749 1524 881 1560 elicito
914 1524 987 1560 sibi
1022 1526 1187 1561 bonum.
1242 1526 1298 1560 De
1332 1524 1510 1560 increata
1543 1537 1635 1561 vero
1668 1524 1788 1561 dilec-

479 1581 592 1618 cione
645 1582 808 1630 quidam
856 1582 1020 1619 eliciunt
1071 1582 1196 1618 multa
1248 1581 1443 1618 notabilia
1492 1583 1610 1618 laude
1654 1582 1786 1630 digna,

478 1640 609 1687 primo
663 1641 769 1688 quod
819 1642 924 1676 Deus
970 1639 1210 1686 necessario,
1264 1640 1366 1676 sicut
1411 1639 1538 1687 diligit
1584 1648 1787 1676 creaturas

478 1697 534 1734 sic
579 1697 664 1733 odit
717 1707 894 1746 peccata,
948 1697 1042 1746 quia
1075 1697 1106 1734 si
1141 1699 1244 1734 Deus
1277 1710 1357 1733 non
1399 1697 1579 1745 diligeret
1612 1697 1788 1746 singulas
1805 1698 1845 1729 25

480 1764 698 1801 creaturas,
732 1764 828 1792 tunc
852 1755 916 1792 ille
939 1768 1020 1791 non
1045 1756 1235 1792 haberent
1269 1768 1352 1791 esse
1376 1757 1542 1802 bonum,
1577 1768 1665 1791 cum
1684 1758 1788 1792 Deus

478 1822 572 1849 tunc
604 1814 720 1849 vellet
753 1813 828 1849 illis
852 1813 949 1849 illud
984 1814 1148 1860 bonum,
1183 1822 1218 1849 et
1250 1825 1320 1861 per
1347 1809 1352 1865 Ι
1382 1825 1627 1861 consequens
1661 1815 1709 1850 ab
1742 1825 1788 1850 eo
1826 1814 1892 1854 432

479 1870 669 1919 diligitur.

535 1929 710 1965 Ulterius
755 1937 895 1976 putant
939 1928 1102 1976 quidam
1152 1928 1323 1964 fideliter
1373 1930 1481 1977 quod
1535 1929 1661 1965 deitas
1708 1942 1789 1965 non

479 1995 611 2034 potest
643 1986 860 2034 quicquam
887 1986 1062 2034 incipere
1096 1985 1260 2033 diligere
1292 1986 1351 2023 vel
1384 1986 1510 2036 odire,
1542 1986 1634 2034 quia
1668 1986 1698 2022 si
1732 1986 1788 2023 sic
1805 1988 1846 2019 30

478 2044 685 2092 inciperet,
720 2057 810 2080 cum
845 2045 951 2092 apud
976 2046 1102 2080 Deum
1137 2044 1272 2080 omnia
1304 2053 1395 2080 sunt
1427 2044 1647 2092 presencia,
1687 2057 1788 2080 sem-

478 2114 548 2150 per
581 2102 636 2138 sic
669 2101 849 2150 diligeret
880 2103 940 2138 vel
973 2101 1121 2147 odiret3
1168 2110 1204 2137 et
1237 2103 1308 2138 hec
1353 2101 1460 2138 racio
1499 2114 1622 2150 quare
1655 2103 1787 2150 Augu-

477 2159 603 2196 stinus
655 2168 692 2196 et
738 2159 858 2195 ceteri
903 2159 1029 2196 sancti
1064 2168 1220 2207 ponunt
1261 2161 1382 2207 ydeas
1427 2168 1581 2196 eternas
1625 2159 1664 2196 in
1704 2162 1787 2196 Deo

479 2226 681 2254 creaturas
714 2217 911 2265 quaslibet
944 2217 1225 2265 exemplantes.

536 2277 583 2311 Et
617 2287 660 2311 ex
692 2275 767 2311 isto
801 2274 967 2323 quidam
1003 2275 1141 2311 fideles
1181 2274 1343 2311 eliciunt
1377 2276 1485 2322 quod
1520 2275 1646 2311 deitas
1678 2287 1786 2311 crea·
1803 2275 1842 2308 35

479 2342 609 2369 turam
658 2332 902 2381 peccabilem
950 2341 991 2368 ut
1026 2334 1185 2368 Petrum
1232 2341 1396 2380 propter
1428 2342 1637 2380 peccatum
1671 2345 1785 2369 suum

480 2390 518 2426 in
542 2390 792 2427 successione
816 2390 1009 2438 temporis
1043 2402 1121 2426 non
1155 2390 1282 2438 diligit
1306 2391 1393 2438 plus
1426 2391 1485 2426 vel
1519 2390 1663 2437 minus,
1697 2403 1786 2426 curn

1897 1811 1910 1828 d

470 2452 638 2485 ”necesse
671 2448 720 2484 sit
743 2450 869 2484 Deum
903 2448 1014 2484 odire
1046 2456 1256 2496 peccatum
1292 2447 1396 2484 Petri
1431 2457 1467 2484 et
1499 2448 1597 2485 velle
1630 2460 1787 2496 semper

548 2620 567 2639 1.
588 2612 633 2639 A:
654 2611 796 2647 diligere.
888 2619 915 2646 9.
937 2613 964 2639 A
985 2612 1013 2639 in
1036 2619 1148 2647 marg:
1173 2612 1254 2647 Quid
1275 2615 1320 2639 est
1337 2612 1474 2647 diligere
1493 2611 1523 2639 in
1543 2619 1599 2639 sua
1620 2611 1785 2646 analogia.

478 2655 511 2674 11.
533 2647 577 2673 A:
599 2649 644 2673 est
665 2647 759 2672 deest.
835 2645 936 2673 12—13.
960 2647 1004 2674 A:
1036 2647 1303 2682 et—Augustinus
1323 2646 1421 2673 twice.
1512 2654 1550 2681 17.
1571 2647 1600 2673 A
1620 2646 1650 2673 in
1672 2654 1784 2680 marg:

476 2698 603 2725 dt'leccio
626 2682 639 2747 ¹5
663 2680 813 2741 {zsszeJZfa'
905 2699 950 2725 26.
977 2699 1005 2724 A
1026 2698 1055 2725 in
1076 2706 1188 2733 marg:
1217 2698 1298 2733 quod
1318 2698 1398 2725 Deus
1426 2698 1601 2725 necessario
1620 2697 1700 2725 sicut
1716 2697 1785 2725 dili-

477 2750 527 2784 git
545 2753 708 2776 creaturas
728 2750 772 2776 sic
791 2749 856 2776 odit
873 2752 1011 2784 peccata.
1093 2748 1133 2776 35.
1155 2751 1182 2777 A
1203 2750 1231 2776 in
1254 2757 1367 2784 marg:
1389 2749 1471 2788 quod
1490 2750 1587 2776 deitas
1607 2756 1668 2776 non
1683 2752 1787 2788 potest

476 2785 637 2819 quicquam
657 2784 794 2818 incipere
822 2784 959 2816 diligere
985 2785 1034 2811 vel
1052 2784 1151 2811 odire.
1277 2783 1321 2818 37.
1342 2785 1370 2811 A
1391 2792 1419 2811 in
1443 2792 1556 2823 marg:
1578 2784 1661 2818 quod
1686 2784 1785 2810 denas

475 2823 652 2846 creaturam
668 2818 853 2853 peccabilem
872 2819 902 2845 in
921 2819 1111 2846 successione
1138 2819 1296 2854 temporiis
1314 2826 1374 2846 non
1394 2818 1503 2854 diligtt
1523 2819 1592 2853 plus
1609 2819 1658 2845 vel
1676 2819 1782 2845 minuc.
