1986 3289
172 212 218 245 ¹4

184 322 319 356 Religion
342 325 423 348 must

166 357 202 383 be
221 357 251 383 in
271 358 322 383 the
342 356 428 383 heart

194 391 254 417 and
275 391 301 417 is
322 395 376 417 not
396 398 411 417 a

222 430 331 452 matter
350 425 385 452 of

172 460 313 487 outward
334 461 429 494 signs.

227 2172 304 2198 How
326 2172 375 2198 the

195 2207 352 2241 plmrisees
373 2207 407 2233 of

179 2243 284 2277 to-da)v
307 2242 427 2268 deceive

210 2278 259 2303 the
282 2277 389 2310 people

765 209 884 240 opus
909 208 1246 241 EVANGELICUM
1275 210 1358 241 ΜΒ.
1385 210 1437 240 111.
1583 198 1689 253 [CAP.
1717 208 1770 235 iv.

513 313 682 350 Videtur
714 316 823 363 quod
856 315 928 351 iste
961 325 1121 352 sanctus
1144 316 1366 352 sentenciat
1390 316 1623 364 religionem
1650 329 1771 364 quam

456 371 637 408 Christus
670 374 868 421 approbat
891 382 997 409 stare
1029 372 1070 409 in
1103 374 1223 410 corde
1256 383 1292 410 et
1325 386 1405 410 non
1429 375 1774 422 preponderanter

454 427 494 464 in
528 429 649 477 signis
683 430 908 475 sensilibus,
942 431 1047 467 sicut
1077 431 1151 468 fuit
1182 431 1222 467 in
1254 440 1425 480 utraque
1464 432 1562 480 lege,
1608 433 1772 480 quando

454 488 627 534 populus
680 501 702 524 a
755 489 932 525 medulla
983 498 1267 537 preceptorum
1314 489 1477 526 Domini
1531 489 1770 526 declinabat.

454 543 565 581 Sicut
598 545 703 581 enim
738 548 845 583 Deus
879 554 1015 583 noster
1047 556 1105 584 est
1138 549 1245 583 Deus
1275 547 1517 583 insensibilis
1541 556 1578 583 et
1601 546 1772 583 instituit

452 601 701 640 insensibilia
734 616 818 640 esse
850 612 1060 652 tamquam
1096 605 1263 641 meliora
1296 605 1436 653 pocius
1460 606 1682 651 adoranda,
1717 605 1772 641 sic

452 660 535 696 vult
582 661 819 709 religionem
865 674 978 699 suam
1023 671 1129 699 stare
1174 662 1214 698 in
1249 672 1393 707 mente,
1441 662 1480 702 in
1513 675 1592 711 qua
1626 662 1772 699 caritas

452 726 511 754 est
542 719 722 764 fundata,
769 729 806 756 et
839 733 920 756 non
952 719 1128 768 ydiotice
1162 720 1200 757 in
1234 721 1309 757 hiis
1342 720 1464 768 signis
1499 720 1770 765 sensibilibus,

452 775 554 813 sicut
598 777 808 814 sensibiles
842 791 864 814 a
897 778 982 826 lege
1015 778 1087 815 Dei
1133 778 1378 815 declinantes
1425 779 1475 814 ad
1518 779 1697 815 seculum
1733 778 1772 814 in

453 833 531 870 fine
563 835 775 884 utriusque
808 836 1038 872 testamenti
1072 845 1282 884 tamquam
1305 836 1486 885 ypocrite
1518 835 1768 873 factitabant.

452 893 654 929 Debemus
703 893 809 930 enim
856 894 1032 930 recolere
1072 895 1277 943 quomodo
1318 896 1541 930 humanum
1577 906 1700 942 genus
1732 894 1772 930 in

452 951 533 986 Eva
576 963 647 998 per
680 964 789 988 esum
825 952 935 999 pomi
969 951 1080 988 vetiti
1115 961 1172 988 est
1205 953 1419 1000 deceptum
1483 961 1520 988 et
1566 953 1772 1000 quomodo

452 1019 513 1044 res
536 1008 786 1046 insensibiles
810 1018 851 1045 ut
885 1009 1034 1046 sanitas
1065 1010 1105 1046 in
1139 1009 1315 1056 homine,
1349 1010 1484 1046 anima
1516 1009 1554 1045 in
1590 1022 1770 1058 corpore,

452 1075 489 1102 et
523 1068 629 1103 Deus
676 1067 716 1104 in
750 1069 901 1104 mundo
946 1067 1014 1116 qui
1048 1076 1106 1104 est
1139 1068 1485 1116 complementum
1519 1080 1589 1104 sue
1621 1067 1774 1103 fabrice

452 1133 543 1160 sunt
576 1126 693 1161 rebus
726 1125 982 1162 sensibilibus
1016 1126 1202 1162 meliores
1236 1135 1273 1162 et
1306 1138 1376 1173 per
1400 1137 1650 1174 consequens
1684 1125 1773 1162 reli-

452 1181 516 1229 gio
561 1195 682 1231 quam
718 1185 823 1219 Deus
868 1183 908 1220 in
940 1193 1112 1232 utraque
1145 1197 1217 1221 sua
1250 1184 1336 1231 lege
1369 1183 1477 1231 eligit
1510 1184 1700 1220 fundatur
1733 1183 1773 1218 in

452 1239 587 1277 animo
620 1241 661 1278 in
695 1254 775 1290 quo
800 1244 904 1278 Deus
928 1242 1010 1278 vult
1034 1243 1254 1278 secundum
1288 1253 1519 1289 supremam
1553 1241 1771 1278 volutivam

451 1298 681 1345 potenciam
735 1309 772 1336 et
817 1301 1040 1336 secundum
1095 1312 1325 1347 supremam
1379 1299 1568 1336 virtutem
1622 1299 1773 1336 scilicet

452 1356 660 1393 caritatem
694 1357 887 1394 sincerius
910 1357 1041 1405 ipsum
1067 1358 1156 1403 coli,
1191 1359 1259 1394 sed
1283 1356 1515 1394 horninibus
1539 1357 1773 1393 declinanti-

452 1415 524 1450 bus
563 1416 613 1451 ad
646 1415 923 1452 inordinatum
959 1428 1138 1452 amorem
1173 1416 1311 1451 mundi
1357 1415 1568 1460 sensibilis,
1614 1427 1774 1452 necesse

452 1480 508 1508 est
541 1474 649 1520 quod
688 1473 729 1510 in
761 1473 838 1510 ista
870 1486 971 1521 pura
1004 1473 1196 1520 religione
1242 1473 1432 1510 deficiant
1466 1482 1503 1509 et
1536 1472 1772 1521 religionem

451 1530 572 1567 aliam
616 1531 825 1568 fundatam
859 1531 899 1567 in
929 1531 1182 1568 sensibilibus
1216 1540 1383 1579 propter
1426 1530 1642 1579 ypocrisim
1691 1544 1775 1567 am-

452 1589 691 1636 plectantur.
739 1592 787 1626 Et
833 1589 935 1626 sicut
980 1589 1159 1638 religiosi
1204 1589 1244 1625 in
1290 1589 1367 1626 fine
1407 1589 1504 1637 legis
1537 1589 1682 1625 veteris
1715 1601 1774 1625 se-

452 1647 646 1683 duxerant
689 1648 885 1695 populum
926 1647 965 1684 in
1005 1648 1174 1694 duobus,
1220 1647 1370 1684 scilicet
1409 1647 1450 1683 in
1481 1646 1705 1695 philateriis
1739 1655 1776 1683 et

452 1704 632 1751 fimbriis,
666 1705 722 1742 sic
755 1705 931 1754 religiosi
964 1705 1091 1741 nostri
1125 1705 1329 1753 decipiunt
1368 1704 1776 1753 proporcionabiliter

452 1763 646 1810 populum
693 1763 733 1799 in
781 1763 856 1800 hiis
906 1763 1044 1812 signis.
1096 1763 1207 1800 Sicut
1253 1763 1358 1799 enim
1413 1763 1590 1799 declarat
1635 1764 1775 1799 Petrus

452 1821 681 1857 Comestor:
728 1822 943 1857 Plzilateria
991 1829 1103 1857 erant
1141 1833 1267 1870 parve
1305 1821 1556 1858 menbranule
1589 1821 1708 1871 ligate
1740 1821 1775 1856 in

450 1878 606 1915 sinistro
657 1880 816 1915 brachio
862 1880 914 1915 ad
957 1879 1179 1915 intuendum
1221 1880 1451 1929 decalogum
1485 1879 1775 1924 mandatorum,

452 1937 504 1971 ad
532 1937 797 1987 figurandum
842 1938 944 1986 quod
982 1938 1074 1986 plus
1124 1937 1261 1973 ceteris
1305 1938 1486 1973 amabant
1530 1937 1773 1987 decalogum,

452 1994 507 2030 sic
541 1991 601 2047 (ut
633 1995 698 2031 hic
730 2004 867 2031 narrat
898 1991 1152 2048 Jeronymus)
1187 1996 1389 2031 habebant
1422 1995 1462 2030 in
1495 1994 1625 2031 fronte
1656 1994 1773 2030 istam

454 2053 761 2089 menbranulam
797 2053 1025 2101 colligatam
1062 2062 1098 2089 et
1139 2053 1273 2089 multis
1298 2052 1427 2089 modis
1451 2061 1493 2088 ut
1516 2065 1586 2100 per
1609 2053 1773 2088 modum

454 2122 602 2147 corone
634 2120 837 2159 patentem
872 2111 997 2147 oculis
1031 2112 1080 2147 ad
1113 2111 1218 2147 idem
1253 2110 1471 2158 ypocritice
1505 2111 1774 2158 figurandum.

514 2170 561 2204 Et
594 2168 697 2205 sicut
730 2170 903 2205 mundus
938 2177 974 2204 et
1007 2181 1078 2217 per
1111 2181 1361 2217 consequens
1395 2169 1618 2204 humanum
1651 2180 1775 2215 genus

456 2238 499 2262 ex
553 2226 695 2263 maiori
749 2228 905 2264 cautela
958 2226 1108 2263 diaboli
1148 2226 1330 2275 procedit
1383 2226 1422 2262 in
1453 2228 1458 2287 1
1485 2226 1669 2272 deterius,
1719 2225 1775 2261 sic

456 2284 630 2331 pharisei
678 2284 796 2321 hodie
843 2285 1039 2321 deludunt
1083 2285 1235 2333 populo
1280 2284 1460 2321 fallacius
1512 2284 1552 2320 in
1604 2284 1772 2320 duobus.

454 2342 565 2379 Sicut
598 2342 704 2378 enim
731 2342 912 2379 Christus
940 2355 1020 2379 non
1054 2343 1150 2379 dicit
1184 2344 1231 2379 de
1264 2342 1380 2379 sectis
1406 2341 1610 2378 hodiernis
1636 2354 1773 2389 repro-

455 2400 534 2436 bis:
576 2400 712 2436 Omnia
744 2413 964 2450 quecunque
987 2401 1161 2437 dixerint
1184 2401 1289 2437 vobis
1321 2401 1388 2436 lzec
1410 2407 1564 2436 servate
1585 2407 1621 2435 et
1634 2400 1773 2448 facite,

525 2525 545 2544 ι.
566 2518 595 2544 Α
615 2517 644 2544 iu
668 2525 780 2552 marg:
801 2516 971 2544 Jolmnnes.
1079 2516 1103 2544 5.
1131 2518 1175 2543 A:
1203 2520 1309 2543 noster
1329 2520 1374 2543 est
1394 2516 1476 2543 Deus
1496 2516 1590 2543 deest.
1681 2515 1707 2541 ὃ.
1729 2516 1772 2543 A:

454 2552 623 2579 fundanda.
698 2561 738 2585 14.
761 2553 805 2579 A:
828 2555 856 2579 el
876 2552 970 2578 deest.
1046 2559 1087 2586 19.
1121 2553 1164 2578 A:
1197 2552 1276 2585 ψεῖ,-
1302 2551 1341 2578 ib.
1371 2551 1407 2578 13:
1437 2552 1502 2578 celi.
1586 2549 1630 2583 23,
1652 2558 1699 2583 24.
1730 2553 1773 2576 A:

453 2587 653 2613 ⁴veduxerzmz‘.
737 2585 783 2618 34.
804 2589 848 2614 A:
870 2590 898 2613 et
919 2587 1013 2613 deest.
1099 2584 1146 2619 36,
1167 2585 1210 2620 37.
1231 2587 1276 2613 A:
1298 2586 1451 2620 reprobel.
1542 2584 1586 2620 37.
1608 2585 1691 2612 vobis
1709 2592 1774 2611 ,ver-

453 2624 522 2647 vate
542 2622 688 2656 etsacile
707 2625 736 2648 et
750 2624 983 2656 pervertuntur.
1076 2620 1118 2656 37.
1140 2622 1184 2648 A:
1206 2624 1329 2647 servate
1348 2623 1377 2647 et
1396 2621 1488 2647 deest.

526 2693 578 2725 26.
617 2694 668 2725 Cf.
702 2694 791 2725 Petr.
832 2694 1046 2726 Comestoris
1089 2694 1175 2724 Hist.
1216 2693 1349 2734 Evang.
1392 2692 1477 2734 Cap.
1516 2692 1700 2723 CXXXIII:
1744 2692 1772 2721 A

451 2740 603 2780 philaxe
622 2741 718 2780 quod
747 2746 797 2770 est
824 2750 969 2772 servare
996 2746 1028 2770 et
1054 2745 1165 2774 torae,
1192 2740 1288 2780 quod
1310 2745 1361 2770 est
1389 2739 1452 2769 lex.
1479 2738 1647 2769 Rotulum
1680 2738 1770 2768 enim

454 2786 630 2817 habebant
656 2787 913 2827 appendentem
951 2786 1042 2817 collo
1069 2786 1122 2816 vel
1150 2785 1306 2823 brachio,
1345 2786 1377 2815 in
1414 2795 1485 2826 quo
1518 2785 1642 2825 scripta
1676 2790 1773 2814 erant

458 2833 576 2863 decem
606 2839 767 2873 precepta
796 2832 881 2873 legis
909 2855 916 2862 .

1792 846 1831 867 -10

1793 1124 1830 1155 15

1791 1430 1833 1451 20

1792 1712 1832 1744 25

1791 2284 1830 2317 35
