1986 3289
179 213 251 249 162

195 552 261 579 The
284 551 366 586 body
387 550 421 577 of

203 586 307 614 Christ
327 586 357 613 in
378 586 427 613 the

222 622 292 648 host
311 621 337 647 is
358 625 411 647 not

225 655 342 690 subject
362 660 392 682 to

206 690 336 724 motion,
358 690 411 717 but

183 733 269 752 some
290 725 429 759 spiritual

199 760 315 794 change
333 759 418 786 takes

206 795 290 830 place
310 794 340 821 in
361 794 411 821 the

218 829 288 856 host
306 828 396 856 itself.

175 2181 241 2208 The
261 2181 403 2215 question
426 2181 451 2208 is

199 2220 251 2243 not
271 2224 304 2243 as
324 2220 354 2242 to
376 2216 425 2242 the

211 2259 357 2284 presence
377 2251 412 2278 of

187 2285 319 2313 Christ's
343 2285 436 2321 body,

772 218 890 250 OPUS
916 217 1252 249 EVANGELICUM
1281 217 1364 249 LIB.
1391 218 1444 249 ΙΙΙ.
1539 205 1775 259 [CAP·XL1V-

460 324 600 361 talium
643 323 824 372 parcium
859 323 1094 360 collocatur.
1130 322 1207 369 Qui
1241 323 1345 360 enim
1381 323 1587 372 cognoscit
1611 323 1778 372 dispari-

459 391 581 419 tatem
616 381 732 418 huius
775 381 1067 430 predicacionis
1098 380 1280 429 triplicis,
1314 381 1443 418 noscit
1474 390 1639 429 propter
1669 381 1778 430 equi-

458 440 717 477 vocacionem
752 439 1047 488 predicacionis
1080 441 1189 488 quod
1222 452 1301 476 non
1333 448 1392 476 est
1425 440 1536 476 color
1568 439 1609 475 in
1642 439 1778 476 huius-

461 498 571 535 modi
604 497 895 546 paralogismo.

519 559 567 592 Et
600 568 671 604 per
704 557 781 592 hoc
814 557 1079 604 respondetur
1109 556 1158 592 ad
1182 554 1412 603 questiones
1436 554 1581 603 quibus
1605 564 1778 603 querunt

461 613 647 662 discipuli
678 613 915 651 Antichristi
949 622 1082 650 utrum
1119 626 1264 661 corpus
1288 612 1435 649 Christi
1468 614 1579 649 sedet
1607 614 1669 650 vel
1701 622 1778 650 stat

461 672 501 708 in
545 672 631 720 ipsa
676 672 806 708 hostia
856 680 1102 709 consecrata.
1162 673 1264 707 Nam
1317 684 1461 719 corpus
1507 671 1654 708 Christi
1704 683 1779 708 nec

460 732 571 767 sedet
620 741 692 766 nec
744 738 821 766 stat
878 729 1027 766 ibidem
1074 741 1146 765 nec
1192 737 1374 765 movetur
1424 729 1485 765 vel
1528 730 1685 766 locatur
1729 731 1778 766 ad

462 796 617 824 motum
664 787 777 824 istius
822 787 951 824 hostie
996 795 1242 832 consecrate,
1295 787 1391 835 quia
1435 799 1581 835 corpus
1629 786 1778 824 Christi

461 845 630 894 quiescit
693 845 733 881 in
797 846 882 882 celo
945 854 1076 882 stante
1125 844 1435 881 consecracione
1490 844 1596 881 illius
1648 845 1778 882 hostie

460 903 563 940 sicut
596 904 718 952 prius.
762 905 876 941 Unde
915 904 1016 940 solet
1060 902 1172 951 queri
1218 903 1487 939 communiter
1525 916 1603 951 qua
1646 903 1778 951 specie

461 971 594 999 motus
627 962 771 999 virtute
816 961 928 998 istius
973 960 1294 998 consecracionis
1346 962 1418 997 hec
1470 960 1602 997 hostia
1646 973 1779 998 move-

461 1029 571 1064 atur3
621 1029 658 1056 et
706 1019 843 1056 dicunt
887 1019 1000 1056 multi
1060 1020 1169 1067 quod
1212 1018 1359 1055 virtute
1404 1018 1517 1055 istius
1572 1031 1779 1056 consecra-

463 1077 588 1115 cionis
634 1090 716 1115 non
760 1078 890 1114 solum
937 1078 1009 1114 hec
1057 1076 1202 1122 hostia,
1244 1089 1380 1125 ymmo
1426 1089 1571 1125 corpus
1616 1077 1779 1114 Domini

463 1145 520 1173 est
566 1145 760 1182 creatum,
813 1135 881 1172 alii
929 1144 1063 1172 autem
1113 1135 1221 1183 quod
1266 1143 1449 1171 movetur
1492 1136 1561 1171 sed
1604 1135 1780 1172 nescitur

464 1207 543 1242 qua
576 1195 707 1241 specie
741 1202 874 1230 motus
907 1193 983 1230 nisi
1017 1194 1125 1242 quod
1159 1201 1217 1229 est
1250 1192 1426 1229 mutacio
1449 1194 1584 1229 dextre
1618 1193 1778 1241 excelsi3

463 1265 534 1288 nos
579 1260 712 1288 autem
761 1251 1026 1300 probabiliter
1070 1250 1271 1288 credimus
1316 1251 1425 1299 quod
1469 1251 1613 1287 virtute
1666 1251 1779 1288 istius

464 1309 786 1347 consecracionis
835 1322 981 1358 corpus
1015 1308 1177 1346 Domini
1223 1322 1303 1345 non
1350 1317 1546 1352 movetur,
1594 1321 1683 1346 cum
1730 1311 1779 1346 ad

464 1367 708 1405 relacionem
744 1369 964 1405 secundum
1000 1366 1256 1404 Aristotelem
1292 1379 1372 1403 non
1407 1375 1465 1403 est
1499 1377 1646 1415 motus,
1680 1367 1781 1404 sicut

463 1426 589 1474 postis
627 1435 759 1474 potest
799 1438 882 1462 esse
916 1425 1037 1462 michi
1072 1427 1218 1470 dexter,
1252 1433 1467 1473 postquam
1502 1424 1576 1462 fuit
1606 1424 1812 1471 sinister‚2

464 1484 548 1520 sine
581 1485 657 1520 hoc
681 1486 789 1532 quod
822 1484 888 1521 ille
922 1483 1047 1532 postis
1080 1485 1130 1519 ad
1163 1484 1238 1519 hoc
1271 1482 1526 1531 aliquatenus
1559 1492 1779 1523 moveatur,

464 1541 835 1590 Proporcionaliter
867 1551 1000 1578 autem
1042 1541 1256 1578 dicendum
1298 1550 1354 1577 est
1389 1542 1436 1577 de
1476 1540 1662 1578 mocione
1695 1554 1781 1578 cor-

463 1600 573 1648 poris
613 1600 776 1636 Domini
815 1599 855 1635 in
894 1599 1025 1636 hostia
1065 1607 1317 1646 consecrata3
1363 1601 1431 1635 sed
1471 1599 1679 1647 probabile
1725 1608 1781 1636 est

464 1659 574 1706 quod
622 1658 724 1694 sicut
770 1658 810 1694 in
855 1658 1134 1706 adquisicione
1177 1658 1237 1693 vel
1291 1656 1526 1705 perdicione
1570 1657 1780 1693 relacionis

464 1724 625 1764 oportet
669 1718 776 1764 quod
824 1725 1042 1752 extremum
1085 1716 1256 1752 alterum
1295 1716 1356 1751 vel
1402 1727 1547 1763 corpus
1593 1716 1780 1752 adiacens

466 1782 689 1820 moveatur,
723 1774 779 1811 sic
803 1776 853 1810 ad
877 1775 952 1810 hoc
976 1775 1084 1822 quod
1118 1773 1184 1810 ille
1216 1773 1331 1821 panis
1365 1773 1415 1809 sit
1448 1786 1593 1821 corpus
1617 1773 1780 1809 Domini

464 1840 626 1880 oportet
665 1834 773 1880 quod
819 1832 885 1868 ille
930 1831 1044 1880 panis
1089 1832 1150 1868 vel
1194 1831 1357 1879 aliquod
1403 1844 1547 1879 corpus
1593 1831 1780 1867 adiacens

467 1898 689 1933 moveatur,
715 1889 810 1938 quia
834 1898 993 1938 oportet
1017 1891 1124 1938 quod
1148 1891 1334 1926 sacerdos
1359 1901 1598 1926 consecrans
1624 1897 1781 1926 moveat

467 1947 573 1984 labia
607 1960 676 1983 sua
710 1948 770 1984 vel
802 1948 1050 1985 intellectum
1087 1957 1124 1984 et
1146 1947 1313 1984 omnino
1338 1947 1496 1983 Christo
1520 1955 1781 1984 consecrante

467 2006 577 2042 illam
623 2005 795 2042 hostiam
841 2014 1001 2054 oportet
1047 2007 1155 2054 quod
1195 2005 1282 2053 ipsa
1322 2006 1626 2053 quodammodo
1664 2004 1780 2053 spiri-

466 2063 628 2100 tualiter
661 2064 866 2110 alteretur,
917 2064 1010 2112 quia
1043 2072 1132 2111 post
1165 2063 1516 2100 consecracionem
1551 2072 1607 2100 est
1642 2063 1783 2099 melior

467 2134 588 2170 quam
624 2122 755 2158 fuerat
788 2131 965 2169 perante.

525 2181 572 2216 Et
605 2192 675 2227 per
708 2180 780 2216 hec
814 2179 960 2216 dicitur
993 2180 1042 2216 ad
1077 2178 1328 2228 questionem
1364 2178 1572 2215 cuiusdam
1607 2178 1783 2215 doctoris

467 2237 673 2285 querentis
713 2237 744 2273 si
785 2237 850 2273 ille
890 2237 1007 2285 panis
1046 2237 1096 2273 sit
1134 2236 1329 2273 veraciter
1363 2249 1509 2284 corpus
1543 2236 1690 2273 Christi
1722 2237 1783 2273 vel

467 2295 497 2331 si
547 2308 693 2343 corpus
727 2295 874 2332 Christi
914 2294 1179 2343 spiritualiter
1218 2295 1266 2330 sit
1308 2294 1348 2330 in
1387 2294 1455 2331 illo
1494 2307 1597 2343 pane
1636 2294 1784 2330 solum-

467 2354 603 2399 modo,
637 2353 738 2389 sicut
772 2354 872 2389 solet
906 2353 982 2389 dici
1017 2354 1124 2401 quod
1158 2365 1302 2401 corpus
1336 2352 1482 2389 Christi
1517 2361 1574 2388 est
1606 2352 1646 2388 in
1680 2352 1783 2389 acci-

467 2412 585 2447 dente
630 2411 715 2447 sine
764 2411 957 2447 subiecto.
1004 2410 1078 2447 Hic
1124 2411 1273 2447 dictum
1321 2419 1378 2446 est
1419 2411 1526 2459 quod
1564 2410 1629 2447 ille
1669 2410 1783 2458 panis

467 2468 534 2516 qui
571 2477 628 2505 est
662 2468 701 2504 in
735 2468 801 2505 illa
837 2469 966 2505 hostia
1001 2477 1057 2505 est
1081 2481 1170 2505 vere
1194 2477 1231 2505 et
1260 2468 1422 2505 realiter
1452 2481 1595 2516 corpus
1620 2467 1782 2514 Christi,

535 2608 558 2636 5.
581 2610 609 2635 A
630 2609 658 2635 in
683 2617 798 2643 marga
824 2609 957 2643 Queslio.
1067 2617 1092 2643 7.
1123 2609 1149 2634 Λ
1172 2608 1200 2635 in
1225 2616 1327 2642 marg:
1348 2608 1529 2643 Responsio.
1604 2616 1641 2634 12.
1664 2606 1783 2635 Codd.:

465 2651 527 2670 non
555 2644 654 2670 solum
683 2644 738 2670 ltec
772 2644 886 2670 nostia.
996 2652 1028 2670 ιι.
1058 2644 1086 2670 Α
1113 2644 1142 2670 in
1174 2651 1287 2677 marg:
1320 2643 1453 2678 Questz'o.
1483 2642 1598 2670 Codd.:
1631 2642 1783 2669 localiter.

467 2677 576 2711 13—14.
604 2679 648 2705 A:
677 2678 730 2704 hec
749 2678 850 2705 hostia
865 2686 969 2712 ymmo
991 2686 1103 2712 corpur
1124 2678 1251 2704 Domini
1275 2681 1318 2704 est
1339 2681 1486 2710 creatum,
1506 2677 1565 2703 alii
1583 2680 1684 2704 autem
1704 2676 1786 2711 quod

464 2715 604 2739 movetur
625 2713 679 2739 hec
698 2713 801 2739 lzoslicz
823 2722 871 2739 see
893 2713 1000 2739 below.
1085 2711 1122 2740 13.
1145 2713 1172 2740 A
1193 2712 1223 2739 in
1248 2720 1362 2747 marg:
1384 2711 1567 2747 Responsio.
1641 2710 1683 2738 33.
1704 2712 1732 2738 A
1753 2710 1781 2737 in

468 2755 582 2781 marga
607 2746 744 2782 Questt'o.
836 2746 879 2782 37.
901 2748 930 2774 A
946 2747 975 2773 iu
998 2755 1111 2782 marg:
1133 2747 1315 2782 Responsio.

542 2830 591 2862 15.
620 2829 673 2861 Cf.
700 2830 750 2862 De
776 2829 1003 2870 Eucharistia‚
1032 2840 1108 2872 pag.
1138 2830 1190 2872 39.

1795 558 1811 589 5

1800 858 1838 879 10

1800 1137 1835 1169 15

1797 1716 1837 1748 25

1799 2295 1840 2327 35
