1986 3289
142 217 218 250 114

158 965 224 993 The
246 964 386 999 spiritual

165 1008 253 1027 sense
274 1000 308 1026 of
324 1000 374 1026 the

220 1035 324 1073 things

150 1069 335 1105 prophcsted
357 1069 374 1096 b

162 1105 267 1131 Christ
287 1104 313 1131 is
334 1104 384 1131 the

136 1144 217 1166 most
231 1139 410 1174 important.

218 1660 323 1696 &Vax-s,

183 1697 376 1731 pestilences,

172 1732 291 1765 hunger
311 1732 369 1759 and

176 1767 378 1801 earthquakes

188 1802 264 1828 have
286 1803 360 1829 been

199 1837 349 1872 frequent.

199 2255 346 2289 Spiritual

179 2290 321 2323 meaning
341 2289 372 2316 ot

166 2325 249 2351 these
270 2324 383 2359 things,

747 210 865 242 opus
891 208 1228 241 EVANGELICUM
1257 207 1341 240 ΜΒ.
1368 208 1421 240 111.
1496 195 1607 250 [CAP.
1628 204 1737 234 xxxt.

426 317 633 359 reservari,
658 317 764 353 cuius
786 317 939 367 signum
959 316 1165 366 perspicue
1179 316 1215 352 in
1232 315 1544 364 consequentibus
1560 315 1741 365 ponitur.-

425 376 571 426 Surget
602 387 700 425 gens
732 382 866 411 contra
894 382 1049 425 gentem
1072 381 1107 410 et
1130 386 1294 425 regnum
1319 381 1455 410 contra
1480 386 1644 424 regnum
1669 381 1739 409 etc.

424 433 511 468 Non
543 433 701 484 ambigo
734 440 769 468 et
801 433 869 469 lzec
900 433 1050 481 quidem
1076 433 1222 481 futura
1256 443 1326 481 que
1355 432 1503 481 scripta
1534 438 1643 476 sunt,·
1674 431 1742 467 sed

425 491 542 527 michi
572 491 725 526 videtur
757 503 922 541 regnum
956 497 1091 526 contra
1114 503 1280 541 regnum
1304 497 1339 526 et
1356 489 1583 539 pestilencia
1607 501 1740 525 eorum

424 560 586 597 quorum
619 561 748 584 sermo
779 549 899 597 serpit
936 556 975 584 ut
1007 561 1147 585 cancer
1186 556 1220 584 et
1240 549 1378 597 fames
1415 547 1599 583 audiendi
1636 547 1774 583 verbi5

428 607 501 642 Dei
531 614 565 642 et
597 607 807 643 commocio
841 607 1019 642 universe
1050 614 1156 643 terre
1188 613 1223 643 et
1253 619 1275 642 a
1309 618 1402 642 vera
1423 605 1510 656 fide
1539 605 1742 655 separacio

424 665 460 700 in
493 665 674 701 hereticis
706 665 834 716 magis
866 665 1043 715 intelligi,
1088 665 1154 714 qui
1190 672 1326 701 contra
1365 676 1406 700 se
1437 663 1597 700 invicem
1632 663 1743 699 dimi-

424 730 553 759 cantes
585 724 742 759 ecclesie
774 723 979 759 victoriam
1001 723 1174 772 faciunt.
1210 723 1326 767 Quod
1354 729 1481 758 autem
1506 722 1627 758 dixit.-
1658 720 1743 757 Hec

423 788 550 817 autem
596 782 722 817 omnia
767 781 878 818 inicia
921 789 1011 817 sunt
1054 781 1249 827 dolorum,
1305 780 1442 816 melius
1485 780 1742 828 transfertur,

418 839 755 888 parturicz'onum:
787 847 828 875 ut
859 839 969 888 quasi
998 846 1200 888 conceptus
1231 839 1386 887 quidam
1420 838 1606 874 adventus
1638 837 1801 873 Anti-10

425 897 564 933 christi
594 910 666 933 non
694 905 838 946 partus
870 898 1125 948 intelligatur.
1164 899 1247 933 Hec
1279 898 1532 944 Jeronymus.

483 955 651 991 Videtur
690 955 813 992 istum
852 964 1037 992 sanctum
1073 955 1291 1003 concipere
1324 956 1433 1003 quod
1465 954 1542 991 ista
1575 967 1640 991 sex
1671 966 1743 1002 per

427 1013 610 1050 ordinem
646 1027 668 1050 a
691 1014 866 1050 Domino
899 1015 1141 1062 prophetata
1174 1012 1343 1060 intelligi
1377 1014 1523 1049 debent
1556 1012 1743 1060 spiritua-

378 1077 397 1105 y
426 1071 534 1119 liter3
568 1080 605 1108 et
634 1071 666 1108 si
699 1071 964 1120 corporaliter
994 1071 1142 1108 fuerint
1164 1084 1269 1117 vera,
1303 1071 1380 1107 hoc
1413 1072 1530 1107 debet
1561 1069 1742 1117 intelligi,

426 1138 469 1165 ut
492 1130 755 1177 spiritualiter
777 1131 866 1178 plus
896 1139 1101 1168 notentur.
1136 1131 1251 1166 Unde
1281 1142 1303 1165 a
1333 1138 1516 1177 tempore
1538 1127 1799 1176 Jeronymi15

426 1200 553 1235 usque
598 1188 718 1224 hodie
757 1188 834 1225 ista
873 1188 1138 1237 corporaliter
1176 1196 1469 1234 successerunt,
1517 1200 1606 1223 cum
1647 1198 1742 1234 gens

427 1257 520 1294 sepe
573 1255 799 1282 surrexerat
853 1256 993 1283 contra
1039 1254 1214 1294 gentem,
1267 1254 1311 1282 ut
1355 1245 1488 1282 vocati
1522 1243 1742 1282 Christiani

426 1313 566 1340 contra
607 1306 832 1341 Saracenos
878 1314 915 1341 et
960 1313 1137 1341 econtra.
1184 1306 1232 1340 Et
1276 1313 1382 1340 secte
1426 1303 1655 1340 introducte
1702 1301 1742 1337 in

427 1362 666 1399 christianos
729 1372 873 1410 putant
925 1375 964 1398 se
1017 1371 1197 1410 prestare
1250 1364 1334 1398 Deo
1395 1361 1633 1410 obsequium
1686 1359 1743 1396 sic

424 1422 658 1468 pugnando,
702 1429 746 1456 ut
778 1430 887 1469 patet
931 1422 978 1457 de
1019 1419 1301 1468 Hospitalariis
1342 1429 1379 1456 et
1423 1419 1509 1456 aliis
1549 1418 1743 1456 militibus
1759 1433 1802 1455 20

425 1478 479 1514 eis
503 1478 740 1525 coniunctis,
769 1488 811 1515 ut
835 1479 1037 1516 celebrent
1058 1491 1207 1515 nomen
1231 1491 1360 1514 suum.
1396 1480 1575 1526 Regnum
1608 1485 1742 1514 autem

424 1536 566 1584 Anglie
599 1549 691 1585 sepe
729 1537 902 1573 vidimus
942 1537 1148 1585 insurgere
1188 1545 1327 1573 contra
1360 1548 1527 1584 regnum
1561 1534 1742 1581 Francie,

429 1603 467 1631 et
499 1594 555 1631 sic
589 1596 636 1631 de
668 1595 800 1643 regnis
834 1595 921 1632 aliis
956 1604 1095 1631 contra
1129 1595 1292 1643 Anglos.

486 1655 691 1698 Quantum
736 1655 787 1689 ad
831 1652 1108 1702 pestilenciam
1149 1653 1402 1701 corporalem
1440 1652 1613 1689 vidimus
1655 1664 1743 1688 eam

427 1711 562 1759 sepius
596 1711 810 1759 contigisse
850 1720 887 1748 et
921 1713 969 1748 de
1000 1712 1106 1748 fame
1145 1711 1346 1759 corporali
1386 1723 1478 1759 sepe
1517 1709 1744 1746 audivimus
1760 1714 1800 1747 25

429 1778 465 1805 et
509 1769 551 1805 in
593 1778 706 1817 parte
746 1770 1017 1817 probavimus.
1065 1771 1113 1806 Et
1152 1779 1349 1818 quantum
1389 1771 1439 1806 ad
1478 1776 1742 1805 terremotum

428 1827 654 1864 audivimus
698 1827 831 1876 ipsum
879 1828 1118 1876 generaliter
1162 1827 1203 1863 in
1246 1827 1389 1876 Anglia
1435 1826 1662 1876 contigisse,
1708 1834 1745 1862 et

427 1885 653 1922 audivimus
698 1887 805 1935 quod
850 1886 891 1922 in
936 1886 1067 1934 regnis
1113 1885 1200 1922 aliis
1247 1885 1424 1922 crebrius
1470 1884 1742 1932 contingebat.

427 1945 510 1980 Hec
550 1952 684 1980 autem
723 1944 846 1980 inicia
886 1944 1036 1980 doloris
1075 1953 1284 1992 tamquam
1323 1952 1475 1980 sextum
1517 1942 1741 1991 periculum

425 2002 700 2049 prenosticant
730 2002 1041 2048 Antichristum3
1096 2014 1166 2050 per
1211 2004 1319 2050 quod
1364 2001 1629 2049 supponimus
1682 2000 1741 2036 in·
1759 2000 1800 2032 30

425 2060 571 2096 famem
596 2072 792 2108 paparum
817 2073 1030 2097 numerum
1055 2059 1278 2096 terminari,
1312 2062 1393 2096 Nec
1424 2060 1515 2096 huic
1545 2066 1743 2107 repugnat

425 2120 493 2154 sed
518 2127 713 2154 consonat
737 2131 874 2155 sensus
898 2118 1097 2166 ascriptus
1119 2119 1349 2166 Jeronymo.
1385 2120 1486 2154 Nam
1511 2117 1551 2153 in
1574 2115 1743 2152 materia

426 2176 519 2212 fidei
549 2189 644 2224 gens
673 2177 877 2224 consurgit
911 2186 1052 2213 contra
1086 2177 1269 2222 alteram,
1303 2184 1346 2213 ut
1374 2184 1485 2223 patet
1515 2177 1563 2211 de
1591 2173 1742 2211 vocatis

427 2234 669 2283 christianis,
709 2237 757 2271 de
781 2234 917 2271 Grecis
951 2244 989 2271 et
1022 2234 1232 2271 Saracenis
1266 2246 1356 2270 cum
1391 2233 1527 2270 multis
1557 2232 1644 2269 aliis
1667 2244 1744 2280 que

427 2292 673 2337 audivimus;
709 2301 746 2329 et
769 2292 824 2329 sic
847 2306 970 2328 unum
996 2305 1161 2340 regnum
1188 2292 1357 2340 insurgit
1381 2301 1521 2328 contra
1544 2290 1743 2338 reliquum
1760 2294 1799 2328 35

426 2350 466 2385 in
492 2350 660 2386 materia
677 2350 782 2396 fidei,
808 2360 1023 2399 acceptans
1047 2364 1173 2386 unum
1198 2362 1345 2398 papam
1370 2359 1576 2398 tamquam
1595 2347 1743 2385 Christi

426 2408 635 2459 vicarium,
675 2418 712 2444 et
745 2409 853 2445 aliud
886 2418 1099 2457 acceptans
1132 2409 1253 2445 alium
1289 2417 1496 2456 tamquam
1531 2407 1670 2453 fidem;
1707 2414 1744 2441 et

427 2466 482 2502 sic
527 2476 766 2503 terremotus
814 2468 861 2503 de
906 2466 1164 2515 opinionibus
1216 2466 1429 2503 vacillandi
1474 2466 1515 2501 in
1560 2465 1649 2510 fide,
1702 2463 1744 2499 in

427 2524 524 2561 locis
571 2534 607 2561 et
651 2525 767 2561 sectis
807 2525 988 2573 pluribus
1034 2533 1091 2561 est
1130 2524 1309 2573 auditus;
1356 2533 1392 2560 et
1430 2523 1485 2560 sic
1526 2523 1744 2559 creduntur

498 2691 520 2709 τι,
545 2684 581 2710 ss:
605 2687 634 2711 et
654 2692 782 2720 regnum
804 2688 912 2711 conlra
934 2692 1065 2719 regnum
1085 2683 1181 2710 deest.
1277 2690 1314 2710 12.
1336 2686 1364 2710 A
1385 2683 1413 2710 in
1435 2691 1549 2717 marg:
1570 2682 1740 2709 Jolzannes.

430 2718 527 2756 ¹7:¹3³
550 2722 579 2745 el
598 2721 709 2746 vocali.
783 2727 822 2746 21.
845 2719 881 2745 15:
903 2722 1005 2746 aulem
1032 2719 1125 2746 deest.
1182 2716 1224 2745 23.
1246 2719 1291 2745 A:
1312 2718 1419 2753 regnis
1439 2718 1510 2744 illis.
1567 2716 1611 2751 30,
1640 2715 1679 2743 31.
1702 2716 1741 2742 13:

427 2754 575 2787 insamem
596 2755 690 2780 deest.
777 2753 822 2787 ᾗῇ).
843 2755 887 2780 sic
906 2755 1002 2781 deest.

499 2838 528 2868 3.
557 2838 592 2867 11.
620 2837 711 2868 Tim.
741 2848 771 2868 2.
