1986 3289
194 214 283 241 CAP.
311 205 378 258 xi]
542 216 600 246 DE
627 216 941 248 ANTICHRISTO
971 217 1053 248 ΜΒ.
1081 217 1120 248 11.

1709 233 1730 257 (a
1715 220 1728 230 J

1740 220 1759 245 lx)

1767 221 1788 257 §aa

194 323 337 372 querit;
359 323 510 371 inquam
527 335 594 359 nos
617 322 766 357 omnino
789 323 842 358 sic
865 323 1000 371 querit,
1024 335 1092 359 nos
1114 323 1216 371 ipsos
1238 324 1273 358 in
1292 324 1394 359 illius
1411 336 1502 372 per-

193 381 415 417 turbacione
440 380 636 416 videamus
659 387 698 415 ut
720 381 870 428 quando
889 381 1107 427 turbamur⁷
1135 393 1208 416 non
1232 382 1503 429 desperacione

187 451 408 488 pereamus.
440 438 603 482 Quando
627 439 808 473 turbatur
830 439 894 486 qui
914 450 986 474 non
1016 439 1244 474 turbaretur
1266 439 1338 474 nisi
1359 440 1502 485 volens,

193 509 277 532 eum
311 496 534 532 consolatur
564 497 630 545 qui
660 496 842 531 turbatur
874 503 908 531 et
940 496 1081 532 nolens.

160 556 175 588 5
251 555 417 590 Pereant
459 561 693 604 argumenta
733 554 1054 602 philosophorum
1101 554 1164 602 qui
1195 561 1339 603 negant
1371 554 1407 589 in
1439 567 1501 590 sa-
1552 561 1577 599 It
1598 561 1622 587 is
1644 569 1659 587 a
1680 561 1755 588 false

187 612 354 662 pientem
389 612 528 647 cadere
554 611 874 660 perturbaciones
912 612 1142 648 animorum.
1198 612 1364 647 Stultam
1403 612 1503 660 fecit
1520 595 1792 665 ξξζγιξῖῗιῗειὲγιέἓέῐ

192 671 299 706 Deus
330 669 561 718 sapienciam
595 669 706 704 huius
739 669 873 704 mundi
903 677 938 704 et
971 670 1147 705 dominus
1180 670 1284 705 novit
1323 670 1504 719 cogitaci-
1571 672 1732 726 ‘ltsgtiffiffis

192 740 281 764 ones
313 727 506 764 hominum
541 727 717 775 quoniam
739 739 833 763 vane
855 735 953 764 sunt.
995 728 1187 763 Turbetur
1208 728 1326 776 plane
1353 728 1504 764 animus
1724 721 1729 726 '

192 786 437 830 christianus,
472 797 543 820 non
567 785 721 820 miseria
745 786 812 820 sed
834 785 1101 821 misericordia
1126 786 1257 820 timeat
1279 798 1324 820 ne
1341 793 1505 834 pereant

140 843 362 880 lohomines
398 843 566 886 Christoj
610 843 858 878 contristetur
890 855 973 878 cum
1016 843 1117 891 perit
1149 843 1299 891 aliquis,
1349 843 1503 879 Christo

190 901 431 950 concupiscat
462 900 618 948 adquiri
647 901 830 947 homines,
878 900 1034 936 Clzristo
1073 901 1212 936 letetur
1242 913 1326 936 cum
1369 901 1503 949 adqui-

191 967 330 994 runtur
373 958 556 1004 homines,
613 958 768 993 Christo
827 959 958 994 timeat
1001 966 1034 994 et
1078 959 1151 994 sibi
1199 971 1244 994 ne
1283 966 1419 1006 pereat
1470 966 1505 994 et

196 1017 365 1060 Christo,
394 1016 643 1052 contristetur
666 1016 923 1066 peregrinari
941 1028 981 1051 se
1002 1029 1023 1051 a
1055 1016 1222 1062 Christo⁷
1262 1017 1505 1065 concupiscat

190 1086 360 1124 regnare
391 1086 475 1110 cum
514 1073 682 1117 Christo,
727 1074 865 1109 letetur
897 1074 986 1109 dum
1018 1082 1151 1122 sperat
1181 1086 1220 1109 se
1247 1081 1503 1124 regnaturum

138 1131 174 1164 15
191 1145 271 1169 esse
303 1145 386 1168 cum
426 1132 594 1167 Christo.
628 1132 704 1167 Iste
734 1139 821 1167 sunt
854 1139 958 1167 certe
990 1139 1155 1179 quatuor
1184 1144 1279 1179 quas
1294 1133 1502 1180 perturba-

192 1190 318 1226 ciones
350 1197 505 1225 vocant:
538 1189 656 1225 timor
687 1196 722 1224 et
741 1189 917 1235 tristicia,
951 1201 1065 1225 amor
1087 1197 1121 1224 et
1152 1189 1289 1225 leticia.
1327 1189 1504 1225 Habeant

191 1260 255 1284 eas
287 1248 397 1284 iustis
429 1248 475 1283 de
507 1247 631 1282 causis
676 1247 795 1282 animi
825 1247 1037 1292 christiani,
1072 1259 1138 1282 nec
1177 1247 1502 1296 philosophorum

190 1306 399 1342 stoicorum
435 1306 494 1341 vel
516 1317 827 1353 quorumcunque
858 1305 1040 1340 similium
1069 1305 1336 1341 consenciatur
1359 1306 1502 1349 errori,

190 1364 256 1412 qui
289 1363 470 1412 profecto
522 1363 843 1410 quemadmodum
891 1363 1096 1398 vanitatem
1149 1363 1371 1399 existimant
1407 1363 1503 1398 veri-

137 1429 318 1466 20tatem‚
360 1421 414 1457 sic
459 1429 655 1469 stuporem
702 1421 886 1469 deputant
917 1421 1142 1464 sanitatem;
1186 1421 1412 1471 ignorantes
1451 1421 1505 1456 sic

192 1479 359 1515 animum
405 1478 568 1514 hominis
612 1479 933 1526 quemadmodum
979 1479 1157 1527 corporis
1194 1479 1406 1514 membrum
1443 1479 1505 1513 de-

192 1537 391 1586 speracius
436 1544 633 1586 egrotare,
687 1537 837 1584 quando
882 1544 918 1571 et
950 1536 1098 1572 doloris
1136 1536 1309 1572 amiserit
1339 1548 1504 1573 sensum.

250 1595 327 1629 Sed
371 1594 461 1629 dicit
506 1594 663 1642 aliquis:
710 1594 908 1642 Numquid
954 1594 1106 1629 animus
1149 1594 1353 1630 christiani
1398 1594 1506 1629 debet

192 1653 308 1688 eciam
343 1659 467 1688 morte
490 1652 728 1700 impendente
760 1652 943 1687 turbari?
980 1652 1052 1687 Ubi
1082 1659 1136 1687 est
1159 1651 1255 1687 enim
1285 1652 1385 1700 quod
1406 1652 1504 1700 Apo-

135 1712 174 1743 25
190 1711 312 1746 stolus
343 1710 395 1744 ait
428 1709 773 1758 concupiscenciam
807 1721 846 1745 se
878 1710 1020 1745 habere
1052 1709 1212 1745 dissolvi
1242 1717 1276 1745 et
1308 1722 1387 1745 esse
1420 1721 1502 1745 cum

69 1768 153 1810 436¹³
196 1768 365 1813 Christo,
413 1768 446 1803 si
490 1767 587 1802 illud
615 1762 619 1818 Ι
648 1768 749 1815 quod
781 1767 1010 1816 concupiscit
1043 1775 1171 1815 potest
1215 1779 1297 1802 eum
1345 1767 1505 1802 turbare

191 1838 274 1862 cum
309 1825 484 1861 venerit?
522 1825 654 1861 Facile
697 1832 752 1860 est
784 1825 934 1872 quidem
963 1825 1044 1860 istis
1077 1826 1128 1859 ad
1160 1826 1226 1860 hec
1270 1825 1505 1873 respondere

191 1884 254 1932 qui
286 1890 320 1919 et
343 1883 464 1931 ipsam
490 1883 653 1919 leticiam
673 1883 1010 1931 perturbacionem
1036 1890 1184 1918 vocant.
1226 1882 1328 1926 Quid
1349 1882 1384 1918 si
1405 1882 1501 1917 enim

187 1948 399 1990 propterea
423 1948 547 1976 morte
575 1941 792 1976 imminente
814 1941 1007 1985 turbatur,
1032 1940 1117 1988 quia
1144 1947 1267 1975 morte
1289 1940 1504 1975 imminente

135 2001 176 2032 30
193 1999 345 2035 letatur.
371 1999 447 2034 Sed
470 2000 538 2034 hoc
561 1998 769 2046 (inquiunt)
792 1998 995 2047 gaudium,
1020 2010 1092 2033 non
1116 1997 1240 2033 leticia
1272 1997 1501 2033 nominanda

192 2064 260 2092 est.
300 2056 403 2100 Quid
435 2063 489 2091 est
513 2057 583 2092 hoc
607 2056 680 2091 nisi
700 2057 851 2091 easdem
886 2068 948 2091 res
971 2056 1112 2091 sentire
1137 2062 1172 2091 et
1195 2067 1325 2090 rerum
1350 2055 1502 2090 nomina

193 2115 290 2150 velle
336 2121 498 2149 mutare.
541 2114 677 2148 Verum
726 2125 794 2149 nos
836 2113 962 2149 sacris
994 2113 1132 2149 litteris
1169 2113 1504 2148 accon'zmodemus

194 2172 365 2207 auditum
391 2179 425 2207 et
446 2172 652 2207 secundum
678 2171 782 2219 ipsas
799 2171 937 2220 pocius
959 2171 1069 2206 istam
1087 2170 1318 2218 questionem
1336 2170 1504 2206 Domino

192 2230 398 2265 adiuvante
429 2230 646 2264 solvamus:
678 2241 744 2264 nec
776 2228 953 2277 quoniam
986 2229 1172 2277 scriptum
1207 2235 1281 2264 est:
1320 2228 1412 2263 Cum
1438 2228 1505 2263 hec

138 2288 177 2321 35
195 2287 355 2323 dixisset
385 2287 509 2333 Jesus,
549 2287 725 2322 turbatus
757 2294 813 2322 est
852 2286 1013 2335 spiritu7·
1050 2286 1223 2322 dicamus
1255 2298 1338 2321 eum
1380 2285 1503 2321 leticia

183 2345 313 2393 fuisse
350 2345 557 2391 turbatum,
600 2357 644 2379 ne
679 2344 803 2380 verbis
842 2344 920 2379 suis
959 2356 1027 2379 nos
1059 2344 1139 2392 ipse
1185 2343 1396 2388 convincat,
1445 2343 1506 2378 ubi

195 2403 306 2438 dicit:
335 2402 472 2438 Tristis
495 2409 549 2438 est
571 2402 700 2437 anima
723 2414 805 2437 mea
830 2414 946 2450 usque
967 2402 1018 2436 ad
1039 2408 1214 2437 mortem.
1246 2401 1338 2436 Tale
1360 2401 1506 2449 aliquid

193 2460 311 2495 eciam
351 2460 411 2495 hic
455 2460 745 2510 intelligendum
780 2467 846 2505 est,
886 2460 1037 2507 quando
1082 2472 1148 2494 suo
1200 2459 1391 2494 traditore
1429 2458 1502 2493 iam

194 2525 281 2553 tunc
312 2518 393 2553 solo
426 2518 580 2554 exituro
629 2524 663 2552 et
705 2529 788 2552 cum
828 2517 907 2552 suis
957 2516 1069 2553 sociis
1111 2517 1286 2552 continuo
1331 2516 1504 2551 redituro

265 2697 311 2724 26.
336 2698 378 2724 A:
400 2697 483 2732 quod
503 2697 597 2724 deest.

265 2780 296 2811 8.
324 2781 347 2811 1.
376 2781 455 2811 (jor.
482 2781 505 2818 1,
534 2790 586 2810 20.
684 2781 736 2812 23.
765 2779 888 2810 psalm.
919 2779 1031 2815 XCMI,
1064 2790 1111 2809 11.
1210 2778 1261 2809 26.
1291 2778 1374 2809 l‘hil.
1404 2779 1424 2816 Ι,
1454 2780 1506 2811 23.

201 2828 253 2868 37.
282 2826 401 2857 Matth.
428 2827 515 2865 XV1,
544 2827 594 2858 38.

1309 2882 1380 2912 21ss
