1986 3289
192 228 282 256 CAP-
304 218 379 272 VL]
609 231 668 263 DE
695 231 1010 263 ANTICHRISTO
1039 232 1120 263 LIB.
1148 232 1171 263 Ι.
1739 229 1787 265 23

249 340 431 375 Secunda
478 347 610 375 autem
643 351 734 387 pars
768 339 931 375 ecclesie
964 339 1085 386 paulo
1118 339 1300 386 superior
1337 348 1503 375 vocatur

191 397 357 433 ecclesia
390 397 696 443 dormiencium,
730 405 772 432 ut
795 406 886 433 sunt
914 395 1175 445 predestinati
1199 396 1266 444 qui
1290 395 1502 444 quiescunt

189 455 230 491 in
263 454 496 503 purgatorio
531 464 568 491 et
600 457 917 502 correspondent
948 455 1122 491 secunde
1154 454 1258 502 parti
1292 453 1501 490 militantis

189 512 355 549 ecclesie
387 513 538 549 scilicet
571 512 793 549 defensorie
815 514 876 549 vel
899 511 1031 549 ordini
1055 511 1231 549 militari.
1264 513 1342 548 Ista
1365 521 1499 548 autem

158 583 281 618 5pars
316 571 463 606 dormit
495 571 679 618 nimium,
715 583 805 606 cum
839 572 988 607 utendo
1022 569 1210 618 potencia
1243 570 1292 605 ad
1316 570 1500 617 regulan-

189 630 283 664 dum
318 628 526 665 ecclesiam
561 628 632 664 Dei
668 628 934 664 ministerium
969 637 1181 664 exerceret.

66 686 149 727 40‘3‘i
244 686 388 723 Tereia
421 695 553 723 autem
582 688 587 734 Ι
614 699 706 734 pars
737 686 902 723 ecclesie
925 686 1121 723 catholice
1143 694 1310 722 vocatur
1333 685 1499 722 ecclesia

187 744 531 792 triumphancium
556 753 593 781 et
616 746 903 792 correspondet
926 733 1033 781 clero
1057 743 1123 793 qui
1148 744 1265 780 debet
1299 756 1383 780 esse
1406 756 1499 792 pars

187 814 375 850 suprema
409 802 573 839 ecclesie
606 802 828 839 militantis.

134 883 171 903 10
244 861 412 908 Propter
443 860 562 896 istum
597 861 766 909 gradum
800 859 998 908 triplicem
1034 868 1177 907 putant
1209 858 1375 907 quidam
1408 871 1500 907 pro-

187 917 373 955 babiliter
416 919 523 967 quod
567 917 800 955 universalis
846 917 1013 955 ecclesia
1044 926 1211 955 vocatur
1243 929 1408 967 regnum
1441 929 1500 953 ce-

186 975 325 1012 lorum.

244 1035 429 1071 Secundo
472 1042 614 1070 notant
659 1033 824 1081 quidam
878 1046 1000 1083 quare
1045 1032 1220 1082 apostoli
1265 1032 1499 1081 quesierunt
1549 1032 1755 1095 Reffissorsssfm·

185 1091 304 1128 istam
338 1091 587 1141 questionem
622 1104 643 1128 a
673 1091 860 1128 Domino.
895 1094 943 1128 Et
966 1091 1170 1140 assignant
1202 1089 1403 1138 triplicem
1437 1103 1498 1126 ra-
1561 1071 1742 1139 aciugffioiiie

133 1149 344 1186 ificionem
391 1149 652 1198 probabilem,
698 1150 828 1197 prima
872 1150 965 1198 quia
1004 1150 1126 1197 paulo
1166 1157 1257 1185 ante
1288 1149 1499 1184 laborabat

186 1206 225 1243 in
246 1209 370 1244 Judea
402 1207 538 1256 opinio
571 1207 611 1243 in
643 1207 819 1252 diversis,
855 1207 920 1244 alii
953 1208 1164 1256 opinantes
1188 1206 1296 1255 quod
1320 1206 1499 1254 Baptista

184 1264 258 1301 fuit
290 1265 420 1302 maior
464 1265 503 1301 in
548 1265 716 1302 ecclesia
749 1265 960 1311 militante,
1007 1274 1044 1302 et
1077 1264 1143 1301 alii
1176 1265 1284 1313 quod
1317 1264 1499 1300 Christus

185 1322 258 1359 fuit
292 1323 433 1369 maior,
466 1332 509 1359 ut
542 1332 652 1371 patet
684 1336 727 1360 ex
751 1325 921 1360 decursu
955 1322 1161 1371 evangelii.
1195 1324 1288 1358 Ideo
1321 1321 1386 1357 isti
1419 1321 1498 1358 dis-

186 1380 308 1429 cipuli
341 1382 621 1418 desiderabant
669 1394 909 1430 cognoscere
943 1382 1059 1418 huius
1092 1379 1316 1429 questionis
1350 1392 1498 1428 propo-

129 1449 170 1470 20
184 1439 257 1476 site
288 1439 509 1477 veritatem.

240 1497 426 1534 Terciam
472 1506 606 1534 autem
653 1510 814 1534 causam
860 1497 1035 1545 assignat
1065 1498 1301 1544 Jeronymus
1348 1495 1388 1531 in
1421 1495 1646 1559 hocChriSt'Sl
1666 1505 1789 1537 answer

183 1555 273 1592 loco
305 1564 450 1593 notans
484 1557 690 1604 quomodo
715 1556 895 1593 Christus
919 1556 1040 1603 paulo
1073 1563 1163 1591 ante
1196 1554 1236 1590 in
1269 1555 1343 1590 hac
1365 1553 1496 1590 forma
1553 1537 1742 1594 beendfu'saenli'e

184 1613 300 1650 solvit
332 1613 526 1650 tributum
562 1613 700 1650 cesari.
734 1613 938 1650 Mandaiit
971 1613 1131 1661 quidem
1167 1614 1284 1649 Petro
1317 1611 1492 1659 singula·
1509 1599 1785 1664 evjslc'ssetssfgss'ussgfild

185 1671 280 1707 riter
324 1674 432 1720 quod
477 1671 552 1708 iret
598 1673 647 1708 ad
694 1684 802 1708 mare
847 1680 885 1707 et
930 1680 1090 1719 caperet
1123 1679 1312 1707 staterem
1346 1670 1394 1706 de
1426 1681 1494 1706 ore
1557 1670 1737 1732 arisgstom

129 1729 316 1777 25piscis.
362 1731 490 1776 Solve,
535 1729 676 1777 inquit,
716 1742 793 1778 pro
839 1742 898 1765 me
942 1737 976 1764 et
1016 1741 1092 1778 pro
1136 1736 1183 1775 te,
1226 1728 1294 1764 ubi
1337 1727 1495 1764 videtur
1568 1710 1728 1733 ammon.

184 1800 408 1836 proponere
440 1788 589 1824 nedum
614 1789 773 1823 Petrum
808 1796 1015 1835 tamquam
1040 1787 1268 1834 generalem
1301 1785 1493 1822 vicarium

183 1845 242 1881 sui
288 1845 457 1893 collegii.
504 1847 595 1881 Ideo
641 1844 798 1881 videtur
840 1846 959 1881 verba
1005 1844 1079 1881 ista
1113 1845 1228 1880 Solve
1260 1856 1338 1893 pro
1370 1856 1430 1879 me
1461 1850 1497 1879 et

178 1915 254 1951 pro
298 1912 333 1940 te
376 1915 520 1940 sonare
566 1904 675 1951 quod
709 1902 890 1939 Christus
924 1905 1085 1939 Petrum
1119 1902 1158 1938 in
1191 1915 1309 1938 suum
1340 1900 1495 1938 socium

183 1961 409 2009 adequavit.
443 1964 485 1997 In
518 1961 592 1997 ista
623 1961 758 2009 itaque
792 1961 1000 2009 questione
1032 1960 1097 1997 isti
1121 1959 1306 2008 discipuli
1330 1960 1498 1996 fluctua-

127 2027 291 2066 301·unt;
335 2021 443 2068 quod
487 2018 644 2055 videtur
683 2019 814 2055 notari
847 2032 917 2067 per
950 2020 1025 2055 hoc
1057 2031 1205 2055 nomen
1245 2018 1328 2066 quis
1365 2024 1494 2067 putas.

182 2077 267 2112 Istis
315 2079 470 2113 duobus
515 2077 664 2113 notatis
709 2077 862 2113 solucio
908 2076 1071 2113 Domini
1116 2086 1173 2113 est
1214 2077 1412 2123 notanda;
1458 2083 1495 2111 et

181 2135 275 2182 quia
307 2135 420 2172 scivit
453 2147 627 2171 errorem
663 2134 768 2171 circa
801 2135 1053 2183 questionem
1078 2134 1195 2171 istam
1220 2135 1351 2171 facere
1385 2146 1494 2181 mag-

180 2206 275 2244 num
321 2195 541 2241 dampnum
589 2193 752 2229 ecclesie
796 2192 837 2229 in
880 2194 1074 2239 futurum,
1128 2192 1219 2229 ideo
1263 2192 1494 2240 signancius
1521 2201 1587 2228 The
1607 2202 1688 2229 child
1711 2210 1775 2229 was

180 2250 297 2288 solvit
329 2251 446 2288 istam
480 2260 561 2287 tam
596 2263 717 2298 opere
750 2264 870 2299 quam
905 2263 1102 2297 sermone,
1137 2252 1232 2287 dum
1257 2250 1391 2299 primo
1425 2250 1493 2287 ad-
1536 2236 1756 2306 ρΐῖἓξξῇιξζξε,

125 2315 296 2348 35voeat
339 2322 461 2345 unum
509 2308 719 2357 parvulum
754 2309 866 2357 quasi
907 2309 1177 2354 innocentem,
1211 2321 1292 2345 non
1326 2308 1491 2345 dubium

181 2366 277 2414 quin
322 2368 370 2403 ab
405 2379 450 2402 eo
484 2368 534 2402 ad
567 2366 739 2414 patriam
788 2366 1036 2415 ordinatum,
1079 2375 1116 2403 et
1148 2366 1236 2414 ipso
1269 2375 1419 2402 statuto
1453 2365 1493 2400 in

182 2424 312 2460 medio
346 2437 483 2461 eorum
525 2423 620 2460 dicit
653 2424 785 2471 primo
829 2426 938 2472 quod
970 2424 1045 2460 nisi
1079 2423 1259 2460 conversi
1291 2424 1439 2460 fuerint
1471 2435 1493 2458 a

181 2482 443 2519 contencione
475 2494 546 2518 sua
578 2482 765 2529 superbia
797 2483 847 2518 ad
880 2481 1163 2529 humilitatem,
1209 2494 1289 2518 non
1322 2490 1414 2518 sunt
1445 2482 1493 2517 de

180 2540 348 2576 ecclesia
382 2539 592 2577 militante.

249 2689 268 2708 1.
289 2681 319 2708 A
337 2680 367 2707 in
390 2688 503 2715 marga
525 2683 551 2706 2.
629 2687 654 2706 2.
690 2681 733 2706 A:
768 2679 988 2711 dormientmm
1022 2679 1063 2706 ib.
1097 2679 1134 2706 13:
1170 2680 1199 2706 el
1234 2682 1314 2706 sunl.
1399 2677 1423 2705 3.
1485 2689 1491 2706 z

178 2716 467 2754 correspmzdenter.
526 2749 530 2753 ι
574 2714 601 2741 8.
623 2714 741 2754 (Σοάᾀ.;
761 2714 1015 2749 triumphantum.
1143 2712 1181 2754 [3.
1209 2715 1238 2741 A
1258 2714 1288 2741 in
1310 2721 1425 2755 marg:
1456 2714 1491 2741 Β.

179 2748 217 2777 15.
238 2751 267 2777 Α
286 2758 315 2776 ιη
337 2758 450 2784 marg.:
473 2757 505 2782 1;
524 2750 565 2775 ib.
586 2750 631 2776 A:
655 2748 756 2776 Prznzo
776 2751 887 2776 autem.
963 2756 1003 2783 19.
1027 2748 1065 2775 13:
1086 2749 1309 2776 deszderehant.
1384 2749 1430 2777 36.
1452 2749 1490 2775 H:

179 2784 356 2811 ordinatum
377 2785 472 2811 deest.

252 2843 304 2875 25.
332 2843 448 2875 Matth.
474 2844 577 2884 XVII,
606 2843 662 2875 26:
691 2843 794 2875 Illum
823 2853 973 2882 manens,
1001 2842 1051 2875 da
1078 2843 1128 2875 eis
1147 2853 1219 2883 pro
1248 2853 1301 2875 me
1326 2848 1359 2875 et
1386 2848 1428 2876 te,
