1986 3289
192 251 280 278 CAP·
307 241 445 293 LXVIL]
555 253 613 283 DE
640 252 953 283 ANTICHRISTO
983 253 1066 283 LIB-
1096 253 1118 283 Ι.
1707 254 1781 291 251

191 366 363 409 oporteat
384 360 552 407 facere;
595 359 664 394 sed
695 359 911 406 festinante
948 358 1087 394 iudicio
1133 366 1168 393 et
1214 358 1499 394 necessitatibus

191 417 277 452 aliis
298 428 415 465 super
447 416 545 452 alias
569 416 814 461 venientibus,
847 428 930 451 cum
965 428 1036 452 non
1069 416 1117 452 sit
1149 416 1311 452 docendi
1343 415 1498 451 licencia

190 486 256 510 nec
289 482 436 523 tempus
468 474 613 510 iusticie
639 474 826 521 faciende
856 481 922 509 aut
953 474 1106 523 agende
1130 474 1353 523 penitencie,
1383 473 1499 521 sesti—

192 532 300 568 nacio
346 544 477 568 eorum
512 544 632 568 vacua
665 532 750 567 erit.
796 531 883 567 Hoc
927 532 1023 567 enim
1069 539 1104 567 et
1135 532 1171 567 in
1207 532 1398 568 cotidiano
1431 543 1500 566 usu

158 590 361 626 §videmus
381 590 488 639 fieri.
542 589 688 626 Cotidie
720 589 816 625 enim
849 590 1071 625 sacerdotes
1115 590 1283 625 clamant
1314 590 1349 625 in
1382 589 1499 624 eccle-

188 647 268 683 sia:
299 648 410 691 e‘Qui
424 648 599 696 peccavit
614 647 866 696 penitenciam
890 654 997 697 agat,
1032 647 1095 695 qui
1115 661 1187 684 non
1207 647 1383 697 peccavit
1408 659 1499 695 per-

190 713 341 740 maneat
384 705 420 740 in
454 705 550 741 Deo.
596 706 728 753 Neque
770 705 954 741 seducant
997 717 1063 741 vos
1096 705 1263 742 lzonores
1300 712 1334 741 et
1367 704 1501 740 divicie

190 763 433 812 temporales,
464 763 550 811 quia
584 770 733 811 tempus
756 770 925 799 vestrum
952 775 1075 811 prope
1108 771 1174 809 est,
1208 771 1242 799 et
1270 763 1305 799 si
1325 774 1499 799 consum—

190 821 311 857 macio
336 828 464 856 vestra
488 820 721 866 tardaverit,
746 833 851 857 mors
874 828 1003 856 vestra
1027 833 1100 856 non
1123 822 1300 868 tardat,’³
1335 826 1370 857 et
1392 832 1499 856 nemo

137 892 174 912 10
189 878 326 924 credit,
349 890 457 914 nemo
481 878 648 914 obaudit.
689 878 782 913 Cum
806 885 933 914 autem
958 879 1103 914 venerit
1124 891 1239 927 super
1270 878 1357 914 illos
1380 890 1499 924 mors,

189 936 383 984 festinant
421 943 456 972 et
495 936 721 982 anxiantur,
775 943 912 972 vocant
960 937 1196 983 sacerdotes,
1244 936 1498 985 penitenciam

190 994 322 1029 volunt
353 1006 487 1043 agere,
520 994 672 1043 quando
696 994 771 1029 iam
798 994 1009 1043 penitencie
1033 995 1139 1030 locus
1161 1007 1234 1030 non
1267 1001 1332 1030 est.
1369 995 1500 1042 Itaque

190 1052 279 1087 dum
312 1059 508 1101 exponunt
534 1059 695 1101 peccata
727 1064 812 1099 sua,
845 1053 933 1087 dum
965 1052 1218 1100 penitenciam
1252 1059 1287 1088 et
1313 1058 1498 1101 precepta

188 1109 333 1145 iusticie
364 1117 540 1157 querunt,
584 1110 733 1159 capitur
775 1110 902 1145 anima
942 1122 1074 1146 eorum
1108 1118 1144 1146 et
1182 1110 1326 1145 vadunt
1377 1109 1499 1155 vacui,

136 1169 171 1200 15
189 1167 315 1217 magis
358 1174 445 1203 sunt
488 1168 604 1218 ligati
645 1168 743 1203 iusto
776 1167 914 1203 iudicio
948 1168 1044 1203 Dei:
1094 1168 1179 1216 quia
1228 1180 1299 1204 non
1332 1175 1500 1216 propter
1516 1187 1676 1213 Ponitence
1692 1186 1789 1214 under

189 1225 317 1260 odium
343 1232 595 1273 peccatorum
642 1225 881 1274 displicentes
923 1225 996 1261 sibi
1032 1226 1208 1261 volebant
1245 1225 1498 1274 penitenciam
1538 1221 1763 1283 ῗξζΐῃῖἓιξξξῐῑῑ

187 1294 309 1332 agere
338 1283 407 1318 sed
432 1290 597 1332 propter
628 1283 764 1319 mortis
787 1283 976 1321 timorem.
1008 1282 1144 1319 Adhuc
1177 1283 1274 1319 enim
1306 1282 1342 1319 si
1372 1282 1500 1319 vivere
1630 1278 1637 1282 κ

181 1340 405 1389 potuissent,
446 1353 517 1376 non
551 1341 624 1377 sibi
654 1341 946 1389 displicuissent.
979 1341 1089 1377 Alius
1122 1348 1248 1377 autem
1285 1341 1501 1376 venditores

188 1398 272 1443 olei,
297 1398 337 1433 ia'
358 1406 425 1445 est,
459 1398 546 1434 boni
567 1399 704 1447 operis,
728 1411 920 1448 pauperes
944 1399 1045 1435 dicit.
1080 1399 1296 1435 Prudentes
1328 1398 1500 1449 virgines

133 1468 173 1489 20
188 1456 396 1491 hortantur
417 1456 558 1504 fatuas
587 1464 627 1491 ut
654 1464 740 1492 eant
759 1469 832 1505 per
863 1464 1012 1506 tempus
1043 1457 1095 1492 ad
1120 1469 1312 1505 pauperes
1344 1463 1379 1492 et
1392 1456 1499 1504 faci-

188 1521 291 1550 entes
313 1514 365 1549 eis
397 1514 492 1549 bona
516 1514 674 1561 iusticie,
708 1514 1017 1551 misericordiam
1043 1521 1324 1564 consequantur
1355 1514 1402 1549 ab
1435 1514 1498 1559 eis,

187 1572 363 1620 quoniam
404 1584 478 1620 per
522 1572 830 1608 misericordiam
864 1573 1021 1621 factam
1075 1572 1110 1608 in
1143 1573 1196 1613 eis
1228 1572 1313 1619 olei,
1359 1572 1399 1607 id
1430 1579 1497 1617 est,

188 1629 464 1675 misericordie,
512 1642 658 1666 merces
701 1630 928 1679 acquiritur.
980 1630 1045 1666 Illi
1073 1638 1197 1666 autem
1233 1631 1322 1665 dum
1356 1630 1501 1665 vadunt

189 1694 277 1723 tunc
309 1687 475 1723 volentes
519 1688 665 1736 aliquid
695 1689 839 1736 facere
880 1688 968 1724 boni
1003 1695 1168 1738 propter
1211 1688 1312 1736 quod
1337 1695 1499 1736 possunt

132 1749 170 1781 25
188 1756 271 1780 cum
294 1745 443 1794 fiducia
478 1758 687 1781 occurrere
715 1746 885 1793 Christo,
919 1753 1103 1782 venturus
1135 1754 1191 1782 est
1229 1745 1407 1781 Christus
1440 1757 1499 1781 re-

180 1810 293 1851 pente
325 1810 360 1838 et
393 1803 487 1839 nilzil
519 1803 572 1839 eis
589 1804 770 1852 proderit
802 1803 980 1840 anxietas
1012 1804 1093 1850 illa,
1127 1812 1216 1840 tunc
1239 1803 1499 1852 incipientibus

186 1861 277 1896 bene
307 1873 440 1911 agere,
485 1873 569 1897 cum
615 1869 765 1910 tempus
798 1862 887 1897 bene
931 1862 1075 1912 agendi
1105 1861 1358 1898 concluditur.
1415 1862 1498 1897 Hec

188 1918 471 1955 Crisostomus.

245 1976 436 2024 Sequitur
468 1976 507 2012 in
540 1985 649 2012 textu
682 1976 870 2013 Matthei:
915 1977 1134 2013 Novissime
1179 1977 1331 2013 veniunt
1368 1983 1402 2012 et
1436 1988 1496 2012 re-

130 2040 170 2071 30
187 2034 284 2082 lique
325 2035 508 2085 virgines,
550 2035 733 2071 dicentes:
779 2034 959 2081 Domine,
1010 2035 1189 2081 Domine,
1233 2034 1341 2083 aperi
1371 2034 1499 2079 nobis,-

185 2104 229 2127 ac
261 2092 326 2127 ille
373 2093 607 2140 respondens
650 2093 722 2127 ait:
765 2093 885 2128 Amen
930 2092 1014 2128 dico
1060 2092 1185 2128 vobis:
1236 2092 1373 2127 Nescio
1419 2104 1495 2128 vos.

193 2149 358 2199 Vigilate
390 2150 514 2199 itaque
546 2157 580 2186 et
613 2157 735 2196 orate,
768 2150 853 2198 quia
888 2150 1039 2186 nescitis
1072 2150 1169 2186 diem
1194 2162 1312 2199 neque
1343 2150 1494 2185 horam.

186 2208 314 2254 Super
345 2220 424 2256 quo
447 2209 703 2255 Jeronymus:
738 2208 918 2258 Egregia
951 2208 1101 2256 quidem
1137 2208 1173 2242 in
1204 2207 1364 2243 Domini
1393 2207 1495 2256 apel·
1574 2224 1713 2252 Jerome:

185 2265 330 2301 lacione
362 2266 564 2314 confessio,
608 2266 719 2314 idque
751 2266 949 2314 repetitum
983 2265 1163 2301 indicium
1197 2273 1251 2301 est
1272 2265 1383 2314 fidei,
1428 2266 1496 2300 sed
1522 2259 1771 2328 ἰξξζῇἰζηῦἓξῖἓὲὃ

129 2326 167 2359 35
185 2323 273 2370 quid
298 2324 461 2371 prodest
494 2335 583 2359 voce
611 2323 791 2359 invocare
823 2336 931 2371 quem
966 2323 1142 2372 operibus
1175 2324 1320 2372 neges?
1350 2323 1399 2358 At
1432 2322 1495 2357 ille
1590 2328 1704 2355 works.

184 2381 417 2429 respondens
448 2381 522 2416 ait:
563 2381 682 2416 Amen
719 2381 803 2417 dico
836 2381 951 2427 vohis,
985 2381 1108 2417 nescio
1143 2393 1222 2416 vos.
1266 2380 1381 2415 Novit
1415 2381 1495 2416 Do-

184 2439 308 2473 minus
339 2451 401 2474 eos
428 2439 492 2487 qui
518 2439 596 2474 eius
621 2446 708 2474 sunt
736 2447 768 2474 et
794 2439 859 2487 qui
895 2439 1052 2488 ignorat
1073 2438 1331 2488 ignorabitur.
1366 2438 1496 2474 Nescit

253 2603 293 2628 ¹4·
314 2596 359 2623 A:
381 2595 501 2630 capita;
527 2596 567 2622 ib.
588 2596 632 2623 A:
654 2595 770 2623 vadunt
789 2596 882 2623 deest.
990 2604 1029 2630 17.
1051 2596 1089 2622 A:
1113 2596 1167 2622 sed
1187 2595 1279 2622 deest.
1390 2595 1428 2622 18.
1450 2596 1494 2622 A:

183 2637 243 2656 non
265 2630 362 2657 twice.
458 2637 568 2657 20—21.
592 2630 630 2657 13:
655 2631 684 2657 si
696 2631 817 2665 patitur
836 2638 888 2657 eos
907 2633 1024 2665 tempus
1052 2631 1095 2657 ad
1110 2638 1266 2665 pauperes
1287 2632 1315 2657 et
1325 2629 1496 2665 jacientes.

185 2672 227 2691 22.
251 2664 287 2691 13:
308 2673 364 2698 per
381 2665 594 2700 penitenciam.
703 2665 746 2692 25.
766 2666 811 2691 A:
837 2665 975 2692 Christus
995 2665 1090 2691 deest.
1200 2665 1246 2691 26.
1270 2665 1305 2691 B:
1325 2668 1496 2700 propterea

185 2699 262 2725 nillil
281 2700 332 2726 eis.
434 2699 553 2734 29—30.
576 2701 620 2726 A:
644 2700 784 2735 reliquie.
885 2698 927 2727 33.
950 2701 993 2726 A:
1016 2708 1074 2734 quo
1096 2700 1196 2732 dcem
1218 2699 1257 2726 ib.
1279 2700 1307 2726 A
1329 2700 1355 2726 in
1380 2707 1494 2733 marg:

184 2734 378 2767 jeronymus.

255 2826 306 2858 ες).
334 2817 450 2848 Matth.
474 2819 576 2857 XXV,
610 2819 750 2850 11—13.
804 2819 856 2851 33.
884 2819 1020 2849 Comm.
1049 2819 1079 2848 in
1104 2817 1220 2849 Matth.
1240 2818 1261 2849 1.
1278 2828 1305 2849 c.
1322 2828 1399 2859 pag.
1417 2818 1494 2849 205.

187 2861 238 2894 36.
266 2863 303 2893 ΙΙ.
330 2863 420 2894 Tim.
448 2865 470 2901 Ι,
503 2874 551 2906 19.
615 2865 666 2905 37.
695 2865 716 2897 1.
745 2864 824 2895 Cor.
851 2865 937 2902 XIV,
967 2865 1019 2896 38.
