1986 3289
216 206 305 235 CAP.
331 198 457 252 xvm]
583 208 641 241 DE
668 208 980 241 ANTICHRISTO
1008 209 1091 240 LIB.
1118 208 1142 239 1.

216 329 289 352 non
336 323 465 365 potest
496 316 593 366 fieri
623 323 662 350 ut
707 315 752 351 de
783 315 888 351 honis
921 315 1148 364 parentibus
1188 314 1281 349 mali
1312 320 1521 349 nascantur

216 381 282 409 aut
314 374 360 409 de
390 374 503 410 malis
525 373 633 417 boni;
662 373 731 409 sed
751 373 884 422 quales
914 372 1071 421 fuerint
1098 379 1247 422 patres,
1280 372 1377 407 tales
1409 378 1521 407 erunt

218 439 253 467 et
283 431 373 467 nati.
414 432 512 475 Quia
550 431 646 467 sicut
677 431 798 466 arhor
829 431 865 465 in
889 430 1031 478 fructu
1064 430 1314 480 cognoscitur
1346 437 1380 465 et
1403 429 1521 477 fruc-

217 496 278 525 tus
303 501 378 537 per
408 490 588 525 arborem
609 489 912 535 demonstratur,
943 488 997 524 sic
1023 495 1208 537 parentes
1231 494 1522 537 cognoscuntur

186 546 253 582 §in
275 547 375 596 filiis
407 554 440 583 et
460 547 542 597 filii
566 559 640 596 per
668 553 862 594 parentes.
908 546 1044 581 Nonne
1075 546 1168 581 haec
1199 553 1287 581 ante
1323 544 1519 580 Christum

213 605 405 653 propheta
423 604 619 653 predixit:
651 604 839 647 Quoniam
864 604 971 639 Deus
986 604 1020 638 in
1035 603 1293 653 genet-acione
1314 603 1413 638 iusta
1436 602 1522 638 est?

274 663 390 698 Item:
426 662 637 698 Generacio
661 669 855 698 rectorum
880 661 1135 700 benedicetur,
1168 661 1282 711 Ergo
1305 660 1520 697 testimonia

220 720 265 755 de
283 720 385 769 filiis
417 732 543 756 mores
568 726 790 769 parentum.
830 719 944 762 Quod
974 719 1008 755 si
1039 726 1156 767 pater
1176 719 1306 767 fuerit
1337 719 1455 754 honus
1487 725 1524 754 et

219 785 344 814 mater
365 777 495 825 fuerit
526 778 630 813 mala
653 785 718 813 aut
739 784 864 813 mater
895 778 992 812 bona
1025 784 1060 812 et
1086 784 1202 825 pater
1230 777 1369 822 malus,
1404 777 1521 812 inter-

167 845 204 865 10
221 835 309 871 dum
327 843 482 884 patrem
505 835 585 884 filii
600 842 823 883 sequuntur,
856 835 1048 870 interdum
1083 842 1260 880 matrem,
1294 842 1419 870 tamen
1434 834 1522 882 fre-

219 893 397 941 quencius
441 901 495 928 est
539 900 579 928 ut
610 893 691 928 nati
716 900 871 942 patrem
904 900 1126 941 sequantur.
1180 893 1222 927 Si
1252 899 1380 928 autem
1412 892 1522 927 ambo

222 951 377 999 fuerint
402 951 565 999 equales,
598 951 804 999 aliquando
826 951 879 1000 fit
910 958 950 986 ut
982 951 1028 986 de
1050 950 1157 986 bonis
1183 950 1410 999 parentibus
1433 950 1526 985 mali

219 1016 359 1044 exeant
379 1008 460 1058 filii
488 1016 554 1044 aut
576 1009 622 1044 de
643 1007 758 1044 malis
790 1009 878 1044 honi
906 1009 975 1044 sed
996 1020 1101 1044 raro.
1137 1007 1239 1044 Ecce
1261 1008 1359 1044 enim
1383 1008 1523 1058 regula

220 1074 276 1102 est
307 1067 473 1102 humane
504 1073 651 1113 nature,
684 1073 724 1102 ut
756 1067 879 1102 omnis
911 1067 1022 1102 homo
1056 1073 1238 1102 nascatur
1270 1067 1367 1102 duos
1395 1065 1525 1102 oculos

169 1124 203 1156 15
221 1124 361 1160 habens
384 1132 419 1160 et
444 1124 577 1173 quinos
599 1124 754 1174 digitos,
778 1124 985 1173 aliquando
1017 1131 1144 1160 tamen
1168 1131 1208 1159 ut
1229 1124 1526 1173 manifestentur

222 1194 342 1231 opera
379 1182 465 1228 Dei,
510 1182 683 1218 nascitur
726 1183 839 1218 homo
872 1189 939 1217 aut
980 1194 1053 1218 sex
1104 1182 1246 1232 digitos
1289 1182 1430 1218 liabens
1461 1189 1526 1216 aut

222 1240 352 1275 oculos
395 1240 545 1276 omnino
589 1252 662 1276 non
701 1240 855 1285 habens,
899 1240 996 1276 sicut
1028 1240 1063 1275 in
1104 1239 1306 1290 evangelio
1337 1240 1524 1289 scriptum

221 1304 287 1333 est.
334 1297 440 1333 Sicut
483 1310 580 1348 ergo
613 1297 711 1333 illud
743 1305 859 1334 extra
897 1298 1078 1348 regulam
1111 1305 1247 1333 nature
1278 1297 1397 1334 eciam
1431 1309 1525 1332 raro

221 1355 343 1391 evenit
371 1363 411 1391 ut
442 1355 629 1404 deformis
652 1363 846 1402 nascatur,
878 1356 1005 1404 sicque
1039 1363 1154 1391 extra
1176 1356 1356 1405 regulam
1390 1363 1527 1391 nature

165 1425 315 1448 20raro
354 1414 547 1462 procedit,
600 1421 640 1448 ut
691 1414 890 1449 dissimilis
932 1421 1116 1450 nascatur
1148 1413 1260 1462 filius
1298 1413 1526 1463 parentibus

219 1471 308 1507 suis.
354 1471 411 1508 Tu
443 1471 568 1520 itaque
610 1471 767 1518 iuvenis,
812 1472 963 1520 quando
1003 1483 1165 1507 uxorem
1200 1472 1341 1508 ducere
1374 1472 1429 1507 vis
1461 1478 1526 1506 aut

222 1529 256 1564 si
279 1529 412 1578 puella
445 1529 580 1578 nuptui
609 1530 806 1576 tradatur,
846 1530 926 1565 noli
956 1541 1118 1578 querere
1150 1529 1303 1565 divitem
1336 1529 1404 1565 sed
1435 1529 1527 1565 bene

223 1587 506 1637 morigeratam
539 1587 625 1635 quia
657 1587 745 1623 boni
775 1599 903 1623 mores
929 1599 1083 1636 semper
1113 1587 1274 1623 divicias
1304 1587 1526 1636 adquirunt,

223 1645 358 1681 divicie
390 1653 516 1681 autem
548 1658 740 1694 nunquam
764 1658 893 1681 mores
914 1647 1111 1694 fecerunt.
1145 1646 1198 1680 Et
1225 1645 1442 1695 gloriosior
1474 1651 1528 1680 est

166 1716 206 1748 25
218 1710 431 1752 paupertas
451 1703 632 1752 fidelium
667 1716 781 1752 quam
807 1703 943 1739 divicie
959 1711 1224 1752 peccatorum.
1258 1704 1352 1738 Noli
1367 1715 1528 1752 querere

221 1761 382 1809 speciem
416 1761 501 1809 quia
523 1761 709 1810 scriptum
743 1768 818 1797 est:
861 1761 967 1797 Sicut
998 1761 1154 1797 inaures
1187 1773 1315 1807 auree,
1354 1761 1389 1796 in
1422 1761 1526 1796 nari-

222 1819 290 1854 bus
315 1819 441 1868 porci,
474 1819 524 1854 ita
558 1819 738 1855 mulieres
760 1819 860 1855 male
882 1827 1008 1855 notate
1038 1819 1195 1868 species,
1228 1820 1315 1867 quia
1338 1819 1373 1854 in
1404 1818 1529 1868 specie

223 1877 445 1913 meretrices
471 1877 639 1926 placent,
673 1877 845 1913 moribus
876 1884 1002 1912 autem
1035 1884 1221 1914 matrone.
1274 1877 1368 1912 Cum
1400 1884 1527 1912 autem

223 1934 388 1983 requiris
418 1935 483 1984 qui
508 1935 764 1971 necessarium
797 1935 914 1971 habes
946 1942 1122 1970 matrone
1153 1947 1282 1970 mores
1313 1935 1527 1980 addiscere,

167 2000 209 2031 30
223 1992 424 2029 considera
457 1993 588 2041 quales
620 1993 732 2028 habet
757 2001 943 2041 parentes
975 2000 1009 2028 et
1039 1993 1119 2028 sine
1151 1993 1284 2028 labore
1315 1992 1531 2043 cognovisti

225 2050 270 2085 de
308 2050 387 2086 illa.
441 2051 484 2085 Si
525 2063 621 2100 ergo
668 2051 777 2086 ambo
811 2051 968 2099 fuerint
1012 2050 1110 2097 boni,
1143 2050 1389 2100 fiducialiter
1428 2062 1529 2099 pone

219 2108 357 2156 pedem
410 2108 445 2143 in
479 2109 633 2144 domum
666 2109 789 2153 illius;
838 2109 872 2144 si
914 2116 1041 2144 autem
1085 2109 1196 2144 ambo
1227 2108 1385 2156 fuerint
1423 2108 1527 2152 mali,

225 2166 331 2216 fuge
365 2166 567 2214 familiam
601 2166 720 2202 illam.
779 2166 905 2202 Crede
949 2166 1046 2202 enim
1091 2166 1346 2202 testimonium
1385 2166 1533 2201 Christi

223 2224 311 2272 quia
355 2236 488 2260 verum
533 2232 589 2261 est
627 2232 662 2260 et
699 2237 772 2260 non
813 2224 1006 2260 mentitur.
1071 2224 1114 2259 Si
1154 2231 1281 2259 autem
1327 2224 1531 2260 dissimiles

169 2293 208 2326 35
225 2281 381 2329 suerint
406 2289 605 2331 parentes,
645 2282 797 2318 dubium
831 2282 917 2317 inde
958 2282 1073 2318 habes
1105 2289 1292 2328 eventum,
1340 2282 1530 2330 quomodo

225 2347 340 2375 nauta
373 2340 437 2388 qui
466 2340 501 2375 in
535 2340 638 2375 mari
668 2341 789 2375 tradit
819 2340 986 2375 animam
1019 2352 1128 2375 suam
1152 2340 1319 2376 nesciens
1346 2346 1532 2388 pereatne

225 2410 273 2432 an
306 2398 457 2436 evadat.
491 2399 575 2434 Hec
607 2397 893 2437 Crisostornus.

281 2455 448 2492 Videtur
480 2455 600 2492 istum
645 2464 827 2492 sanctum
873 2455 1113 2492 confirmare
1151 2455 1314 2492 racione
1351 2464 1529 2492 nostram

225 2513 467 2550 sentenciam
514 2515 622 2561 quod
666 2513 839 2560 pharisei
872 2513 1055 2550 moderni
1087 2513 1297 2550 imitantur
1329 2513 1530 2561 antiquos,

294 2670 334 2698 18.
354 2671 399 2698 A:
420 2671 516 2698 eciam
535 2670 628 2697 deest.
685 2678 727 2705 19.
748 2671 792 2697 A:
814 2669 868 2697 sed
886 2670 957 2705 quia
979 2673 1077 2697 extra.
1127 2670 1173 2704 34.
1195 2670 1236 2697 B:
1258 2670 1342 2706 quod
1359 2678 1462 2697 verum
1478 2673 1530 2698 est.

225 2703 268 2733 38.
289 2707 317 2733 A
337 2705 368 2733 in
389 2713 502 2740 marg:
531 2705 695 2732 ¹lohannes,

294 2788 324 2820 7.
357 2778 482 2809 Psalm.
525 2778 612 2817 XIII,
654 2777 691 2816 6;
730 2778 856 2809 Psalm.
896 2778 980 2818 CXI,
1019 2788 1048 2809 2.
1195 2777 1245 2809 16.
1281 2777 1358 2809 Joh.
1403 2778 1457 2817 ῙΧ,
1501 2779 1530 2810 3.

226 2823 279 2855 26.
306 2825 405 2855 Prov.
431 2825 486 2864 XI,
513 2834 566 2855 22.

1355 2884 1397 2913 ᾗ..

1600 672 1745 700 Children

1549 708 1698 734 resemble
1720 707 1799 734 their

1590 747 1714 777 parents
1735 742 1763 768 in

1590 777 1758 804 character.

1552 1481 1653 1508 &Vhen
1674 1489 1734 1516 you
1755 1488 1804 1507 are

1583 1516 1733 1549 choos-ing
1754 1524 1770 1542 a

1576 1551 1646 1577 wife
1666 1551 1736 1577 1001<
1757 1555 1786 1576 at

1576 1586 1630 1612 her
1650 1585 1779 1612 mother.
