1986 3289
217 190 298 238 328
819 200 983 231 OPERIS
1009 200 1291 232 EVANGELICI
1319 201 1402 232 ΜΒ.
1430 202 1485 232 iv.
1605 190 1712 244 [CAP.
1739 200 1818 227 xm.

507 306 583 340 Sed
618 305 681 341 hic
714 314 873 353 oportet
898 318 1141 353 cognoscere
1165 308 1272 354 quod
1297 308 1470 355 quedam
1506 316 1563 343 est
1595 307 1635 343 in
1659 307 1818 345 Christo

507 362 656 398 noticia
691 363 1027 410 experimentalis‚
1073 377 1149 412 que
1183 377 1272 401 curn
1307 365 1356 401 sit
1388 364 1553 401 relativa
1592 365 1819 413 adquiritur

508 429 544 456 et
577 420 759 468 perditur
792 434 865 468 pro
899 430 1083 470 tempore
1115 422 1175 458 vie
1200 422 1363 468 Christi,
1398 422 1500 459 sicut
1534 423 1609 459 alie
1643 424 1818 460 humane

506 478 667 524 noticie‚
714 487 750 514 et
789 479 843 515 ita
878 479 1058 515 Christus
1091 482 1255 528 quando
1288 480 1386 517 vidit
1419 480 1603 517 Scarioth
1650 482 1698 517 ab
1732 481 1818 529 ipso

507 538 692 572 recedere
717 538 767 572 ad
791 536 922 584 ipsum
948 539 1201 585 prodendum
1226 537 1486 586 pontificibus
1517 547 1553 574 et
1575 540 1816 575 tradendum
1836 549 1851 580 5

508 594 810 630 crucifixoribus
843 594 917 630 fuit
941 595 1131 631 nimirum
1158 595 1390 632 humanitus
1413 597 1682 644 perturbatus.
1718 597 1818 632 Cum

508 661 640 687 autem
668 652 858 688 divinitus
891 652 968 688 sint
993 662 1136 689 cuncta
1165 651 1169 704 Ι
1199 666 1275 702 que
1308 654 1469 690 fuerunt
1501 655 1561 690 vel
1595 663 1711 690 erunt
1744 654 1818 690 sibi
1861 662 1944 705 436⁴

507 710 710 756 presencia
747 719 784 746 et
828 723 909 746 non
942 720 1074 758 potest
1106 713 1327 748 secundum
1369 711 1617 748 divinitatem
1652 711 1817 757 turbari,

508 780 589 803 non
614 767 758 803 mirum
784 768 814 803 si
839 781 920 804 non
944 769 1175 805 eternaliter
1198 769 1245 805 sit
1269 771 1467 816 turbatus,
1502 770 1664 818 quando
1689 770 1815 806 eciam

507 825 685 861 intuetur
717 825 756 861 in
800 827 922 862 verbo
955 828 1015 862 vel
1048 826 1198 864 noticia
1231 827 1476 875 imperdibili
1521 841 1594 875 pro
1626 840 1698 864 suo
1730 840 1877 876 per-10

506 892 642 931 petuo,
689 886 895 932 quomodo
941 894 998 920 est
1031 898 1103 933 pro
1136 898 1207 921 suo
1240 894 1423 933 tempore
1457 885 1680 931 crucifixus,
1725 885 1817 934 quia

506 950 642 977 tamen
675 954 757 978 non
792 951 849 978 est
874 942 1087 979 crucifixus
1120 944 1179 980 vel
1203 943 1497 991 crucifigendus
1531 956 1604 992 pro
1637 952 1819 991 tempore

506 999 683 1047 quolibet
708 1000 900 1047 preterito
924 1001 982 1037 vel
1017 1001 1165 1046 futuro⁷
1198 1014 1279 1037 non
1314 1001 1458 1037 mirum
1495 1001 1527 1037 si
1559 1014 1639 1038 non
1661 1014 1819 1050 semper

505 1058 567 1093 vel
600 1070 689 1093 cun]
725 1071 796 1094 sua
830 1058 1080 1095 beatitudine
1114 1059 1163 1095 sit
1195 1061 1391 1097 turbatus.
1439 1061 1487 1095 Et
1521 1061 1660 1096 eodem
1698 1060 1819 1096 modo

507 1115 655 1151 dicitur
679 1116 727 1152 de
752 1116 1157 1153 denominacionibus
1181 1119 1405 1154 beatorum.
1439 1119 1542 1154 Vera
1576 1117 1696 1165 igitur
1728 1125 1819 1154 sunt
1840 1119 1875 1152 15

505 1174 625 1209 verba
659 1174 887 1221 evangelica
920 1174 1026 1211 dicta
1067 1176 1115 1211 de
1149 1175 1321 1214 Christo,
1374 1177 1455 1211 Nec
1489 1184 1620 1223 potest
1654 1175 1819 1212 scolaris

507 1230 657 1267 diaboli
709 1231 795 1279 ipsa
839 1234 1059 1269 secundum
1114 1233 1318 1269 racionem
1364 1233 1424 1269 vel
1469 1233 1587 1269 fldem
1621 1232 1820 1281 scripture

508 1289 697 1325 vivaciter
729 1289 982 1338 impugnare,
1023 1292 1091 1327 sed
1124 1290 1240 1327 facile
1274 1299 1331 1327 est
1364 1291 1550 1327 subtilem
1585 1291 1819 1339 theologum

508 1356 744 1384 noscentem
790 1349 986 1396 scripture
1030 1348 1202 1396 logicam
1249 1350 1390 1385 tollere
1435 1361 1576 1385 omnes
1619 1348 1819 1386 versucias

508 1405 756 1442 Antichristi.
1836 1419 1878 1440 20

237 1467 296 1495 We
318 1467 392 1495 need
416 1472 469 1494 not
567 1465 699 1500 Unum
734 1473 869 1500 tamen
894 1473 1018 1500 testor
1051 1465 1284 1512 theologum
1320 1464 1387 1512 qui
1420 1465 1503 1501 vult
1535 1474 1670 1501 tenere
1703 1477 1819 1513 gene—

225 1502 479 1565 besaaslitzlrniuteiivgo
509 1521 646 1557 raliter
693 1521 810 1558 istam
857 1522 1016 1558 fidelem
1063 1522 1309 1558 sentenciam
1344 1523 1392 1558 de
1423 1522 1590 1559 veritate
1623 1523 1820 1571 scripture

217 1570 490 1633 give‘ssgdcgpinion
509 1581 617 1627 quod
651 1579 801 1627 obligat
841 1592 881 1616 se
921 1582 970 1616 ad
1004 1581 1238 1616 solvendum
1282 1581 1428 1617 multas
1462 1579 1698 1617 Antichristi
1736 1593 1821 1617 ver-

263 1642 444 1668 correction.
509 1637 640 1673 sucias
674 1646 710 1673 et
750 1650 910 1674 sensum
957 1638 1198 1674 catholicum
1246 1638 1441 1686 scripture
1486 1638 1728 1686 generaliter
1761 1650 1822 1674 ex-

508 1696 762 1742 ponendum3
796 1705 832 1732 et
864 1695 958 1743 quia
991 1697 1066 1732 hoc
1098 1709 1179 1732 non
1213 1704 1270 1732 est
1302 1709 1403 1744 opus
1445 1695 1597 1733 iuvenis
1629 1697 1690 1733 vel
1721 1709 1822 1744 opus
1839 1705 1877 1737 25

508 1753 626 1789 unius
671 1753 762 1797 diei,
808 1753 936 1789 fidelis
980 1754 1189 1801 theologus
1234 1767 1315 1790 non
1358 1755 1652 1791 verecundatur
1690 1753 1822 1791 dicere

509 1812 643 1858 quoad
685 1811 751 1847 illa
786 1824 862 1859 que
895 1824 976 1848 non
1009 1812 1125 1859 plene
1157 1813 1363 1848 studuerat
1396 1813 1503 1860 quod
1536 1813 1715 1848 nondum
1750 1812 1822 1848 hec

509 1868 659 1904 studuit
704 1870 773 1905 sed
819 1870 927 1905 salva
961 1869 1219 1906 correccione
1251 1882 1388 1906 sensus
1423 1883 1560 1906 eorum
1595 1870 1650 1907 sic
1684 1869 1822 1907 condi-

510 1926 719 1963 cionaliter
752 1936 918 1974 possunt
951 1927 1051 1975 capi.
1100 1927 1199 1973 Quis
1239 1936 1371 1964 autem
1417 1928 1546 1965 viator
1577 1929 1821 1964 verecunda-

510 1994 618 2021 retur
650 1997 763 2021 suam
789 1984 1064 2032 ignoranciam
1090 1986 1151 2022 vel
1185 1994 1266 2022 tam
1301 1986 1422 2022 altam
1458 1985 1703 2022 sentenciam
1738 1998 1820 2022 non
1837 1996 1879 2027 30

511 2042 846 2079 condicionaliter
879 2043 1119 2079 testaretur?

1015 2214 1150 2255 CAP.
1182 2215 1317 2255 XIII.

568 2310 758 2359 Sequitur
807 2310 844 2345 in
879 2319 984 2346 textu
1020 2309 1230 2357 evangelii:
1277 2310 1521 2358 Aspz'ciebant
1552 2322 1649 2360 ergo
1681 2311 1734 2345 ad
1765 2310 1819 2345 in-

510 2368 626 2404 vicem
673 2368 862 2417 discipuli,
909 2368 1113 2403 hesitantes
1166 2369 1211 2402 de
1255 2380 1326 2416 quo
1373 2368 1530 2403 diceret.
1576 2368 1677 2403 Erat
1722 2380 1820 2417 ergo

510 2427 730 2461 recumbens
764 2438 859 2461 unus
892 2437 942 2461 ex
974 2425 1171 2474 discipulis
1204 2425 1282 2461 eius
1315 2425 1350 2461 in
1379 2426 1462 2461 sinu
1483 2426 1571 2461 Jesu
1602 2437 1711 2474 quenz
1738 2425 1822 2460 dili·
1838 2434 1875 2466 35

507 2485 624 2533 gebat
653 2484 775 2520 Jesus.
822 2484 946 2519 lmmit
992 2495 1089 2534 ergo
1128 2483 1214 2519 lzuz'c
1247 2483 1377 2519 Simon
1411 2484 1550 2519 Petrus
1582 2490 1617 2519 et
1650 2483 1739 2519 dicit
1770 2483 1822 2519 ei:

514 2542 608 2584 Quis
641 2549 696 2577 est
729 2542 775 2577 de
807 2554 878 2590 quo
912 2541 1032 2577 dicit?
1063 2542 1194 2590 Itaque
1225 2553 1309 2576 cum
1346 2541 1580 2577 recubuisset
1607 2541 1672 2576 ille
1701 2553 1820 2590 supra

579 2735 624 2760 μη.
648 2728 690 2753 A:
714 2729 742 2754 et
760 2728 925 2754 secundum
948 2727 1142 2753 catholicum.

578 2811 630 2851 33.
656 2809 732 2840 Joh.
761 2811 843 2849 XIII,
874 2820 1008 2851 ἰι-27
