<?xml version="1.0" encoding="UTF-8"?>
<!DOCTYPE html PUBLIC "-//W3C//DTD XHTML 1.0 Transitional//EN"
    "http://www.w3.org/TR/xhtml1/DTD/xhtml1-transitional.dtd">
<html xmlns="http://www.w3.org/1999/xhtml" xml:lang="en" lang="en">
 <head>
  <title>
</title>
<meta http-equiv="Content-Type" content="text/html;charset=utf-8" />
  <meta name='ocr-system' content='tesseract 3.04.00' />
  <meta name='ocr-capabilities' content='ocr_page ocr_carea ocr_par ocr_line ocrx_word'/>
</head>
<body>
  <div class='ocr_page' id='page_1' title='image "./opusevangelicum34wycl/opusevangelicum34wycl_0356.png"; bbox 0 0 1986 3289; ppageno 0'>
   <div class='ocr_carea' id='block_1_1' title="bbox 214 216 1817 269">
    <p class='ocr_par' dir='ltr' id='par_1_1' title="bbox 214 216 1817 269">
     <span class='ocr_line' id='line_1_1' title="bbox 214 216 1817 269; baseline -0.001 -11"><span class='ocrx_word' id='word_1_1' title='bbox 214 217 294 265; x_wconf 71' lang='lat'><em>318</em></span> <span class='ocrx_word' id='word_1_2' title='bbox 823 225 986 256; x_wconf 71' lang='lat' dir='ltr'><em>OPERis</em></span> <span class='ocrx_word' id='word_1_3' title='bbox 1012 226 1293 257; x_wconf 73' lang='lat' dir='ltr'>EVANGELICI</span> <span class='ocrx_word' id='word_1_4' title='bbox 1325 227 1406 257; x_wconf 69' lang='grc' dir='ltr'><em>ΜΒ.</em></span> <span class='ocrx_word' id='word_1_5' title='bbox 1434 227 1488 257; x_wconf 75' lang='grc' dir='ltr'><em>ιν.</em></span> <span class='ocrx_word' id='word_1_6' title='bbox 1655 216 1761 269; x_wconf 53' lang='lat' dir='ltr'><em>[CAR</em></span> <span class='ocrx_word' id='word_1_7' title='bbox 1784 225 1817 252; x_wconf 78' lang='lat' dir='ltr'><em>x.</em></span> 
     </span>
    </p>
   </div>
   <div class='ocr_carea' id='block_1_2' title="bbox 209 331 1880 2514">
    <p class='ocr_par' dir='ltr' id='par_1_2' title="bbox 496 331 1880 1829">
     <span class='ocr_line' id='line_1_2' title="bbox 561 331 1818 381; baseline 0.002 -15"><span class='ocrx_word' id='word_1_8' title='bbox 561 332 638 366; x_wconf 78' lang='lat' dir='ltr'><em>Sed</em></span> <span class='ocrx_word' id='word_1_9' title='bbox 681 331 939 367; x_wconf 73' lang='lat' dir='ltr'><em>hereticorum</em></span> <span class='ocrx_word' id='word_1_10' title='bbox 995 332 1165 380; x_wconf 85' lang='lat' dir='ltr'><em>refutata</em></span> <span class='ocrx_word' id='word_1_11' title='bbox 1217 332 1435 381; x_wconf 71' lang='lat' dir='ltr'><em>calumpnia</em></span> <span class='ocrx_word' id='word_1_12' title='bbox 1487 345 1649 381; x_wconf 82' lang='lat' dir='ltr'><em>quonam</em></span> <span class='ocrx_word' id='word_1_13' title='bbox 1705 334 1818 370; x_wconf 88' lang='lat' dir='ltr'><em>modo</em></span> 
     </span>
     <span class='ocr_line' id='line_1_3' title="bbox 503 389 1822 440; baseline 0.002 -17"><span class='ocrx_word' id='word_1_14' title='bbox 503 402 570 425; x_wconf 89' lang='lat' dir='ltr'><em>nos</em></span> <span class='ocrx_word' id='word_1_15' title='bbox 602 389 802 437; x_wconf 73' lang='lat' dir='ltr'><em>accepturi</em></span> <span class='ocrx_word' id='word_1_16' title='bbox 841 402 973 425; x_wconf 85' lang='lat' dir='ltr'><em>sumus</em></span> <span class='ocrx_word' id='word_1_17' title='bbox 1005 390 1073 425; x_wconf 79' lang='lat' dir='ltr'><em>liec</em></span> <span class='ocrx_word' id='word_1_18' title='bbox 1108 390 1296 425; x_wconf 84' lang='lat' dir='ltr'><em>dominica</em></span> <span class='ocrx_word' id='word_1_19' title='bbox 1332 391 1469 425; x_wconf 75' lang='lat' dir='ltr'><em>verba:</em></span> <span class='ocrx_word' id='word_1_20' title='bbox 1507 391 1584 434; x_wconf 84' lang='lat' dir='ltr'><em>Qui</em></span> <span class='ocrx_word' id='word_1_21' title='bbox 1613 391 1750 440; x_wconf 82' lang='lat' dir='ltr'><em>accipit</em></span> <span class='ocrx_word' id='word_1_22' title='bbox 1787 392 1822 426; x_wconf 74' lang='lat' dir='ltr'><em>si</em></span> 
     </span>
     <span class='ocr_line' id='line_1_4' title="bbox 501 447 1821 498; baseline 0.002 -16"><span class='ocrx_word' id='word_1_23' title='bbox 501 459 610 495; x_wconf 81' lang='lat' dir='ltr'><em>quenz</em></span> <span class='ocrx_word' id='word_1_24' title='bbox 644 447 785 482; x_wconf 88' lang='lat' dir='ltr'><em>misero</em></span> <span class='ocrx_word' id='word_1_25' title='bbox 827 459 886 482; x_wconf 87' lang='lat' dir='ltr'><em>me</em></span> <span class='ocrx_word' id='word_1_26' title='bbox 929 447 1079 496; x_wconf 80' lang='lat' dir='ltr'><em>accipit.</em></span> <span class='ocrx_word' id='word_1_27' title='bbox 1133 448 1210 491; x_wconf 83' lang='lat' dir='ltr'><em>Qui</em></span> <span class='ocrx_word' id='word_1_28' title='bbox 1239 455 1364 483; x_wconf 81' lang='lat' dir='ltr'><em>autem</em></span> <span class='ocrx_word' id='word_1_29' title='bbox 1405 460 1464 483; x_wconf 86' lang='lat' dir='ltr'><em>me</em></span> <span class='ocrx_word' id='word_1_30' title='bbox 1501 449 1639 497; x_wconf 82' lang='lat' dir='ltr'><em>accipit</em></span> <span class='ocrx_word' id='word_1_31' title='bbox 1682 449 1821 498; x_wconf 79' lang='lat' dir='ltr'><em>accipit</em></span> 
     </span>
     <span class='ocr_line' id='line_1_5' title="bbox 502 505 1819 556; baseline 0.002 -16"><span class='ocrx_word' id='word_1_32' title='bbox 502 517 585 540; x_wconf 90' lang='lat' dir='ltr'><em>eum</em></span> <span class='ocrx_word' id='word_1_33' title='bbox 620 505 684 553; x_wconf 77' lang='lat' dir='ltr'><em>qui</em></span> <span class='ocrx_word' id='word_1_34' title='bbox 720 517 780 540; x_wconf 89' lang='lat' dir='ltr'><em>me</em></span> <span class='ocrx_word' id='word_1_35' title='bbox 818 505 933 540; x_wconf 86' lang='lat' dir='ltr'><em>misit.</em></span> <span class='ocrx_word' id='word_1_36' title='bbox 975 506 1016 539; x_wconf 82' lang='lat' dir='ltr'><em>Si</em></span> <span class='ocrx_word' id='word_1_37' title='bbox 1054 505 1151 541; x_wconf 87' lang='lat' dir='ltr'><em>enim</em></span> <span class='ocrx_word' id='word_1_38' title='bbox 1194 506 1430 542; x_wconf 81' lang='lat' dir='ltr'><em>voluerimus</em></span> <span class='ocrx_word' id='word_1_39' title='bbox 1463 506 1695 556; x_wconf 76' lang='lat' dir='ltr'><em>intelligere,</em></span> <span class='ocrx_word' id='word_1_40' title='bbox 1735 507 1819 543; x_wconf 89' lang='lat' dir='ltr'><em>ideo</em></span> 
     </span>
     <span class='ocr_line' id='line_1_6' title="bbox 502 563 1852 613; baseline 0.002 -15"><span class='ocrx_word' id='word_1_41' title='bbox 502 563 664 598; x_wconf 85' lang='lat' dir='ltr'><em>dictum:</em></span> <span class='ocrx_word' id='word_1_42' title='bbox 703 563 780 606; x_wconf 83' lang='lat' dir='ltr'><em>Qui</em></span> <span class='ocrx_word' id='word_1_43' title='bbox 822 575 881 598; x_wconf 90' lang='lat' dir='ltr'><em>me</em></span> <span class='ocrx_word' id='word_1_44' title='bbox 913 563 1051 611; x_wconf 82' lang='lat' dir='ltr'><em>accipit</em></span> <span class='ocrx_word' id='word_1_45' title='bbox 1088 563 1226 612; x_wconf 77' lang='lat' dir='ltr'><em>accipit</em></span> <span class='ocrx_word' id='word_1_46' title='bbox 1270 576 1353 599; x_wconf 86' lang='lat' dir='ltr'><em>eum</em></span> <span class='ocrx_word' id='word_1_47' title='bbox 1388 563 1452 611; x_wconf 82' lang='lat' dir='ltr'><em>qui</em></span> <span class='ocrx_word' id='word_1_48' title='bbox 1482 576 1540 600; x_wconf 86' lang='lat' dir='ltr'><em>me</em></span> <span class='ocrx_word' id='word_1_49' title='bbox 1572 564 1685 611; x_wconf 78' lang='lat' dir='ltr'><em>misit,</em></span> <span class='ocrx_word' id='word_1_50' title='bbox 1719 565 1852 613; x_wconf 79' lang='lat' dir='ltr'><em>quod5</em></span> 
     </span>
     <span class='ocr_line' id='line_1_7' title="bbox 502 621 1821 670; baseline 0.002 -15"><span class='ocrx_word' id='word_1_51' title='bbox 502 621 611 656; x_wconf 87' lang='lat' dir='ltr'><em>unius</em></span> <span class='ocrx_word' id='word_1_52' title='bbox 657 627 794 656; x_wconf 89' lang='lat' dir='ltr'><em>nature</em></span> <span class='ocrx_word' id='word_1_53' title='bbox 837 621 911 657; x_wconf 86' lang='lat' dir='ltr'><em>sint</em></span> <span class='ocrx_word' id='word_1_54' title='bbox 943 621 1062 657; x_wconf 87' lang='lat' dir='ltr'><em>Pater</em></span> <span class='ocrx_word' id='word_1_55' title='bbox 1106 629 1141 657; x_wconf 89' lang='lat' dir='ltr'><em>et</em></span> <span class='ocrx_word' id='word_1_56' title='bbox 1172 622 1309 668; x_wconf 76' lang='lat' dir='ltr'><em>Filius,</em></span> <span class='ocrx_word' id='word_1_57' title='bbox 1355 634 1585 670; x_wconf 81' lang='lat' dir='ltr'><em>consequens</em></span> <span class='ocrx_word' id='word_1_58' title='bbox 1630 622 1821 658; x_wconf 82' lang='lat' dir='ltr'><em>videbitur</em></span> 
     </span>
     <span class='ocr_line' id='line_1_8' title="bbox 501 679 1821 729; baseline 0.002 -16"><span class='ocrx_word' id='word_1_59' title='bbox 501 690 552 714; x_wconf 77' lang='lat' dir='ltr'><em>ex</em></span> <span class='ocrx_word' id='word_1_60' title='bbox 583 679 791 714; x_wconf 87' lang='lat' dir='ltr'><em>eorundem</em></span> <span class='ocrx_word' id='word_1_61' title='bbox 835 679 1041 714; x_wconf 74' lang='lat' dir='ltr'><em>verborum</em></span> <span class='ocrx_word' id='word_1_62' title='bbox 1067 680 1207 729; x_wconf 76' lang='lat' dir='ltr'><em>regula</em></span> <span class='ocrx_word' id='word_1_63' title='bbox 1241 692 1313 728; x_wconf 77' lang='lat' dir='ltr'><em>qua</em></span> <span class='ocrx_word' id='word_1_64' title='bbox 1345 680 1486 715; x_wconf 84' lang='lat' dir='ltr'><em>dictum</em></span> <span class='ocrx_word' id='word_1_65' title='bbox 1521 687 1576 716; x_wconf 91' lang='lat' dir='ltr'><em>est</em></span> <span class='ocrx_word' id='word_1_66' title='bbox 1598 681 1662 729; x_wconf 79' lang='lat' dir='ltr'><em>qui</em></span> <span class='ocrx_word' id='word_1_67' title='bbox 1683 681 1821 729; x_wconf 79' lang='lat' dir='ltr'><em>accipit</em></span> 
     </span>
     <span class='ocr_line' id='line_1_9' title="bbox 500 736 1821 786; baseline 0.002 -15"><span class='ocrx_word' id='word_1_68' title='bbox 500 736 534 772; x_wconf 87' lang='lat' dir='ltr'><em>si</em></span> <span class='ocrx_word' id='word_1_69' title='bbox 566 748 674 784; x_wconf 84' lang='lat' dir='ltr'><em>quem</em></span> <span class='ocrx_word' id='word_1_70' title='bbox 709 737 850 773; x_wconf 86' lang='lat' dir='ltr'><em>misero</em></span> <span class='ocrx_word' id='word_1_71' title='bbox 884 749 943 772; x_wconf 90' lang='lat' dir='ltr'><em>me</em></span> <span class='ocrx_word' id='word_1_72' title='bbox 980 737 1119 786; x_wconf 81' lang='lat' dir='ltr'><em>accipit</em></span> <span class='ocrx_word' id='word_1_73' title='bbox 1152 744 1191 772; x_wconf 87' lang='lat' dir='ltr'><em>ut</em></span> <span class='ocrx_word' id='word_1_74' title='bbox 1223 738 1332 773; x_wconf 82' lang='lat' dir='ltr'><em>unius</em></span> <span class='ocrx_word' id='word_1_75' title='bbox 1365 744 1503 773; x_wconf 87' lang='lat' dir='ltr'><em>nature</em></span> <span class='ocrx_word' id='word_1_76' title='bbox 1540 738 1589 773; x_wconf 88' lang='lat' dir='ltr'><em>sit</em></span> <span class='ocrx_word' id='word_1_77' title='bbox 1620 738 1745 774; x_wconf 86' lang='lat' dir='ltr'><em>Filius</em></span> <span class='ocrx_word' id='word_1_78' title='bbox 1786 745 1821 773; x_wconf 89' lang='lat' dir='ltr'><em>et</em></span> 
     </span>
     <span class='ocr_line' id='line_1_10' title="bbox 501 794 1819 843; baseline 0 -13"><span class='ocrx_word' id='word_1_79' title='bbox 501 795 711 843; x_wconf 81' lang='lat' dir='ltr'><em>apostolus.</em></span> <span class='ocrx_word' id='word_1_80' title='bbox 758 794 894 830; x_wconf 89' lang='lat' dir='ltr'><em>Posset</em></span> <span class='ocrx_word' id='word_1_81' title='bbox 930 795 1080 843; x_wconf 77' lang='lat' dir='ltr'><em>quidem</em></span> <span class='ocrx_word' id='word_1_82' title='bbox 1115 803 1149 831; x_wconf 92' lang='lat' dir='ltr'><em>et</em></span> <span class='ocrx_word' id='word_1_83' title='bbox 1182 796 1252 831; x_wconf 81' lang='lat' dir='ltr'><em>hoc</em></span> <span class='ocrx_word' id='word_1_84' title='bbox 1292 808 1363 831; x_wconf 87' lang='lat' dir='ltr'><em>non</em></span> <span class='ocrx_word' id='word_1_85' title='bbox 1409 795 1717 832; x_wconf 80' lang='lat' dir='ltr'><em>inconvenienter</em></span> <span class='ocrx_word' id='word_1_86' title='bbox 1764 796 1819 831; x_wconf 89' lang='lat' dir='ltr'><em>in-</em></span> 
     </span>
     <span class='ocr_line' id='line_1_11' title="bbox 499 852 1879 904; baseline 0.004 -17"><span class='ocrx_word' id='word_1_87' title='bbox 499 852 637 902; x_wconf 79' lang='lat' dir='ltr'><em>telligi,</em></span> <span class='ocrx_word' id='word_1_88' title='bbox 670 852 850 901; x_wconf 83' lang='lat' dir='ltr'><em>quoniam</em></span> <span class='ocrx_word' id='word_1_89' title='bbox 883 853 1038 903; x_wconf 78' lang='lat' dir='ltr'><em>gemine</em></span> <span class='ocrx_word' id='word_1_90' title='bbox 1069 861 1124 889; x_wconf 89' lang='lat' dir='ltr'><em>est</em></span> <span class='ocrx_word' id='word_1_91' title='bbox 1160 853 1281 904; x_wconf 76' lang='lat' dir='ltr'><em>gigas</em></span> <span class='ocrx_word' id='word_1_92' title='bbox 1311 854 1376 889; x_wconf 89' lang='lat' dir='ltr'><em>ille</em></span> <span class='ocrx_word' id='word_1_93' title='bbox 1411 854 1627 889; x_wconf 88' lang='lat' dir='ltr'><em>substancie</em></span> <span class='ocrx_word' id='word_1_94' title='bbox 1658 854 1722 902; x_wconf 85' lang='lat' dir='ltr'><em>qui</em></span> <span class='ocrx_word' id='word_1_95' title='bbox 1751 865 1819 889; x_wconf 91' lang='lat' dir='ltr'><em>ex·</em></span> <span class='ocrx_word' id='word_1_96' title='bbox 1839 871 1879 892; x_wconf 90' lang='lat'><em>10</em></span> 
     </span>
     <span class='ocr_line' id='line_1_12' title="bbox 502 910 1816 960; baseline 0.002 -15"><span class='ocrx_word' id='word_1_97' title='bbox 502 910 640 946; x_wconf 70' lang='lat' dir='ltr'><em>ultavit</em></span> <span class='ocrx_word' id='word_1_98' title='bbox 682 911 734 945; x_wconf 91' lang='lat' dir='ltr'><em>ad</em></span> <span class='ocrx_word' id='word_1_99' title='bbox 766 911 1004 946; x_wconf 85' lang='lat' dir='ltr'><em>currendum</em></span> <span class='ocrx_word' id='word_1_100' title='bbox 1040 911 1162 946; x_wconf 84' lang='lat' dir='ltr'><em>viam:</em></span> <span class='ocrx_word' id='word_1_101' title='bbox 1214 912 1376 947; x_wconf 87' lang='lat' dir='ltr'><em>Verbum</em></span> <span class='ocrx_word' id='word_1_102' title='bbox 1411 912 1508 947; x_wconf 87' lang='lat' dir='ltr'><em>enim</em></span> <span class='ocrx_word' id='word_1_103' title='bbox 1542 924 1635 947; x_wconf 88' lang='lat' dir='ltr'><em>caro</em></span> <span class='ocrx_word' id='word_1_104' title='bbox 1659 912 1816 960; x_wconf 86' lang='lat' dir='ltr'><em>factum</em></span> 
     </span>
     <span class='ocr_line' id='line_1_13' title="bbox 501 968 1821 1018; baseline 0.001 -14"><span class='ocrx_word' id='word_1_105' title='bbox 501 975 568 1014; x_wconf 88' lang='lat' dir='ltr'><em>est,</em></span> <span class='ocrx_word' id='word_1_106' title='bbox 602 968 674 1004; x_wconf 82' lang='lat' dir='ltr'><em>hoc</em></span> <span class='ocrx_word' id='word_1_107' title='bbox 707 976 775 1015; x_wconf 78' lang='lat' dir='ltr'><em>est,</em></span> <span class='ocrx_word' id='word_1_108' title='bbox 809 969 916 1005; x_wconf 87' lang='lat' dir='ltr'><em>Deus</em></span> <span class='ocrx_word' id='word_1_109' title='bbox 950 970 1062 1005; x_wconf 80' lang='lat' dir='ltr'><em>homo</em></span> <span class='ocrx_word' id='word_1_110' title='bbox 1095 970 1236 1018; x_wconf 86' lang='lat' dir='ltr'><em>factus</em></span> <span class='ocrx_word' id='word_1_111' title='bbox 1280 977 1346 1006; x_wconf 90' lang='lat' dir='ltr'><em>est.</em></span> <span class='ocrx_word' id='word_1_112' title='bbox 1382 969 1551 1005; x_wconf 82' lang='lat' dir='ltr'><em>Proinde</em></span> <span class='ocrx_word' id='word_1_113' title='bbox 1590 970 1640 1005; x_wconf 88' lang='lat' dir='ltr'><em>ita</em></span> <span class='ocrx_word' id='word_1_114' title='bbox 1674 970 1821 1005; x_wconf 83' lang='lat' dir='ltr'><em>dixisse</em></span> 
     </span>
     <span class='ocr_line' id='line_1_14' title="bbox 496 1026 1819 1076; baseline 0 -14"><span class='ocrx_word' id='word_1_115' title='bbox 496 1033 628 1075; x_wconf 79' lang='lat' dir='ltr'><em>posset</em></span> <span class='ocrx_word' id='word_1_116' title='bbox 661 1026 804 1062; x_wconf 82' lang='lat' dir='ltr'><em>videri.-</em></span> <span class='ocrx_word' id='word_1_117' title='bbox 855 1027 931 1071; x_wconf 82' lang='lat' dir='ltr'><em>Qui</em></span> <span class='ocrx_word' id='word_1_118' title='bbox 962 1027 1102 1076; x_wconf 82' lang='lat' dir='ltr'><em>accipit</em></span> <span class='ocrx_word' id='word_1_119' title='bbox 1133 1028 1167 1064; x_wconf 92' lang='lat' dir='ltr'><em>si</em></span> <span class='ocrx_word' id='word_1_120' title='bbox 1198 1040 1305 1076; x_wconf 82' lang='lat' dir='ltr'><em>quem</em></span> <span class='ocrx_word' id='word_1_121' title='bbox 1340 1027 1482 1063; x_wconf 86' lang='lat' dir='ltr'><em>misero</em></span> <span class='ocrx_word' id='word_1_122' title='bbox 1514 1040 1574 1063; x_wconf 88' lang='lat' dir='ltr'><em>me</em></span> <span class='ocrx_word' id='word_1_123' title='bbox 1611 1028 1819 1063; x_wconf 86' lang='lat' dir='ltr'><em>secundum</em></span> 
     </span>
     <span class='ocr_line' id='line_1_15' title="bbox 501 1084 1822 1134; baseline 0.002 -15"><span class='ocrx_word' id='word_1_124' title='bbox 501 1084 691 1120; x_wconf 79' lang='lat' dir='ltr'><em>hominem</em></span> <span class='ocrx_word' id='word_1_125' title='bbox 725 1084 885 1134; x_wconf 79' lang='lat' dir='ltr'><em>accipit.-</em></span> <span class='ocrx_word' id='word_1_126' title='bbox 923 1085 999 1129; x_wconf 83' lang='lat' dir='ltr'><em>Qui</em></span> <span class='ocrx_word' id='word_1_127' title='bbox 1031 1093 1158 1121; x_wconf 87' lang='lat' dir='ltr'><em>autem</em></span> <span class='ocrx_word' id='word_1_128' title='bbox 1194 1098 1253 1121; x_wconf 88' lang='lat' dir='ltr'><em>me</em></span> <span class='ocrx_word' id='word_1_129' title='bbox 1284 1086 1490 1121; x_wconf 86' lang='lat' dir='ltr'><em>secundum</em></span> <span class='ocrx_word' id='word_1_130' title='bbox 1526 1086 1651 1122; x_wconf 86' lang='lat' dir='ltr'><em>Deum</em></span> <span class='ocrx_word' id='word_1_131' title='bbox 1684 1085 1822 1134; x_wconf 85' lang='lat' dir='ltr'><em>accipit</em></span> 
     </span>
     <span class='ocr_line' id='line_1_16' title="bbox 500 1142 1876 1192; baseline 0.002 -15"><span class='ocrx_word' id='word_1_132' title='bbox 500 1142 640 1191; x_wconf 78' lang='lat' dir='ltr'><em>accipit</em></span> <span class='ocrx_word' id='word_1_133' title='bbox 684 1155 767 1178; x_wconf 90' lang='lat' dir='ltr'><em>eum</em></span> <span class='ocrx_word' id='word_1_134' title='bbox 812 1142 877 1192; x_wconf 83' lang='lat' dir='ltr'><em>qui</em></span> <span class='ocrx_word' id='word_1_135' title='bbox 920 1155 980 1179; x_wconf 87' lang='lat' dir='ltr'><em>me</em></span> <span class='ocrx_word' id='word_1_136' title='bbox 1031 1144 1146 1179; x_wconf 87' lang='lat' dir='ltr'><em>misit.</em></span> <span class='ocrx_word' id='word_1_137' title='bbox 1194 1144 1271 1179; x_wconf 86' lang='lat' dir='ltr'><em>Sed</em></span> <span class='ocrx_word' id='word_1_138' title='bbox 1314 1156 1397 1179; x_wconf 89' lang='lat' dir='ltr'><em>cum</em></span> <span class='ocrx_word' id='word_1_139' title='bbox 1432 1144 1503 1179; x_wconf 88' lang='lat' dir='ltr'><em>ista</em></span> <span class='ocrx_word' id='word_1_140' title='bbox 1549 1144 1709 1185; x_wconf 86' lang='lat' dir='ltr'><em>dicebat,</em></span> <span class='ocrx_word' id='word_1_141' title='bbox 1748 1150 1876 1182; x_wconf 58' lang='lat' dir='ltr'><em>noni&amp;</em></span> 
     </span>
     <span class='ocr_line' id='line_1_17' title="bbox 500 1201 1823 1250; baseline 0.002 -15"><span class='ocrx_word' id='word_1_142' title='bbox 500 1201 546 1236; x_wconf 92' lang='lat' dir='ltr'><em>ab</em></span> <span class='ocrx_word' id='word_1_143' title='bbox 580 1201 646 1236; x_wconf 89' lang='lat' dir='ltr'><em>illo</em></span> <span class='ocrx_word' id='word_1_144' title='bbox 680 1208 818 1237; x_wconf 84' lang='lat' dir='ltr'><em>nature</em></span> <span class='ocrx_word' id='word_1_145' title='bbox 862 1201 987 1237; x_wconf 89' lang='lat' dir='ltr'><em>unitas</em></span> <span class='ocrx_word' id='word_1_146' title='bbox 1030 1202 1098 1237; x_wconf 87' lang='lat' dir='ltr'><em>sed</em></span> <span class='ocrx_word' id='word_1_147' title='bbox 1142 1202 1177 1237; x_wconf 89' lang='lat' dir='ltr'><em>in</em></span> <span class='ocrx_word' id='word_1_148' title='bbox 1210 1202 1276 1237; x_wconf 86' lang='lat' dir='ltr'><em>illo</em></span> <span class='ocrx_word' id='word_1_149' title='bbox 1324 1202 1387 1250; x_wconf 82' lang='lat' dir='ltr'><em>qui</em></span> <span class='ocrx_word' id='word_1_150' title='bbox 1430 1201 1596 1237; x_wconf 82' lang='lat' dir='ltr'><em>mittitur</em></span> <span class='ocrx_word' id='word_1_151' title='bbox 1639 1201 1823 1237; x_wconf 89' lang='lat' dir='ltr'><em>mittentis</em></span> 
     </span>
     <span class='ocr_line' id='line_1_18' title="bbox 501 1259 1821 1308; baseline 0.001 -14"><span class='ocrx_word' id='word_1_152' title='bbox 501 1259 845 1294; x_wconf 78' lang='lat' dir='ltr'><em>commendabatur</em></span> <span class='ocrx_word' id='word_1_153' title='bbox 896 1260 1119 1295; x_wconf 85' lang='lat' dir='ltr'><em>auctoritas.</em></span> <span class='ocrx_word' id='word_1_154' title='bbox 1167 1260 1230 1295; x_wconf 85' lang='lat' dir='ltr'><em>Sic</em></span> <span class='ocrx_word' id='word_1_155' title='bbox 1280 1260 1407 1308; x_wconf 78' lang='lat' dir='ltr'><em>itaque</em></span> <span class='ocrx_word' id='word_1_156' title='bbox 1444 1262 1697 1308; x_wconf 78' lang='lat' dir='ltr'><em>unusquisque</em></span> <span class='ocrx_word' id='word_1_157' title='bbox 1738 1272 1821 1295; x_wconf 87' lang='lat' dir='ltr'><em>eum</em></span> 
     </span>
     <span class='ocr_line' id='line_1_19' title="bbox 501 1317 1818 1366; baseline 0.001 -14"><span class='ocrx_word' id='word_1_158' title='bbox 501 1317 566 1365; x_wconf 78' lang='lat' dir='ltr'><em>qui</em></span> <span class='ocrx_word' id='word_1_159' title='bbox 595 1324 651 1352; x_wconf 93' lang='lat' dir='ltr'><em>est</em></span> <span class='ocrx_word' id='word_1_160' title='bbox 683 1317 823 1353; x_wconf 86' lang='lat' dir='ltr'><em>missus</em></span> <span class='ocrx_word' id='word_1_161' title='bbox 855 1317 1021 1366; x_wconf 81' lang='lat' dir='ltr'><em>accipiat</em></span> <span class='ocrx_word' id='word_1_162' title='bbox 1045 1325 1084 1353; x_wconf 91' lang='lat' dir='ltr'><em>ut</em></span> <span class='ocrx_word' id='word_1_163' title='bbox 1117 1318 1152 1353; x_wconf 82' lang='lat' dir='ltr'><em>in</em></span> <span class='ocrx_word' id='word_1_164' title='bbox 1186 1318 1252 1353; x_wconf 89' lang='lat' dir='ltr'><em>illo</em></span> <span class='ocrx_word' id='word_1_165' title='bbox 1287 1330 1370 1353; x_wconf 84' lang='lat' dir='ltr'><em>eum</em></span> <span class='ocrx_word' id='word_1_166' title='bbox 1405 1318 1468 1366; x_wconf 82' lang='lat' dir='ltr'><em>qui</em></span> <span class='ocrx_word' id='word_1_167' title='bbox 1499 1318 1601 1353; x_wconf 86' lang='lat' dir='ltr'><em>misit</em></span> <span class='ocrx_word' id='word_1_168' title='bbox 1633 1318 1818 1354; x_wconf 87' lang='lat' dir='ltr'><em>attendat.</em></span> 
     </span>
     <span class='ocr_line' id='line_1_20' title="bbox 501 1375 1824 1425; baseline 0.002 -16"><span class='ocrx_word' id='word_1_169' title='bbox 501 1375 544 1410; x_wconf 77' lang='lat' dir='ltr'><em>Si</em></span> <span class='ocrx_word' id='word_1_170' title='bbox 575 1386 672 1425; x_wconf 73' lang='lat' dir='ltr'><em>ergo</em></span> <span class='ocrx_word' id='word_1_171' title='bbox 717 1375 896 1411; x_wconf 86' lang='lat' dir='ltr'><em>attendas</em></span> <span class='ocrx_word' id='word_1_172' title='bbox 933 1375 1129 1411; x_wconf 75' lang='lat' dir='ltr'><em>Christum</em></span> <span class='ocrx_word' id='word_1_173' title='bbox 1176 1377 1211 1411; x_wconf 85' lang='lat' dir='ltr'><em>in</em></span> <span class='ocrx_word' id='word_1_174' title='bbox 1256 1376 1386 1421; x_wconf 85' lang='lat' dir='ltr'><em>Petro,</em></span> <span class='ocrx_word' id='word_1_175' title='bbox 1434 1376 1599 1411; x_wconf 79' lang='lat' dir='ltr'><em>invenies</em></span> <span class='ocrx_word' id='word_1_176' title='bbox 1645 1376 1824 1424; x_wconf 79' lang='lat' dir='ltr'><em>discipuli</em></span> 
     </span>
     <span class='ocr_line' id='line_1_21' title="bbox 496 1433 1880 1482; baseline 0.003 -14"><span class='ocrx_word' id='word_1_177' title='bbox 496 1440 782 1482; x_wconf 77' lang='lat' dir='ltr'><em>preceptorem,</em></span> <span class='ocrx_word' id='word_1_178' title='bbox 815 1433 850 1469; x_wconf 90' lang='lat' dir='ltr'><em>si</em></span> <span class='ocrx_word' id='word_1_179' title='bbox 879 1441 1005 1469; x_wconf 85' lang='lat' dir='ltr'><em>autem</em></span> <span class='ocrx_word' id='word_1_180' title='bbox 1039 1435 1217 1470; x_wconf 85' lang='lat' dir='ltr'><em>attendas</em></span> <span class='ocrx_word' id='word_1_181' title='bbox 1246 1435 1403 1469; x_wconf 85' lang='lat' dir='ltr'><em>Patrem</em></span> <span class='ocrx_word' id='word_1_182' title='bbox 1437 1434 1473 1469; x_wconf 89' lang='lat' dir='ltr'><em>in</em></span> <span class='ocrx_word' id='word_1_183' title='bbox 1507 1434 1622 1480; x_wconf 83' lang='lat' dir='ltr'><em>Filio,</em></span> <span class='ocrx_word' id='word_1_184' title='bbox 1656 1434 1823 1470; x_wconf 83' lang='lat' dir='ltr'><em>invenies</em></span> <span class='ocrx_word' id='word_1_185' title='bbox 1839 1451 1880 1472; x_wconf 88' lang='lat'><em>20</em></span> 
     </span>
     <span class='ocr_line' id='line_1_22' title="bbox 502 1491 1821 1541; baseline 0.002 -16"><span class='ocrx_word' id='word_1_186' title='bbox 502 1491 691 1541; x_wconf 74' lang='lat' dir='ltr'><em>unigeniti</em></span> <span class='ocrx_word' id='word_1_187' title='bbox 719 1491 960 1541; x_wconf 67' lang='lat' dir='ltr'><em>genitorem7·</em></span> <span class='ocrx_word' id='word_1_188' title='bbox 996 1504 1041 1527; x_wconf 90' lang='lat' dir='ltr'><em>ac</em></span> <span class='ocrx_word' id='word_1_189' title='bbox 1072 1493 1106 1528; x_wconf 87' lang='lat' dir='ltr'><em>si</em></span> <span class='ocrx_word' id='word_1_190' title='bbox 1136 1492 1171 1527; x_wconf 89' lang='lat' dir='ltr'><em>in</em></span> <span class='ocrx_word' id='word_1_191' title='bbox 1205 1505 1246 1528; x_wconf 90' lang='lat' dir='ltr'><em>eo</em></span> <span class='ocrx_word' id='word_1_192' title='bbox 1281 1492 1345 1540; x_wconf 80' lang='lat' dir='ltr'><em>qui</em></span> <span class='ocrx_word' id='word_1_193' title='bbox 1375 1492 1513 1528; x_wconf 83' lang='lat' dir='ltr'><em>missus</em></span> <span class='ocrx_word' id='word_1_194' title='bbox 1546 1499 1601 1527; x_wconf 86' lang='lat' dir='ltr'><em>est</em></span> <span class='ocrx_word' id='word_1_195' title='bbox 1631 1492 1711 1527; x_wconf 87' lang='lat' dir='ltr'><em>sine</em></span> <span class='ocrx_word' id='word_1_196' title='bbox 1743 1492 1821 1528; x_wconf 90' lang='lat' dir='ltr'><em>ullo</em></span> 
     </span>
     <span class='ocr_line' id='line_1_23' title="bbox 502 1549 1820 1600; baseline 0.001 -16"><span class='ocrx_word' id='word_1_197' title='bbox 502 1561 639 1584; x_wconf 84' lang='lat' dir='ltr'><em>errore</em></span> <span class='ocrx_word' id='word_1_198' title='bbox 670 1549 813 1598; x_wconf 79' lang='lat' dir='ltr'><em>accipis</em></span> <span class='ocrx_word' id='word_1_199' title='bbox 847 1549 1068 1588; x_wconf 85' lang='lat' dir='ltr'><em>mittentem,</em></span> <span class='ocrx_word' id='word_1_200' title='bbox 1113 1550 1174 1585; x_wconf 88' lang='lat' dir='ltr'><em>Ea</em></span> <span class='ocrx_word' id='word_1_201' title='bbox 1207 1562 1276 1599; x_wconf 80' lang='lat' dir='ltr'><em>que</em></span> <span class='ocrx_word' id='word_1_202' title='bbox 1308 1557 1519 1598; x_wconf 81' lang='lat' dir='ltr'><em>sequuntur</em></span> <span class='ocrx_word' id='word_1_203' title='bbox 1551 1550 1586 1585; x_wconf 90' lang='lat' dir='ltr'><em>in</em></span> <span class='ocrx_word' id='word_1_204' title='bbox 1620 1550 1820 1600; x_wconf 77' lang='lat' dir='ltr'><em>evangelio</em></span> 
     </span>
     <span class='ocr_line' id='line_1_24' title="bbox 502 1607 1819 1655; baseline 0.002 -14"><span class='ocrx_word' id='word_1_205' title='bbox 502 1619 574 1643; x_wconf 89' lang='lat' dir='ltr'><em>non</em></span> <span class='ocrx_word' id='word_1_206' title='bbox 612 1614 700 1643; x_wconf 89' lang='lat' dir='ltr'><em>sunt</em></span> <span class='ocrx_word' id='word_1_207' title='bbox 739 1607 926 1655; x_wconf 81' lang='lat' dir='ltr'><em>temporis</em></span> <span class='ocrx_word' id='word_1_208' title='bbox 963 1608 1151 1644; x_wconf 79' lang='lat' dir='ltr'><em>brevitate</em></span> <span class='ocrx_word' id='word_1_209' title='bbox 1191 1609 1418 1645; x_wconf 83' lang='lat' dir='ltr'><em>coartanda.</em></span> <span class='ocrx_word' id='word_1_210' title='bbox 1467 1608 1519 1643; x_wconf 90' lang='lat' dir='ltr'><em>Et</em></span> <span class='ocrx_word' id='word_1_211' title='bbox 1564 1608 1647 1643; x_wconf 88' lang='lat' dir='ltr'><em>ideo</em></span> <span class='ocrx_word' id='word_1_212' title='bbox 1691 1620 1819 1644; x_wconf 88' lang='lat' dir='ltr'><em>sermo</em></span> 
     </span>
     <span class='ocr_line' id='line_1_25' title="bbox 501 1665 1821 1715; baseline 0.001 -15"><span class='ocrx_word' id='word_1_213' title='bbox 501 1665 572 1701; x_wconf 88' lang='lat' dir='ltr'><em>iste</em></span> <span class='ocrx_word' id='word_1_214' title='bbox 615 1665 811 1701; x_wconf 83' lang='lat' dir='ltr'><em>carissimi</em></span> <span class='ocrx_word' id='word_1_215' title='bbox 853 1666 957 1701; x_wconf 80' lang='lat' dir='ltr'><em>velut</em></span> <span class='ocrx_word' id='word_1_216' title='bbox 1003 1666 1128 1701; x_wconf 73' lang='lat' dir='ltr'><em>ovium</em></span> <span class='ocrx_word' id='word_1_217' title='bbox 1175 1673 1399 1702; x_wconf 85' lang='lat' dir='ltr'><em>sanctarum</em></span> <span class='ocrx_word' id='word_1_218' title='bbox 1454 1666 1558 1701; x_wconf 86' lang='lat' dir='ltr'><em>cibus</em></span> <span class='ocrx_word' id='word_1_219' title='bbox 1601 1666 1635 1701; x_wconf 89' lang='lat' dir='ltr'><em>si</em></span> <span class='ocrx_word' id='word_1_220' title='bbox 1675 1666 1821 1715; x_wconf 87' lang='lat' dir='ltr'><em>sufficit</em></span> 
     </span>
     <span class='ocr_line' id='line_1_26' title="bbox 499 1723 1875 1775; baseline 0.002 -16"><span class='ocrx_word' id='word_1_221' title='bbox 499 1723 712 1759; x_wconf 80' lang='lat' dir='ltr'><em>salubriter</em></span> <span class='ocrx_word' id='word_1_222' title='bbox 734 1724 935 1773; x_wconf 81' lang='lat' dir='ltr'><em>capiatur:</em></span> <span class='ocrx_word' id='word_1_223' title='bbox 957 1724 991 1759; x_wconf 90' lang='lat' dir='ltr'><em>si</em></span> <span class='ocrx_word' id='word_1_224' title='bbox 1010 1724 1177 1775; x_wconf 72' lang='lat' dir='ltr'><em>exiguus</em></span> <span class='ocrx_word' id='word_1_225' title='bbox 1193 1732 1248 1760; x_wconf 90' lang='lat' dir='ltr'><em>est</em></span> <span class='ocrx_word' id='word_1_226' title='bbox 1263 1724 1573 1760; x_wconf 82' lang='lat' dir='ltr'><em>desiderabiliter</em></span> <span class='ocrx_word' id='word_1_227' title='bbox 1589 1723 1817 1761; x_wconf 87' lang='lat' dir='ltr'><em>ruminetur.</em></span> <span class='ocrx_word' id='word_1_228' title='bbox 1837 1731 1875 1762; x_wconf 81' lang='lat'><em>25</em></span> 
     </span>
     <span class='ocr_line' id='line_1_27' title="bbox 501 1781 875 1829; baseline 0.003 -13"><span class='ocrx_word' id='word_1_229' title='bbox 501 1783 583 1817; x_wconf 86' lang='lat' dir='ltr'><em>Hec</em></span> <span class='ocrx_word' id='word_1_230' title='bbox 615 1781 875 1829; x_wconf 81' lang='lat' dir='ltr'><em>Augustinus.</em></span> 
     </span>
    </p>

    <p class='ocr_par' dir='ltr' id='par_1_3' title="bbox 209 1839 1820 2012">
     <span class='ocr_line' id='line_1_28' title="bbox 252 1839 1818 1888; baseline 0.003 -16"><span class='ocrx_word' id='word_1_231' title='bbox 252 1845 319 1872; x_wconf 77' lang='lat' dir='ltr'><em>The</em></span> <span class='ocrx_word' id='word_1_232' title='bbox 340 1843 435 1873; x_wconf 79' lang='lat' dir='ltr'><em>Arian</em></span> <span class='ocrx_word' id='word_1_233' title='bbox 559 1840 765 1884; x_wconf 87' lang='lat' dir='ltr'><em>Quantum</em></span> <span class='ocrx_word' id='word_1_234' title='bbox 825 1842 875 1875; x_wconf 87' lang='lat' dir='ltr'><em>ad</em></span> <span class='ocrx_word' id='word_1_235' title='bbox 928 1839 1045 1876; x_wconf 90' lang='lat' dir='ltr'><em>istam</em></span> <span class='ocrx_word' id='word_1_236' title='bbox 1107 1839 1275 1876; x_wconf 77' lang='lat' dir='ltr'><em>heresim</em></span> <span class='ocrx_word' id='word_1_237' title='bbox 1332 1839 1543 1876; x_wconf 85' lang='lat' dir='ltr'><em>Arrianam</em></span> <span class='ocrx_word' id='word_1_238' title='bbox 1601 1848 1818 1888; x_wconf 81' lang='lat' dir='ltr'><em>ponentem</em></span> 
     </span>
     <span class='ocr_line' id='line_1_29' title="bbox 221 1881 1820 1949; baseline 0.003 -20"><span class='ocrx_word' id='word_1_239' title='bbox 221 1881 348 1949; x_wconf 41' lang='lat' dir='ltr'><em>2³¹2&amp;ssssss</em></span> <span class='ocrx_word' id='word_1_240' title='bbox 366 1885 465 1942; x_wconf 52' lang='lat' dir='ltr'><em>jansffi&#39;e</em></span> <span class='ocrx_word' id='word_1_241' title='bbox 501 1898 647 1944; x_wconf 80' lang='lat' dir='ltr'><em>gradus</em></span> <span class='ocrx_word' id='word_1_242' title='bbox 681 1897 783 1934; x_wconf 83' lang='lat' dir='ltr'><em>inter</em></span> <span class='ocrx_word' id='word_1_243' title='bbox 816 1907 971 1945; x_wconf 87' lang='lat' dir='ltr'><em>patrem</em></span> <span class='ocrx_word' id='word_1_244' title='bbox 1008 1906 1044 1933; x_wconf 83' lang='lat' dir='ltr'><em>et</em></span> <span class='ocrx_word' id='word_1_245' title='bbox 1069 1897 1193 1934; x_wconf 85' lang='lat' dir='ltr'><em>filium</em></span> <span class='ocrx_word' id='word_1_246' title='bbox 1231 1907 1267 1934; x_wconf 79' lang='lat' dir='ltr'><em>et</em></span> <span class='ocrx_word' id='word_1_247' title='bbox 1300 1897 1494 1945; x_wconf 83' lang='lat' dir='ltr'><em>Spiritum</em></span> <span class='ocrx_word' id='word_1_248' title='bbox 1524 1899 1731 1944; x_wconf 81' lang='lat' dir='ltr'><em>Sanctum,</em></span> <span class='ocrx_word' id='word_1_249' title='bbox 1765 1898 1820 1935; x_wconf 91' lang='lat' dir='ltr'><em>sic</em></span> 
     </span>
     <span class='ocr_line' id='line_1_30' title="bbox 209 1949 1819 2012; baseline 0.002 -23"><span class='ocrx_word' id='word_1_250' title='bbox 209 1949 377 2012; x_wconf 30' lang='lat' dir='ltr'><em>Triniteyngs·</em></span> <span class='ocrx_word' id='word_1_251' title='bbox 397 1955 481 1978; x_wconf 62' lang='lat'>³1³¹]</span> <span class='ocrx_word' id='word_1_252' title='bbox 500 1956 608 2002; x_wconf 86' lang='lat' dir='ltr'><em>quod</em></span> <span class='ocrx_word' id='word_1_253' title='bbox 661 1955 745 2003; x_wconf 81' lang='lat' dir='ltr'><em>ipse</em></span> <span class='ocrx_word' id='word_1_254' title='bbox 791 1955 870 1992; x_wconf 86' lang='lat' dir='ltr'><em>sint</em></span> <span class='ocrx_word' id='word_1_255' title='bbox 922 1964 1001 1992; x_wconf 83' lang='lat' dir='ltr'><em>tres</em></span> <span class='ocrx_word' id='word_1_256' title='bbox 1034 1956 1274 2006; x_wconf 77' lang='lat' dir='ltr'><em>substancie,</em></span> <span class='ocrx_word' id='word_1_257' title='bbox 1319 1955 1373 1992; x_wconf 87' lang='lat' dir='ltr'><em>sic</em></span> <span class='ocrx_word' id='word_1_258' title='bbox 1408 1957 1516 2003; x_wconf 87' lang='lat' dir='ltr'><em>quod</em></span> <span class='ocrx_word' id='word_1_259' title='bbox 1560 1956 1644 1992; x_wconf 86' lang='lat' dir='ltr'><em>sola</em></span> <span class='ocrx_word' id='word_1_260' title='bbox 1690 1956 1819 2004; x_wconf 89' lang='lat' dir='ltr'><em>prima</em></span> 
     </span>
    </p>

    <p class='ocr_par' dir='ltr' id='par_1_4' title="bbox 499 2013 1877 2514">
     <span class='ocr_line' id='line_1_31' title="bbox 499 2013 1877 2062; baseline 0.002 -14"><span class='ocrx_word' id='word_1_261' title='bbox 499 2013 730 2050; x_wconf 80' lang='lat' dir='ltr'><em>substancia</em></span> <span class='ocrx_word' id='word_1_262' title='bbox 775 2013 824 2049; x_wconf 89' lang='lat' dir='ltr'><em>sit</em></span> <span class='ocrx_word' id='word_1_263' title='bbox 856 2026 971 2050; x_wconf 79' lang='lat' dir='ltr'><em>verus</em></span> <span class='ocrx_word' id='word_1_264' title='bbox 1005 2016 1111 2049; x_wconf 83' lang='lat' dir='ltr'><em>Deus</em></span> <span class='ocrx_word' id='word_1_265' title='bbox 1160 2026 1276 2062; x_wconf 78' lang='lat' dir='ltr'><em>quem</em></span> <span class='ocrx_word' id='word_1_266' title='bbox 1315 2014 1496 2050; x_wconf 80' lang='lat' dir='ltr'><em>dixerant</em></span> <span class='ocrx_word' id='word_1_267' title='bbox 1530 2026 1614 2050; x_wconf 83' lang='grc'>6556</span> <span class='ocrx_word' id='word_1_268' title='bbox 1647 2022 1877 2061; x_wconf 76' lang='lat' dir='ltr'><em>patrem‚3‹›</em></span> 
     </span>
     <span class='ocr_line' id='line_1_32' title="bbox 499 2071 1819 2119; baseline 0.002 -13"><span class='ocrx_word' id='word_1_269' title='bbox 499 2072 675 2107; x_wconf 82' lang='lat' dir='ltr'><em>secunda</em></span> <span class='ocrx_word' id='word_1_270' title='bbox 720 2084 812 2108; x_wconf 82' lang='lat' dir='ltr'><em>vero</em></span> <span class='ocrx_word' id='word_1_271' title='bbox 846 2072 1075 2108; x_wconf 78' lang='lat' dir='ltr'><em>substancia</em></span> <span class='ocrx_word' id='word_1_272' title='bbox 1109 2071 1159 2107; x_wconf 87' lang='lat' dir='ltr'><em>sit</em></span> <span class='ocrx_word' id='word_1_273' title='bbox 1183 2074 1289 2108; x_wconf 80' lang='lat' dir='ltr'><em>Deus</em></span> <span class='ocrx_word' id='word_1_274' title='bbox 1323 2072 1426 2107; x_wconf 82' lang='lat' dir='ltr'><em>filius</em></span> <span class='ocrx_word' id='word_1_275' title='bbox 1461 2071 1591 2108; x_wconf 87' lang='lat' dir='ltr'><em>minor</em></span> <span class='ocrx_word' id='word_1_276' title='bbox 1614 2081 1741 2119; x_wconf 84' lang='lat' dir='ltr'><em>patre,</em></span> <span class='ocrx_word' id='word_1_277' title='bbox 1782 2081 1819 2108; x_wconf 85' lang='lat' dir='ltr'><em>et</em></span> 
     </span>
     <span class='ocr_line' id='line_1_33' title="bbox 499 2128 1818 2177; baseline 0.001 -13"><span class='ocrx_word' id='word_1_278' title='bbox 499 2128 623 2165; x_wconf 82' lang='lat' dir='ltr'><em>tercia</em></span> <span class='ocrx_word' id='word_1_279' title='bbox 657 2130 888 2166; x_wconf 81' lang='lat' dir='ltr'><em>substancia</em></span> <span class='ocrx_word' id='word_1_280' title='bbox 926 2130 975 2166; x_wconf 87' lang='lat' dir='ltr'><em>sit</em></span> <span class='ocrx_word' id='word_1_281' title='bbox 1008 2129 1180 2177; x_wconf 84' lang='lat' dir='ltr'><em>Spiritus</em></span> <span class='ocrx_word' id='word_1_282' title='bbox 1215 2132 1385 2166; x_wconf 86' lang='lat' dir='ltr'><em>Sanctus</em></span> <span class='ocrx_word' id='word_1_283' title='bbox 1420 2139 1456 2166; x_wconf 86' lang='lat' dir='ltr'><em>et</em></span> <span class='ocrx_word' id='word_1_284' title='bbox 1489 2143 1569 2166; x_wconf 88' lang='lat' dir='ltr'><em>non</em></span> <span class='ocrx_word' id='word_1_285' title='bbox 1594 2132 1712 2175; x_wconf 78' lang='lat' dir='ltr'><em>Deus,</em></span> <span class='ocrx_word' id='word_1_286' title='bbox 1743 2130 1818 2166; x_wconf 87' lang='lat' dir='ltr'><em>nisi</em></span> 
     </span>
     <span class='ocr_line' id='line_1_34' title="bbox 500 2187 1818 2238; baseline 0.001 -15"><span class='ocrx_word' id='word_1_287' title='bbox 500 2187 704 2238; x_wconf 72' lang='lat' dir='ltr'><em>equivoce‚</em></span> <span class='ocrx_word' id='word_1_288' title='bbox 738 2189 786 2224; x_wconf 90' lang='lat' dir='ltr'><em>ab</em></span> <span class='ocrx_word' id='word_1_289' title='bbox 821 2188 894 2225; x_wconf 88' lang='lat' dir='ltr'><em>ista</em></span> <span class='ocrx_word' id='word_1_290' title='bbox 939 2188 1099 2236; x_wconf 80' lang='lat' dir='ltr'><em>quidem</em></span> <span class='ocrx_word' id='word_1_291' title='bbox 1136 2189 1265 2224; x_wconf 82' lang='lat' dir='ltr'><em>heresi</em></span> <span class='ocrx_word' id='word_1_292' title='bbox 1311 2197 1368 2224; x_wconf 84' lang='lat' dir='ltr'><em>est</em></span> <span class='ocrx_word' id='word_1_293' title='bbox 1401 2188 1619 2224; x_wconf 83' lang='lat' dir='ltr'><em>christiana</em></span> <span class='ocrx_word' id='word_1_294' title='bbox 1652 2188 1818 2224; x_wconf 78' lang='lat' dir='ltr'><em>ecclesia</em></span> 
     </span>
     <span class='ocr_line' id='line_1_35' title="bbox 501 2245 1818 2295; baseline 0.001 -14"><span class='ocrx_word' id='word_1_295' title='bbox 501 2247 622 2281; x_wconf 88' lang='lat' dir='ltr'><em>modo</em></span> <span class='ocrx_word' id='word_1_296' title='bbox 654 2245 869 2282; x_wconf 79' lang='lat' dir='ltr'><em>verbaliter</em></span> <span class='ocrx_word' id='word_1_297' title='bbox 903 2246 1094 2295; x_wconf 76' lang='lat' dir='ltr'><em>quietata,</em></span> <span class='ocrx_word' id='word_1_298' title='bbox 1137 2258 1225 2282; x_wconf 89' lang='lat' dir='ltr'><em>cum</em></span> <span class='ocrx_word' id='word_1_299' title='bbox 1262 2246 1448 2282; x_wconf 80' lang='lat' dir='ltr'><em>coneedit</em></span> <span class='ocrx_word' id='word_1_300' title='bbox 1482 2246 1686 2282; x_wconf 84' lang='lat' dir='ltr'><em>Christum</em></span> <span class='ocrx_word' id='word_1_301' title='bbox 1733 2258 1818 2282; x_wconf 88' lang='grc'>6556</span> 
     </span>
     <span class='ocr_line' id='line_1_36' title="bbox 500 2303 1873 2353; baseline 0.001 -14"><span class='ocrx_word' id='word_1_302' title='bbox 500 2303 700 2351; x_wconf 85' lang='lat' dir='ltr'><em>duplicem</em></span> <span class='ocrx_word' id='word_1_303' title='bbox 736 2304 1026 2353; x_wconf 70' lang='lat' dir='ltr'><em>substanciam,</em></span> <span class='ocrx_word' id='word_1_304' title='bbox 1061 2303 1310 2340; x_wconf 80' lang='lat' dir='ltr'><em>divinitatem</em></span> <span class='ocrx_word' id='word_1_305' title='bbox 1344 2303 1497 2340; x_wconf 85' lang='lat' dir='ltr'><em>scilicet</em></span> <span class='ocrx_word' id='word_1_306' title='bbox 1522 2313 1558 2340; x_wconf 82' lang='lat' dir='ltr'><em>et</em></span> <span class='ocrx_word' id='word_1_307' title='bbox 1586 2304 1817 2340; x_wconf 84' lang='lat' dir='ltr'><em>humanita-</em></span> <span class='ocrx_word' id='word_1_308' title='bbox 1835 2311 1873 2343; x_wconf 78' lang='lat'><em>35</em></span> 
     </span>
     <span class='ocr_line' id='line_1_37' title="bbox 499 2361 1817 2409; baseline 0.001 -12"><span class='ocrx_word' id='word_1_309' title='bbox 499 2370 579 2397; x_wconf 84' lang='lat' dir='ltr'><em>tem</em></span> <span class='ocrx_word' id='word_1_310' title='bbox 605 2370 642 2398; x_wconf 82' lang='lat' dir='ltr'><em>et</em></span> <span class='ocrx_word' id='word_1_311' title='bbox 665 2364 886 2398; x_wconf 85' lang='lat' dir='ltr'><em>secundum</em></span> <span class='ocrx_word' id='word_1_312' title='bbox 913 2362 1160 2398; x_wconf 85' lang='lat' dir='ltr'><em>divinitatem</em></span> <span class='ocrx_word' id='word_1_313' title='bbox 1198 2374 1281 2398; x_wconf 79' lang='lat' dir='ltr'><em>esse</em></span> <span class='ocrx_word' id='word_1_314' title='bbox 1316 2375 1405 2398; x_wconf 89' lang='lat' dir='ltr'><em>cum</em></span> <span class='ocrx_word' id='word_1_315' title='bbox 1440 2371 1553 2409; x_wconf 83' lang='lat' dir='ltr'><em>patre</em></span> <span class='ocrx_word' id='word_1_316' title='bbox 1588 2371 1624 2398; x_wconf 84' lang='lat' dir='ltr'><em>et</em></span> <span class='ocrx_word' id='word_1_317' title='bbox 1664 2361 1817 2409; x_wconf 86' lang='lat' dir='ltr'><em>Spiritu</em></span> 
     </span>
     <span class='ocr_line' id='line_1_38' title="bbox 500 2419 1815 2468; baseline 0 -13"><span class='ocrx_word' id='word_1_318' title='bbox 500 2419 648 2455; x_wconf 81' lang='lat' dir='ltr'><em>Sancto</em></span> <span class='ocrx_word' id='word_1_319' title='bbox 682 2422 849 2456; x_wconf 79' lang='lat' dir='ltr'><em>eandem</em></span> <span class='ocrx_word' id='word_1_320' title='bbox 885 2420 1155 2456; x_wconf 83' lang='lat' dir='ltr'><em>substanciam</em></span> <span class='ocrx_word' id='word_1_321' title='bbox 1198 2419 1538 2468; x_wconf 83' lang='lat' dir='ltr'><em>simplicissimam</em></span> <span class='ocrx_word' id='word_1_322' title='bbox 1580 2419 1815 2464; x_wconf 77' lang='lat' dir='ltr'><em>increatam,</em></span> 
     </span>
     <span class='ocr_line' id='line_1_39' title="bbox 500 2477 1816 2514; baseline 0.001 -2"><span class='ocrx_word' id='word_1_323' title='bbox 500 2490 589 2512; x_wconf 90' lang='lat' dir='ltr'><em>cum</em></span> <span class='ocrx_word' id='word_1_324' title='bbox 645 2477 711 2513; x_wconf 84' lang='lat' dir='ltr'><em>illa</em></span> <span class='ocrx_word' id='word_1_325' title='bbox 764 2478 994 2514; x_wconf 84' lang='lat' dir='ltr'><em>substancia</em></span> <span class='ocrx_word' id='word_1_326' title='bbox 1048 2478 1097 2514; x_wconf 80' lang='lat' dir='ltr'><em>sit</em></span> <span class='ocrx_word' id='word_1_327' title='bbox 1131 2491 1287 2514; x_wconf 87' lang='lat' dir='ltr'><em>summa</em></span> <span class='ocrx_word' id='word_1_328' title='bbox 1335 2490 1395 2514; x_wconf 84' lang='lat' dir='ltr'><em>res</em></span> <span class='ocrx_word' id='word_1_329' title='bbox 1448 2487 1484 2514; x_wconf 82' lang='lat' dir='ltr'><em>et</em></span> <span class='ocrx_word' id='word_1_330' title='bbox 1530 2487 1612 2513; x_wconf 85' lang='lat' dir='ltr'><em>tota</em></span> <span class='ocrx_word' id='word_1_331' title='bbox 1659 2477 1816 2514; x_wconf 84' lang='lat' dir='ltr'><em>trinitas</em></span> 
     </span>
    </p>
   </div>
   <div class='ocr_carea' id='block_1_3' title="bbox 500 2548 1813 2797">
    <p class='ocr_par' dir='ltr' id='par_1_5' title="bbox 500 2548 1813 2797">
     <span class='ocr_line' id='line_1_40' title="bbox 500 2548 778 2583; baseline 0.004 -12"><span class='ocrx_word' id='word_1_332' title='bbox 500 2548 778 2583; x_wconf 79' lang='lat' dir='ltr'><em>personarum.</em></span> 
     </span>
     <span class='ocr_line' id='line_1_41' title="bbox 572 2727 1813 2762; baseline -0.001 -8"><span class='ocrx_word' id='word_1_333' title='bbox 572 2736 607 2760; x_wconf 76' lang='lat'><em>¹7-</em></span> <span class='ocrx_word' id='word_1_334' title='bbox 631 2729 672 2754; x_wconf 77' lang='lat' dir='ltr'><em>A:</em></span> <span class='ocrx_word' id='word_1_335' title='bbox 695 2727 757 2754; x_wconf 64' lang='lat' dir='ltr'><em>secl</em></span> <span class='ocrx_word' id='word_1_336' title='bbox 776 2728 889 2762; x_wconf 70' lang='lat' dir='ltr'><em>utique.</em></span> <span class='ocrx_word' id='word_1_337' title='bbox 981 2736 1024 2761; x_wconf 25' lang='lat'><em>27*</em></span> <span class='ocrx_word' id='word_1_338' title='bbox 1048 2728 1072 2754; x_wconf 84' lang='grc' dir='ltr'>Α</span> <span class='ocrx_word' id='word_1_339' title='bbox 1096 2727 1123 2753; x_wconf 77' lang='lat' dir='ltr'><em>in</em></span> <span class='ocrx_word' id='word_1_340' title='bbox 1148 2735 1260 2759; x_wconf 44' lang='lat' dir='ltr'><em>marcu:</em></span> <span class='ocrx_word' id='word_1_341' title='bbox 1281 2727 1447 2753; x_wconf 72' lang='lat' dir='ltr'><em>Jolmnnes.</em></span> <span class='ocrx_word' id='word_1_342' title='bbox 1540 2734 1584 2761; x_wconf 66' lang='lat'><em>29.</em></span> <span class='ocrx_word' id='word_1_343' title='bbox 1609 2727 1646 2753; x_wconf 68' lang='lat' dir='ltr'><em>u:</em></span> <span class='ocrx_word' id='word_1_344' title='bbox 1669 2727 1725 2754; x_wconf 82' lang='lat' dir='ltr'><em>isle</em></span> <span class='ocrx_word' id='word_1_345' title='bbox 1744 2727 1813 2753; x_wconf 81' lang='lat' dir='ltr'><em>sint.</em></span> 
     </span>
     <span class='ocr_line' id='line_1_42' title="bbox 500 2761 1304 2797; baseline 0 -9"><span class='ocrx_word' id='word_1_346' title='bbox 500 2761 545 2795; x_wconf 60' lang='lat'><em>1411.</em></span> <span class='ocrx_word' id='word_1_347' title='bbox 569 2776 575 2788; x_wconf 75' lang='grc'><em>,·</em></span> <span class='ocrx_word' id='word_1_348' title='bbox 607 2770 611 2787; x_wconf 81' lang='lat' dir='ltr'><em>z</em></span> <span class='ocrx_word' id='word_1_349' title='bbox 637 2763 790 2789; x_wconf 72' lang='lat' dir='ltr'><em>Christum</em></span> <span class='ocrx_word' id='word_1_350' title='bbox 812 2765 864 2789; x_wconf 76' lang='lat' dir='ltr'><em>est.</em></span> <span class='ocrx_word' id='word_1_351' title='bbox 956 2762 999 2797; x_wconf 74' lang='lat'><em>37.</em></span> <span class='ocrx_word' id='word_1_352' title='bbox 1024 2762 1059 2788; x_wconf 69' lang='lat'><em>13:</em></span> <span class='ocrx_word' id='word_1_353' title='bbox 1080 2762 1304 2796; x_wconf 76' lang='lat' dir='ltr'><em>simplicimnm.</em></span> 
     </span>
    </p>
   </div>
   <div class='ocr_carea' id='block_1_4' title="bbox 577 2846 1219 2886">
    <p class='ocr_par' dir='ltr' id='par_1_6' title="bbox 577 2846 1219 2886">
     <span class='ocr_line' id='line_1_43' title="bbox 577 2846 1219 2886; baseline 0 -10"><span class='ocrx_word' id='word_1_354' title='bbox 577 2856 623 2876; x_wconf 87' lang='lat'><em>11.</em></span> <span class='ocrx_word' id='word_1_355' title='bbox 653 2846 776 2876; x_wconf 70' lang='lat' dir='ltr'><em>l‘salm.</em></span> <span class='ocrx_word' id='word_1_356' title='bbox 806 2847 922 2886; x_wconf 76' lang='lat' dir='ltr'>XVIII,</span> <span class='ocrx_word' id='word_1_357' title='bbox 949 2846 985 2884; x_wconf 63' lang='lat'><em>⁴33</em></span> <span class='ocrx_word' id='word_1_358' title='bbox 1012 2846 1088 2877; x_wconf 79' lang='lat' dir='ltr'><strong>.¹‹›h.</strong></span> <span class='ocrx_word' id='word_1_359' title='bbox 1119 2847 1139 2884; x_wconf 70' lang='grc' dir='ltr'><em>Ι7</em></span> <span class='ocrx_word' id='word_1_360' title='bbox 1174 2856 1219 2886; x_wconf 62' lang='lat'><em>14.</em></span> 
     </span>
    </p>
   </div>
  </div>
 </body>
</html>
