1986 3289
227 253 315 281 CAR
336 243 490 296 xxxm]
601 255 660 286 DE
687 253 1000 286 ANTICHRlsTo
1030 253 1112 284 ΜΒ.
1139 253 1162 284 1.

225 362 484 412 gentesfacte
506 367 593 396 sunt
619 360 865 410 principatus
892 359 1114 409 principum
1148 360 1425 410 malignorum,
1462 373 1535 396 una

225 427 351 455 autem
383 431 480 470 gens
510 419 577 455 sub
605 418 827 467 principatu
860 417 1079 462 Affichaelis,
1112 417 1166 453 sic
1197 425 1231 453 et
1264 430 1393 453 omnes
1420 419 1535 454 modo

225 479 377 514 hereses
402 478 515 526 facte
546 484 633 513 sunt
669 477 737 512 sub
778 474 980 512 demonum
1015 476 1249 525 principatu,
1290 488 1363 511 una
1408 483 1534 512 autem

223 536 290 571 sub
307 535 531 584 principatu
553 534 701 570 Christi
721 534 907 570 remansit
927 546 999 582 que
1021 533 1112 569 dicit
1127 541 1291 583 propter
1313 534 1513 570 ecclesiam
1527 549 1537 569 .·

190 600 206 632 5
228 594 308 629 Una
344 600 400 629 est
432 593 606 628 columba
640 604 737 638 mea,
766 592 946 641 perfecta
981 604 1075 627 mea.

279 651 332 687 Et
362 658 450 687 tunc
488 650 858 702 scandalizabuntur
889 650 1000 685 multi
1036 657 1071 685 et
1108 648 1267 684 invicem
1307 649 1464 685 tradent
1501 657 1536 685 et

222 709 309 745 odio
353 709 543 744 habebunt
588 708 761 743 invicem.
808 707 942 743 Eciam
983 719 1033 743 ex
1071 707 1129 743 his
1161 706 1288 742 verbis
1321 708 1536 743 ostenditur

221 767 411 815 quomodo
455 766 515 802 hic
560 778 631 802 non
677 766 858 802 dicuntur
897 766 942 801 de
980 764 1216 813 temporibus
1254 766 1534 814 apostolorum,

221 825 402 873 quamdiu
432 825 647 860 Jerusalem
670 825 815 872 fuerat
846 823 1047 872 capienda,
1087 823 1263 871 quoniam
1304 830 1392 859 tunc
1419 824 1538 872 pauci

169 882 600 934 10scandalizabantur,
634 889 669 917 et
694 882 812 930 pauci
842 881 1045 917 christiani
1072 880 1231 916 invicem
1254 893 1294 916 se
1316 881 1534 928 tradebant,

219 940 305 989 quia
338 952 404 977 nec
427 940 604 976 odiebant
635 939 807 985 invicem,
839 939 910 975 sed
932 946 1016 975 erat
1049 938 1217 975 omnium
1251 951 1320 974 cor
1352 952 1465 974 unum
1500 947 1535 975 et

219 998 348 1034 anima
380 1010 475 1033 una:
516 998 585 1033 sed
617 998 663 1033 de
694 998 839 1034 nostris
872 997 973 1040 dicit,
1018 997 1053 1032 in
1093 996 1229 1045 quibus
1256 997 1393 1046 plures
1423 1010 1533 1034 scan-

221 1056 381 1108 dalizati
415 1063 503 1092 sunt
541 1063 576 1091 et
612 1055 933 1108 scandalizantur
969 1067 990 1090 a
1012 1054 1115 1104 fide*
1139 1055 1267 1104 magis
1299 1066 1412 1103 quam
1446 1068 1533 1091 con-

224 1113 441 1163 firmentur
483 1113 519 1148 in
539 1113 637 1163 fide.
692 1114 804 1149 Nunc
847 1113 1080 1148 alterutrum
1125 1120 1160 1148 et
1205 1113 1455 1149 tradiderunt
1499 1121 1534 1149 et

166 1172 379 1208 15tradunt
411 1172 600 1220 quomodo
633 1179 668 1207 et
700 1172 832 1208 odiunt
870 1183 911 1207 se
948 1171 1196 1217 alterutrum,
1242 1170 1293 1206 ita
1327 1179 1367 1207 ut
1398 1183 1464 1207 nec
1497 1171 1532 1206 in

219 1229 366 1265 duobus
395 1229 586 1265 sinceram
620 1229 789 1265 invenias
821 1229 1035 1273 caritatem,
1071 1240 1142 1264 non
1167 1228 1291 1264 dicam
1316 1229 1351 1264 in
1385 1229 1531 1265 multis.

275 1287 328 1322 Et
360 1287 472 1323 multi
498 1288 833 1336 pseudoprophete
864 1293 1081 1337 exsurgent
1113 1293 1147 1322 et
1175 1286 1357 1322 seducent
1379 1288 1530 1324 multos.

219 1345 412 1394 Prophete
445 1345 636 1389 dicuntur,
677 1358 748 1381 non
780 1345 904 1381 solum
938 1344 1023 1393 quia
1057 1345 1103 1379 de
1138 1344 1294 1380 Christo
1327 1345 1532 1381 annuncia-

217 1410 354 1438 verunt
385 1415 451 1438 nec
490 1403 641 1438 omnino
679 1403 765 1451 quia
787 1403 932 1451 futura
974 1403 1194 1450 loquuntur,
1239 1403 1308 1437 sed
1340 1403 1530 1448 doctores,

160 1475 201 1496 20
217 1460 307 1496 dicit
337 1460 557 1509 Apostolus,
598 1461 787 1510 prophete
832 1462 905 1496 duo
950 1468 1015 1495 aut
1053 1467 1132 1495 tres
1177 1460 1306 1495 dicant
1344 1467 1378 1495 et
1415 1461 1535 1497 ceteri

215 1520 445 1556 examinent.
492 1518 606 1569 Ergo
645 1518 1020 1567 pseudoprophetas,
1061 1518 1396 1566 pseudodoctores
1442 1519 1532 1554 dicit

215 1576 390 1612 heresum
425 1576 684 1623 diversarum,
717 1584 783 1612 aut
805 1568 891 1612 illos
919 1588 1011 1624 quos
1034 1577 1147 1611 modo
1171 1576 1344 1612 videmus
1368 1576 1531 1612 diversis

215 1634 458 1684 argumentis
501 1634 703 1684 religionis
745 1634 908 1683 speciem
949 1634 1232 1683 pretendentes.
1283 1634 1361 1669 Alii
1403 1641 1528 1670 autem

214 1703 254 1727 se
286 1692 416 1728 dicunt
453 1703 570 1740 neque
610 1693 848 1728 manducare
886 1704 1005 1740 neque
1038 1691 1213 1727 dormire
1244 1704 1362 1740 neque
1393 1692 1530 1742 algere

160 1754 197 1785 25
215 1761 331 1798 neque
374 1757 526 1785 estuare
562 1750 631 1785 sed
669 1762 821 1799 semper
853 1750 1024 1799 pendere
1056 1749 1091 1785 in
1132 1762 1232 1785 aere.
1287 1750 1366 1785 Alii
1402 1757 1527 1786 autem

216 1807 341 1843 vestiti
390 1808 536 1852 ciliciis,
589 1808 822 1843 circumdati
877 1807 1019 1844 catenis
1069 1807 1173 1843 socia
1230 1807 1303 1843 sibi
1352 1808 1528 1843 demonia

215 1873 496 1901 commoventes
528 1872 562 1901 et
594 1866 679 1913 quia
711 1865 893 1915 graciam
927 1865 1004 1901 Dei
1035 1877 1107 1900 non
1147 1865 1286 1901 habent
1310 1866 1527 1914 patrocinio

216 1923 417 1959 demonum
451 1924 781 1961 commendantur.
814 1923 892 1958 Sed
913 1924 980 1958 hec
1002 1923 1095 1958 talia
1127 1935 1283 1959 rursum
1306 1930 1394 1959 sunt
1415 1924 1528 1974 signa

215 1988 249 2016 et
271 1981 746 2030 insensatosfallunt;per
768 1981 835 2017 hec
853 1988 977 2016 tamen
993 1980 1310 2016 nonseducuntur
1323 1982 1524 2030 sapientes.

158 2044 199 2076 30
214 2038 292 2073 Alii
321 2046 446 2074 autem
478 2046 566 2074 sunt
598 2039 661 2087 qui
691 2039 936 2075 vehementer
968 2038 1065 2074 alios
1107 2039 1307 2085 seducunt,
1351 2040 1527 2087 quoniam

215 2096 284 2131 etsi
314 2096 562 2143 mendaciter,
596 2104 722 2132 tamen
763 2096 958 2132 Christum
984 2096 1202 2145 predicant,
1222 2097 1347 2145 fidem
1383 2110 1528 2133 annun-

215 2154 326 2199 ciant,
357 2155 545 2203 quomodo
566 2154 622 2190 sic
644 2154 823 2190 ecclesias
856 2155 994 2189 habent
1015 2161 1081 2189 aut
1101 2154 1256 2190 ordines
1283 2155 1527 2199 clericorum,

213 2211 269 2247 sic
307 2212 425 2261 fides,
469 2212 523 2248 sic
575 2212 759 2248 lecciones
803 2212 967 2259 divinas,
1021 2212 1152 2247 eadem
1208 2212 1388 2248 videntur
1432 2214 1528 2249 dare

215 2269 459 2318 baptismata,
520 2270 651 2305 eadem
711 2277 954 2305 sacramenta
1013 2269 1190 2318 corporis
1241 2277 1276 2306 et
1326 2271 1528 2321 sanguinis

158 2328 197 2360 35
214 2327 394 2372 Domini,·
424 2327 604 2363 similiter
635 2327 831 2376 apostolos
863 2335 897 2363 et
930 2334 1133 2374 martyres
1165 2328 1302 2363 colunt.
1349 2328 1428 2364 Per
1459 2330 1527 2364 hec

214 2396 310 2435 ergo
344 2385 456 2421 valde
488 2385 749 2421 tenebrescere
769 2386 925 2433 faciunt
958 2391 1101 2421 mentes
1123 2396 1194 2420 non
1225 2386 1348 2421 solum
1383 2387 1525 2422 medio-

215 2442 336 2478 crium
367 2442 560 2478 hominum
589 2443 657 2478 sed
686 2443 803 2479 eciam
827 2442 1096 2492 prudencium.
1132 2443 1214 2480 Hec
1242 2442 1523 2485 Crisostomus.

284 2649 320 2684 13,
344 2658 384 2683 14.
412 2651 449 2677 B:
472 2659 561 2685 quam
586 2651 776 2686 confir›nati;
809 2652 853 2679 A:
878 2652 987 2687 afide.
1071 2660 1113 2687 19,
1133 2660 1179 2680 20.
1200 2654 1248 2680 A:
1281 2653 1424 2680 doctores
1443 2654 1526 2681 unde

214 2686 382 2720 apostolus.
472 2684 515 2713 23.
537 2686 582 2713 A:
602 2686 772 2720 religionis
790 2687 941 2722 speciem;
971 2687 1011 2714 ib.
1039 2688 1086 2714 A:
1116 2687 1157 2714 Et
1175 2687 1240 2715 alii.
1326 2688 1367 2714 25.
1395 2687 1434 2715 B:
1451 2696 1524 2723 per-

208 2720 356 2754 pendere.
429 2719 474 2747 28.
495 2720 533 2747 B:
551 2728 670 2747 ‘rursum
683 2724 760 2747 sunt.
833 2728 880 2756 29.
901 2723 944 2748 A:
959 2722 1054 2756 signa
1070 2722 1169 2754 deest;
1190 2722 1230 2749 ib.
1252 2722 1288 2749 ss:
1305 2725 1405 2749 tamen
1430 2723 1522 2750 deest.

215 2752 259 2781 30.
280 2755 324 2781 A:
344 2758 413 2781 sunt
433 2755 525 2782 deest.
614 2754 653 2782 31.
681 2756 725 2782 A:
755 2758 871 2783 tantum
901 2755 1063 2783 Christum.
1153 2756 1197 2785 32.
1227 2758 1273 2785 A:
1303 2757 1455 2793 quomodo
1486 2758 1522 2785 si.

288 2859 317 2892 5.
344 2861 440 2892 Cant.
467 2861 524 2901 VI,
549 2860 580 2892 8.
659 2871 706 2893 12.
734 2863 808 2894 Act.
836 2863 891 2902 IV,
920 2864 972 2896 32.
1053 2874 1104 2895 20.
1130 2864 1153 2895 I.
1181 2863 1257 2895 Cor.
1283 2863 1371 2903 XIV,
1400 2873 1453 2907 29.

1749 255 1819 281 12.)

1557 1301 1644 1328 False
1667 1302 1815 1336 prophcts

1583 1345 1653 1371 may
1676 1337 1709 1363 bc
1731 1342 1783 1364 not

1559 1371 1737 1406 foretcllers,
1761 1372 1812 1399 but

1597 1407 1770 1441 preaclless.
