1986 3289
200 211 288 238 CAP.
318 201 370 258 v-]
555 214 614 245 DE
642 213 958 245 ANT1CHR1sTo
987 213 1070 245 ΜΒ.
1098 213 1135 244 11.

200 319 324 356 nichil
358 319 450 356 fecit
485 332 526 355 ex
561 318 838 355 indifferencia
861 320 929 355 sed
953 318 1090 355 omnia
1114 318 1312 367 probabili
1336 318 1510 361 racione,

198 378 355 414 videtur
378 378 487 425 quod
520 377 560 412 in
584 378 700 413 Petro
734 376 807 412 fuit
839 389 909 424 pre
943 376 1085 413 ceteris
1109 376 1301 424 apostolis
1334 377 1507 424 quedam

199 434 387 483 prioritas
433 434 657 482 dignitatis3
712 436 779 470 sed
826 434 1045 471 hereticum
1094 434 1251 470 videtur
1284 434 1430 470 sentire
1463 436 1510 470 de

199 495 316 529 Petro
337 494 444 541 quod
468 492 535 528 illa
559 491 746 540 prioritas
770 491 842 528 fuit
866 492 1040 539 dignitas
1074 492 1277 538 secularis,
1313 492 1368 528 sic
1403 494 1509 540 quod

165 550 267 587 51110
300 550 417 587 titulo
449 551 589 586 Petrus
630 558 667 586 et
700 562 949 586 successores
990 549 1049 586 sui
1084 549 1229 598 singuli
1264 550 1361 586 fiant
1394 562 1510 598 pape,

199 621 287 644 cum
323 608 503 644 Christus
544 605 602 660 (in
635 620 715 656 quo
755 620 835 644 non
868 616 960 644 sunt
993 615 1048 643 est
1081 615 1116 644 et
1147 611 1235 654 non)
1279 609 1396 644 docet
1427 617 1508 644 tam

199 667 338 702 crebro
361 665 399 701 in
425 666 630 714 evangelio
655 666 762 714 quod
787 665 995 702 maioritas
1018 665 1121 701 inter
1145 665 1365 713 discipulos
1389 679 1509 713 quam

198 724 282 772 ipse
315 723 572 771 appreciatur
621 723 842 760 attenditur
887 735 1007 771 penes
1042 722 1313 760 maioritatem
1348 723 1511 759 humilis

199 781 412 827 servitutis,
448 790 490 817 ut
523 790 631 829 patet
665 781 831 818 Matthei
864 783 998 831 XVIII,
1034 782 1138 817 Luce
1171 782 1287 831 XXII,
1323 781 1447 818 Marci
1481 782 1512 817 X

144 853 182 875 ιο
199 848 235 875 et
268 851 360 887 sepe
405 839 511 875 alibi.
564 839 667 885 Quia
713 852 807 886 ergo
841 839 1023 875 Christus
1056 838 1171 875 scivit
1204 840 1363 875 Petrum
1401 839 1512 875 habi-

197 906 331 933 turum
370 898 600 945 ,quandam
660 896 956 945 prerogativam
1009 896 1208 932 servitutis
1265 896 1426 933 humilis
1471 897 1511 932 in

198 955 367 991 ecclesia
402 955 612 1001 militante,
647 954 736 991 ideo
769 955 829 991 vel
862 963 1029 1003 propter
1053 967 1214 991 causam
1251 954 1371 991 aliam
1396 955 1511 991 nobis

198 1013 445 1060 incognitam
498 1012 647 1061 incepit
692 1026 713 1049 a
748 1015 865 1049 Petro
911 1012 1025 1049 istam
1063 1012 1255 1048 humilem
1297 1012 1510 1049 locionem.

196 1071 244 1106 Et
289 1070 392 1107 istud
433 1070 588 1107 videtur
634 1071 881 1107 concordare
925 1083 1015 1106 curn
1063 1070 1325 1118 responsione
1371 1070 1512 1106 humili

143 1133 317 1177 ifaquam
352 1130 420 1165 dat
453 1130 609 1164 Petrus:
662 1129 769 1175 Quis,
811 1128 941 1176 inquit
973 1128 1232 1176 Augustinus,
1287 1141 1359 1164 non
1392 1141 1513 1178 expa-

197 1194 365 1223 vesceret
399 1187 529 1222 lavari
557 1186 630 1222 sihi
655 1187 775 1235 pedes
807 1199 828 1221 a
862 1187 938 1222 Dei
957 1186 1078 1236 filio?
1129 1186 1328 1233 Quamvis,
1368 1186 1511 1234 inquit,

196 1256 338 1295 magne
387 1245 534 1293 fuisset
588 1244 748 1280 audacie
799 1244 1067 1280 contradicere
1123 1256 1278 1280 servum
1345 1245 1525 1297 dominon

196 1302 384 1338 hominem
410 1303 506 1345 Deo,
541 1310 665 1337 tamen
699 1302 767 1338 hec
790 1303 928 1338 Petrus
948 1303 1092 1350 facere
1121 1302 1256 1337 maluit
1278 1314 1391 1350 quam
1421 1315 1511 1351 per-

190 1360 283 1409 peti,
324 1368 363 1395 ut
394 1360 466 1396 sihi
489 1361 609 1408 pedes
642 1360 870 1395 lavarentur
901 1372 923 1395 a
956 1360 1125 1396 Domino
1159 1367 1194 1395 et
1226 1359 1323 1397 Deo.
1378 1362 1426 1395 Et
1457 1360 1513 1396 sic

140 1432 180 1453 20
196 1417 405 1465 probabile
437 1417 594 1454 videtur
627 1417 811 1454 fidelibus
835 1418 942 1466 quod
977 1426 1121 1454 cuncta
1155 1417 1383 1465 preposicio
1407 1418 1512 1454 Petri

196 1488 265 1524 pre
315 1475 402 1512 aliis
450 1488 595 1512 sonans
640 1475 680 1511 in
715 1477 863 1512 bonum
898 1475 1030 1523 signat
1058 1475 1096 1511 in
1131 1475 1199 1511 illo
1241 1475 1512 1512 maioritatem

196 1533 434 1570 humilitatis
468 1542 503 1569 et
537 1533 770 1570 obediencie
804 1546 847 1569 ex
888 1532 1115 1570 maioritate
1148 1532 1314 1569 fervoris
1348 1533 1439 1569 fidei
1473 1533 1513 1569 in

197 1591 265 1628 illo
300 1603 341 1627 ex
368 1591 438 1627 Dei
472 1591 606 1655 gracia
630 1591 843 1628 rutilantis.
881 1593 974 1627 Ideo
1004 1590 1123 1627 nimis
1147 1591 1324 1627 heretica
1355 1591 1513 1628 videtur

197 1649 272 1685 ista
305 1649 563 1697 presumpcio
610 1651 717 1697 quod
752 1661 796 1685 ex
829 1649 904 1685 isto
937 1658 1043 1685 textu
1076 1649 1136 1685 vel
1169 1648 1248 1685 alio
1282 1649 1512 1697 evangelico

140 1712 179 1743 25
198 1707 342 1755 aliquis
387 1708 509 1743 homo
555 1707 692 1743 fundet
737 1708 844 1755 quod
890 1706 1034 1755 aliquis
1080 1708 1222 1743 debeat
1270 1719 1354 1743 esse
1393 1720 1511 1755 papa,

198 1778 287 1801 cum
327 1764 555 1812 preposicio
589 1765 694 1801 Petri
727 1773 805 1801 stat
838 1765 877 1801 in
912 1764 1140 1801 maioritate
1174 1764 1427 1811 humilitatis,
1473 1765 1513 1801 in

198 1822 425 1859 maioritate
449 1823 699 1871 paupertatis
733 1832 769 1859 et
802 1822 842 1859 in
878 1822 1107 1859 maioritate
1141 1822 1377 1859 obediencie
1410 1795 1512 1859 f⁷acte

197 1880 368 1918 Christo.
402 1882 450 1916 Et
473 1880 578 1917 istud
610 1880 853 1917 confitentur
882 1880 1009 1917 nostri
1034 1880 1209 1928 religiosi
1233 1893 1360 1929 usque
1395 1881 1512 1917 hodie

196 1939 450 1975 verbotenus.

141 2001 181 2032 30
255 1997 369 2033 Unde
393 1996 555 2044 quidam
581 1995 791 2043 postillans
814 1997 981 2044 loquens
1014 1995 1078 2032 hic
1101 1995 1253 2032 ironice
1276 1996 1372 2032 dicit
1405 1997 1512 2045 quod

196 2066 301 2102 papa
333 2067 414 2090 non
447 2055 565 2090 habet
589 2054 652 2090 hic
674 2054 805 2090 locum
832 2055 882 2090 ab
905 2053 1146 2090 auctoritate
1179 2054 1374 2090 fundandi
1407 2055 1512 2090 hunc

197 2120 344 2147 statum
392 2112 588 2148 cesarium
636 2111 714 2147 nisi
759 2112 862 2148 forte
906 2123 950 2147 ex
988 2111 1119 2148 stultis
1150 2111 1280 2147 verbis
1315 2111 1420 2148 Petri
1454 2124 1512 2148 se—

198 2169 411 2217 quentibus
436 2171 597 2218 quando
632 2169 749 2206 dixit:
783 2169 950 2206 Domine
972 2182 1045 2205 non
1068 2170 1217 2205 lavabis
1250 2170 1368 2206 michi
1392 2171 1513 2219 pedes

197 2228 233 2263 in
266 2235 451 2264 eternum.
499 2228 671 2273 Quando
717 2226 823 2263 enim
856 2239 1027 2275 persona
1068 2226 1204 2275 aliqua
1238 2239 1420 2275 expresse
1452 2229 1513 2264 vel

142 2287 180 2320 35
197 2285 318 2321 tacite
342 2285 494 2333 aspirat
517 2286 567 2321 ad
596 2285 828 2321 huiusmodi
858 2284 1109 2333 dignitatem⁷
1144 2297 1226 2321 non
1249 2286 1368 2322 habet
1392 2287 1512 2333 pedes

199 2342 342 2379 mentis
374 2343 478 2379 lotos
512 2355 533 2379 a
567 2343 671 2379 fastu
706 2343 843 2379 mundi
878 2351 915 2379 et
948 2342 1139 2390 cupidine
1170 2352 1441 2389 terrenorum,
1475 2352 1512 2380 et

199 2413 294 2446 curn·
336 2400 594 2437 continuacio
642 2401 681 2436 in
727 2402 801 2437 hoc
846 2409 953 2437 statu
997 2400 1148 2437 stabilit
1181 2413 1327 2449 papam
1363 2401 1404 2437 in
1436 2401 1512 2438 ista

199 2458 400 2506 cupidine,
432 2458 589 2495 videtur
612 2459 718 2506 quod
742 2471 848 2506 papa
870 2458 1047 2495 verificat
1081 2459 1128 2494 de
1161 2471 1202 2494 se
1225 2458 1312 2506 ipso
1344 2460 1509 2495 verbum

199 2516 303 2552 Petri
352 2529 431 2565 quo
485 2516 581 2552 dixit
612 2516 806 2553 Domino:
860 2517 947 2552 Non
987 2516 1134 2552 lavabis
1180 2516 1297 2552 michi
1322 2518 1443 2566 pedes
1475 2517 1510 2552 in

269 2707 310 2735 25.
348 2708 393 2735 A:
420 2707 540 2744 fundat
568 2729 601 2734 ..
626 2729 630 2734 .
653 2707 748 2735 debet.
856 2708 902 2735 26.
931 2709 976 2734 A:
1011 2708 1040 2735 in
1067 2707 1153 2735 deest
1182 2708 1287 2735 before
1320 2708 1508 2735 maioritate.

198 2750 242 2776 27.
265 2744 308 2769 A:
330 2746 432 2769 autem
447 2743 656 2778 paupertatis.

275 2825 322 2858 15.
350 2826 370 2857 1.
398 2836 425 2857 0.
452 2822 530 2868 pag.
557 2825 635 2858 655.
734 2827 786 2859 33.
812 2825 891 2858 Joh.
916 2826 1004 2867 XIII,
1031 2824 1062 2857 8.

1717 217 1793 255 301

1593 500 1647 538 but
1668 500 1732 527 that

1554 543 1691 570 prlmacy
1712 543 1775 561 was

1563 573 1615 596 not
1635 570 1763 597 secular.

1591 2002 1731 2030 Satirical

1557 2038 1680 2064 remark
1701 2038 1736 2065 ot*
1753 2046 1768 2064 a

1545 2076 1779 2099 commentator.
