1986 3289
187 199 266 236 294
781 193 945 225 OPERIS
971 193 1254 225 EVANGEL1C1
1282 193 1365 225 ΜΒ.
1393 194 1447 224 iv.
1600 181 1709 235 [CAP.
1729 191 1779 219 111.

475 308 512 335 et
555 298 700 335 iterum
738 299 943 335 redeundo
989 300 1039 335 ad
1087 298 1300 347 prandium
1346 298 1401 335 sic
1446 299 1631 345 lavando,
1695 312 1784 336 cum

475 369 596 393 omne
629 370 728 404 opus
775 357 997 393 humanum
1045 357 1223 393 debitum
1257 356 1624 405 proporcionaliter
1654 365 1698 393 ut
1731 366 1788 393 est

475 415 720 451 racionabile
753 423 810 451 est
842 415 1026 450 facetum.
1083 414 1229 451 Docuit
1281 427 1375 462 ergo
1415 415 1529 451 valde
1576 414 1788 451 salubriter

476 472 657 508 Christus
704 472 745 508 in
777 472 853 508 isto
888 472 1098 509 ecclesiam
1133 473 1240 520 quod
1284 472 1410 520 magis
1445 474 1593 509 bonum
1629 481 1686 509 est
1717 485 1788 521 po-

476 530 558 566 cius
593 530 860 578 diligendum3
901 539 938 566 et
973 530 1012 566 in
1046 531 1122 566 hoc
1156 529 1348 566 destruxit
1382 530 1489 566 mille
1522 532 1679 567 hereses
1712 534 1820 578 que5

475 587 515 623 in
548 587 715 624 ecclesia
748 588 1004 636 pullularent.
1059 588 1156 633 Quis
1191 587 1295 623 enim
1343 587 1501 624 dubitat
1545 588 1638 636 quia
1682 587 1788 624 locio

475 647 622 693 pedum
678 658 754 694 que
808 654 891 682 erat
944 645 1128 682 doctrina
1182 645 1420 681 humilitatis
1467 655 1504 682 et
1550 645 1786 694 purificacio

476 703 620 739 mentis
652 703 725 739 fuit
764 704 907 740 melior
940 716 1060 752 quam
1094 705 1242 740 bonum
1286 702 1449 751 aliquod
1483 703 1717 751 corporale?
1751 711 1788 739 et

475 761 530 797 sic
562 761 766 809 signanter
807 761 988 798 Christus
1034 762 1288 809 corporalem
1338 761 1469 798 cibum
1505 770 1670 810 propter
1714 762 1789 798 hoc

476 820 626 855 bonum
652 819 787 855 anime
820 819 1078 868 pretermisit.
1113 822 1162 855 Et
1185 819 1240 855 sic
1274 820 1422 855 tollunt
1446 819 1582 856 fideles
1606 818 1789 867 argucias
1810 836 1847 857 ιο

477 889 600 925 quare
625 877 808 913 Christus
841 891 921 914 non
955 877 1130 925 appeciit
1155 878 1381 913 mundanas
1405 876 1571 914 divicias
1605 886 1642 913 et
1665 889 1789 926 quare

476 948 558 971 non
603 935 743 971 ditavit
790 945 959 972 matrem
993 948 1104 972 suam
1141 948 1185 972 ac
1219 947 1310 971 suos
1344 936 1548 983 apostolos
1590 948 1680 972 cum
1715 934 1790 970 hiis

476 993 645 1029 terrenis
679 993 924 1029 fluxibilibus
969 995 1037 1029 sed
1071 993 1211 1041 pocius
1246 992 1301 1028 eis
1335 993 1474 1029 tribuit
1518 995 1624 1030 bona
1658 992 1790 1030 anime

478 1051 657 1088 meliora.

1005 1187 1143 1228 CAP.
1177 1187 1260 1227 ΠΙ.
1813 1195 1849 1228 15

539 1281 729 1331 Sequitur
758 1282 800 1318 in
825 1291 950 1318 textu:
985 1281 1039 1318 Et
1062 1295 1145 1318 cum
1170 1283 1378 1332 accepisset
1411 1283 1608 1329 lintheum,
1636 1282 1792 1331 precin-

479 1341 539 1377 xit
590 1353 641 1387 se,
688 1341 825 1376 deinde
857 1340 960 1376 misit
1003 1352 1141 1389 aquam
1187 1341 1224 1376 in
1264 1341 1417 1389 pelvem
1464 1348 1499 1376 et
1531 1340 1629 1389 cepit
1660 1340 1795 1376 lavare

476 1399 595 1447 pedes
641 1399 919 1448 discipulorum
965 1405 1000 1433 et
1044 1399 1275 1449 extergebat
1315 1399 1455 1434 lintheo
1487 1410 1560 1447 quo
1593 1405 1678 1434 erat
1704 1410 1794 1447 pre-

481 1464 637 1494 cinctus.

262 1523 395 1563 Christ's
540 1516 669 1562 Super
702 1526 782 1562 quo
815 1513 1082 1561 Augustinus:
1136 1514 1330 1549 Debemus
1376 1513 1614 1550 dilectissimi
1644 1524 1795 1549 sensum
1814 1528 1856 1551 20

192 1560 336 1621 hung-ggii
357 1558 460 1619 {ligem
481 1572 735 1622 Evangeliste
785 1572 995 1622 diligenter
1037 1572 1249 1611 attendere,
1311 1571 1530 1607 Locuturus
1574 1571 1712 1620 quippe
1752 1571 1799 1606 de

253 1628 401 1655 loftiness.
482 1637 588 1665 tanta
613 1629 773 1666 Domini
794 1629 1007 1665 humilitate
1032 1630 1145 1678 prius
1167 1630 1246 1665 eius
1268 1629 1530 1666 celsitudinem
1556 1629 1674 1665 voluit
1696 1641 1797 1665 com-

484 1688 680 1724 mendare.
724 1687 787 1722 Ad
830 1688 900 1724 hoc
926 1688 1094 1737 pertinet
1126 1688 1228 1736 quod
1272 1688 1346 1723 ait:
1384 1688 1514 1723 Sciens
1551 1687 1637 1735 quia
1671 1686 1799 1723 omnia

486 1746 589 1782 dedit
621 1745 655 1781 ei
680 1752 799 1794 pater
820 1745 856 1780 in
889 1758 1038 1791 manus,
1072 1752 1107 1781 et
1130 1745 1218 1794 quia
1241 1758 1262 1780 a
1284 1745 1370 1782 Deo
1404 1745 1499 1781 exiit
1532 1752 1566 1780 et
1598 1745 1650 1780 ad
1672 1745 1797 1780 Deum

487 1804 604 1839 vadit.
645 1803 739 1838 Cum
763 1803 822 1838 illi
852 1815 950 1854 ergo
977 1810 1095 1852 pater
1126 1803 1252 1839 omnia
1287 1804 1454 1839 dedisset
1486 1803 1521 1838 in
1555 1814 1703 1846 manus,
1736 1802 1800 1838 ille
1816 1805 1855 1836 25

487 1861 767 1909 discipulorum
792 1873 864 1897 non
887 1873 1024 1897 manus
1051 1862 1119 1897 sed
1145 1862 1265 1910 pedes
1288 1861 1395 1902 lavit,
1429 1868 1463 1896 et
1496 1873 1580 1896 cum
1613 1872 1653 1896 se
1683 1860 1801 1896 sciret

486 1932 507 1955 a
540 1920 625 1955 Deo
658 1919 785 1955 exisse
815 1926 851 1954 et
882 1920 934 1954 ad
965 1920 1091 1955 Deum
1117 1931 1301 1969 pergere,
1342 1931 1413 1955 non
1448 1919 1524 1954 Dei
1558 1918 1704 1954 domini
1732 1918 1801 1954 sed

487 1977 652 2013 hominis
683 1976 791 2013 servi
832 1977 1005 2026 implevit
1037 1976 1221 2026 officium.
1274 1977 1335 2012 Ad
1366 1977 1437 2013 lioc
1474 1984 1599 2012 autem
1628 1976 1799 2025 pertinet

488 2035 589 2083 quod
619 2035 738 2070 eciam
769 2034 815 2070 de
843 2035 1037 2071 traditore
1059 2035 1189 2083 ipsius,
1221 2035 1308 2083 quia
1341 2034 1416 2070 iam
1441 2034 1528 2070 talis
1552 2041 1709 2070 venerat
1740 2033 1803 2082 qui

488 2093 533 2128 ab
567 2092 633 2128 illo
678 2092 951 2143 ignorabatur,
980 2093 1162 2142 preloqui
1205 2092 1335 2138 voluit,
1395 2100 1434 2127 ut
1472 2092 1542 2128 lzoc
1574 2104 1719 2140 quoque
1749 2091 1802 2126 ad
1817 2094 1858 2126 30

489 2151 704 2186 maximum
738 2151 933 2186 cumulum
968 2150 1197 2186 humilitatis
1229 2151 1430 2186 accederet
1460 2151 1562 2199 quod
1593 2150 1711 2185 eciam
1745 2149 1803 2184 illi

490 2221 561 2244 non
596 2208 829 2258 dedignatus
861 2215 916 2244 est
943 2209 1063 2257 pedes
1096 2208 1231 2243 lavare
1262 2208 1368 2244 cuius
1400 2220 1536 2243 manus
1568 2207 1643 2243 iam
1672 2207 1800 2255 previ-

490 2266 602 2301 debat
635 2266 671 2301 in
703 2266 862 2302 scelere.

554 2323 657 2367 Quid
688 2331 814 2360 autem
849 2324 989 2359 mirum
1024 2324 1058 2360 si
1087 2324 1265 2359 surrexit
1296 2336 1317 2358 a
1351 2335 1442 2359 cena
1466 2330 1501 2358 et
1527 2322 1658 2372 posuit
1692 2322 1801 2358 vesti-

491 2388 616 2417 menta
647 2394 730 2427 sua,
764 2382 828 2430 qui
858 2394 942 2417 cum
976 2381 1012 2416 in
1035 2382 1178 2430 forma
1210 2381 1287 2416 Dei
1317 2388 1413 2417 esset
1443 2381 1687 2429 semetipsum
1720 2380 1803 2416 exi·
1819 2379 1858 2412 35

491 2439 667 2475 nanivit?
715 2440 763 2475 Ut
793 2439 886 2488 quid
918 2439 1058 2474 mirum
1103 2439 1138 2475 si
1170 2439 1367 2488 precinxit
1404 2451 1444 2474 se
1477 2439 1590 2474 linteo
1623 2438 1687 2486 qui
1707 2438 1801 2486 for-

492 2510 592 2532 mam
626 2497 732 2533 servi
768 2497 958 2546 accipiens
991 2497 1120 2532 habitu
1154 2497 1328 2532 inventus
1361 2504 1415 2532 est
1447 2504 1486 2532 ut
1519 2496 1663 2532 homo?
1700 2495 1804 2544 Quid

563 2679 607 2698 20.
630 2672 657 2698 A
679 2671 707 2698 iu
731 2679 844 2706 marg:
868 2672 1067 2707 Augustinus.
1142 2670 1179 2698 31.
1202 2672 1245 2699 A:
1268 2671 1399 2699 cederet

567 2754 616 2785 16.
654 2754 732 2786 Joh.
770 2755 855 2794 XIII,
892 2755 995 2795 4—5.
1107 2765 1158 2786 20.
1192 2756 1225 2786 S.
1261 2756 1441 2797 Augustini
1485 2755 1504 2785 I.
1543 2765 1570 2785 c.
1609 2764 1686 2797 pag.
1724 2752 1802 2786 655.

495 2802 545 2840 34.
575 2800 722 2841 Philipp.
751 2801 787 2838 II,
814 2800 834 2832 6
862 2807 895 2831 et
921 2812 951 2842 7.
