1986 3289
174 1679 242 1708 The
262 1683 371 1706 matter
391 1679 417 1706 is

183 1714 341 1747 doubtfu13
364 1722 411 1741 we

241 1749 358 1776 behevc

195 1784 348 1819 scripture
369 1791 402 1810 as

200 1823 267 1846 true
287 1819 319 1845 in
340 1819 390 1845 the

171 1861 260 1880 sense
279 1853 309 1880 in
333 1853 431 1880 which

174 1888 243 1915 God
266 1892 368 1915 meant
387 1888 419 1915 it.

752 189 871 222 OPUS
896 188 1234 222 EVANGELICUM
1263 190 1346 221 LIB.
1374 190 1427 221 III.
1551 178 1656 232 [CAP-
1679 187 1758 216 XXI.

441 303 475 331 et
519 295 658 331 altaris
701 295 782 331 sive
818 295 854 330 in
888 303 1099 345 portarum
1138 296 1305 333 exitibus
1335 308 1406 346 que
1438 296 1584 333 Siloam
1619 297 1761 332 ducunt

441 353 561 389 rubra
606 365 705 389 saxa
751 360 1009 390 monstrantes
1055 354 1217 389 Zacarie
1263 354 1452 405 sanguine
1497 361 1636 403 putant
1681 366 1761 390 esse

435 411 602 460 polluta.

499 469 587 504 Non
621 469 948 517 condempnamus
979 481 1155 505 errorem
1196 470 1259 518 qui
1290 470 1337 505 de
1368 469 1454 505 odio
1487 470 1694 506 Iudeorum
1727 477 1763 505 et

441 526 533 568 fidei
572 526 717 576 pietate
760 527 967 563 descendit.
1012 527 1202 564 Dicamus
1245 527 1416 563 breviter
1453 539 1573 576 quare
1602 527 1796 577 sanguisS

442 584 537 620 Abel
579 584 669 620 iusti
713 597 829 633 usque
871 586 923 620 ad
954 585 1187 621 Zachariam
1217 585 1349 635 filium
1388 586 1584 621 Barachie
1615 585 1662 621 ab
1695 585 1761 621 illa

440 642 700 693 generacione
743 642 981 691 requiratur,
1027 655 1110 679 cum
1156 651 1333 679 neutrum
1379 655 1512 679 eorum
1567 643 1760 679 occiderit.

441 700 596 750 Regula
628 700 916 749 scripturarum
950 708 1005 736 est
1037 701 1134 737 duas
1155 701 1433 751 generaciones
1458 713 1616 750 ponere,
1650 701 1764 737 hono-

442 771 528 794 rum
575 758 636 794 vel
667 758 875 806 malorum,
920 771 1044 806 nosce,
1088 759 1159 795 hoc
1191 767 1259 805 est,
1297 759 1543 809 singulorum
1575 759 1764 809 singulas⁴

441 816 502 851 De
544 816 651 852 bonis
693 828 894 852 sumamus
931 818 1133 866 exempla:
1179 818 1274 861 Quis
1311 817 1492 853 ascendet
1523 817 1559 852 in
1598 824 1764 854 montem
1786 831 1824 852 10

441 874 630 910 Domini?
662 882 728 910 aut
758 874 842 923 quis
874 875 1084 923 requiescet
1116 875 1152 911 in
1186 883 1312 911 monte
1341 882 1473 911 sancto
1506 875 1615 911 eius?
1651 875 1766 910 Cum-

442 944 513 981 que
539 932 677 981 plures
708 933 772 981 qui
801 933 1003 968 ascensuri
1031 940 1120 968 sunt
1151 933 1187 968 in
1220 940 1387 969 montem
1411 933 1572 969 Domini
1593 933 1766 982 descrip-

441 990 551 1026 sisset
583 990 648 1038 qui
685 990 850 1026 diversis
870 991 993 1039 suere
1024 991 1198 1038 etatibus,
1238 998 1375 1040 postea
1413 991 1555 1039 infert:
1597 990 1683 1027 Hec
1713 998 1769 1027 est

440 1048 649 1098 generacio
682 1048 926 1097 querencium
968 1049 1192 1096 Dominum,
1237 1049 1479 1098 querencium
1510 1049 1661 1097 faciem
1694 1049 1771 1084 Dei

443 1106 568 1142 Iacob.
611 1106 664 1142 Et
695 1106 732 1142 in
765 1106 842 1143 alio
875 1107 958 1143 loco
983 1107 1030 1142 de
1051 1107 1226 1143 omnibus
1247 1107 1411 1143 sanctis.-
1436 1107 1662 1148 ,Generacio
1685 1119 1767 1143 rec·
1789 1110 1824 1143 15

442 1171 571 1200 torum
617 1164 678 1200 vel
709 1165 897 1201 iustorum
941 1165 1197 1203 benedicetur.
1244 1166 1305 1201 De
1347 1165 1464 1201 malis
1508 1177 1614 1213 vero,
1660 1172 1699 1200 ut
1733 1165 1767 1200 in

439 1222 616 1271 presenti
645 1223 751 1259 loco:
800 1223 1014 1259 Generacio
1048 1221 1286 1273 viperarum.
1325 1223 1379 1259 Et
1410 1223 1658 1272 requirentur
1689 1236 1768 1259 om-

445 1280 508 1316 nia
540 1293 562 1315 a
593 1281 851 1331 generacione
883 1281 968 1317 ista.
1001 1281 1053 1316 Et
1086 1282 1121 1317 in
1155 1281 1339 1333 Ezechiel
1365 1293 1451 1317 cum
1470 1288 1631 1330 peccata
1664 1288 1770 1317 terre

446 1338 725 1387 descripsisset,
757 1351 885 1375 sermo
914 1339 1167 1388 propheticus
1198 1339 1357 1376 adiecit:
1390 1339 1433 1374 Si
1460 1339 1544 1375 Noe
1575 1346 1610 1375 et
1638 1339 1703 1375 Iob
1736 1347 1770 1375 et

445 1397 590 1433 Daniel
632 1397 696 1432 ubi
726 1397 885 1445 suerint
928 1397 1083 1443 inventi,
1128 1410 1200 1433 non
1246 1397 1437 1433 dimittam
1473 1404 1634 1446 peccata
1666 1404 1771 1434 terre
1787 1411 1829 1432 20

445 1455 514 1490 illi.
566 1454 708 1491 Omnes
739 1456 858 1491 iustos
890 1455 955 1503 qui
984 1455 1128 1491 similes
1150 1456 1293 1504 forent
1330 1455 1366 1491 in
1401 1455 1606 1491 virtutibus
1638 1467 1770 1491 eorum

447 1513 544 1560 Noe,
577 1513 721 1549 Daniel
745 1521 780 1549 et
802 1514 868 1549 Iob
899 1514 1029 1550 volens
1051 1513 1229 1564 intelligi.
1264 1514 1392 1564 Ergo⁴
1407 1521 1442 1550 et
1463 1513 1527 1549 isti
1545 1513 1612 1563 qui
1629 1513 1770 1549 similia

453 1570 562 1607 Caim
596 1578 631 1607 et
663 1572 751 1607 Ioas
782 1579 917 1608 contra
950 1572 1147 1621 apostolos
1182 1579 1390 1622 gesserunt
1423 1572 1469 1607 de
1501 1584 1574 1607 una
1605 1584 1772 1622 genera-

448 1629 554 1665 cione
586 1641 668 1665 esse
700 1630 939 1678 reseruntur.
975 1631 1059 1665 Hec
1090 1631 1338 1677 Jeronyrnus.

507 1686 676 1723 Videtur
698 1687 819 1723 istum
853 1696 1050 1734 sanctum,
1084 1687 1147 1723 cui
1177 1689 1423 1724 credendum
1457 1696 1513 1723 est
1545 1686 1774 1735 specialiter
1789 1692 1828 1723 25

451 1744 491 1781 in
544 1744 620 1781 ista
681 1745 850 1781 materia
909 1745 1004 1793 quia
1062 1745 1135 1781 fuit
1188 1758 1356 1793 magnus
1409 1745 1772 1795 historiographus,

452 1802 600 1839 sentire
660 1805 768 1851 quod
827 1803 900 1839 iste
952 1803 1140 1840 Zacarias
1192 1816 1312 1852 quern
1372 1803 1622 1852 evangelium
1676 1802 1772 1839 dicit

452 1860 572 1897 fuisse
604 1860 732 1897 filium
766 1861 962 1898 Barachie
1006 1861 1079 1898 fuit
1124 1861 1228 1898 filius
1261 1861 1412 1909 Ioiade3
1458 1863 1526 1897 sed
1571 1861 1665 1910 quia
1697 1862 1773 1897 hoc

454 1931 536 1955 non
570 1928 628 1955 est
662 1919 759 1956 fides
805 1919 1017 1968 scripture,
1063 1919 1154 1956 ideo
1199 1919 1440 1967 capiendum
1475 1928 1532 1956 est
1564 1930 1772 1967 tamquam

454 1976 664 2025 probabile
709 1977 809 2014 citra
855 1978 1000 2025 fidem,
1045 1977 1335 2026 quiescendum
1383 1986 1441 2014 est
1486 1990 1580 2025 ergo
1625 1977 1665 2014 in
1697 1976 1773 2013 ista
1790 1982 1831 2014 30

456 2034 533 2071 fide
578 2036 686 2083 quod
722 2036 794 2072 hec
839 2035 1039 2084 scriptura
1083 2035 1186 2072 sicut
1231 2035 1408 2084 quelibet
1452 2035 1530 2072 alia
1569 2048 1683 2072 sacra
1716 2043 1773 2071 est

454 2105 547 2129 vera
591 2094 642 2129 ad
692 2105 850 2131 sensum
904 2106 1024 2142 quem
1069 2096 1175 2130 Deus
1220 2093 1352 2142 primo
1402 2093 1640 2130 intenderat.
1695 2094 1773 2129 Sed

456 2159 591 2187 utrum
638 2151 711 2188 iste
757 2164 893 2188 sensus
946 2151 1020 2188 fuit
1073 2164 1211 2188 sensus
1257 2152 1329 2188 Dei
1381 2152 1442 2188 vel
1487 2151 1602 2201 alius,
1657 2150 1773 2187 multi

456 2209 719 2256 probabiliter
764 2209 975 2258 quiescunt
1020 2209 1060 2246 in
1099 2210 1359 2258 opinionibus
1399 2209 1499 2246 citra
1532 2209 1666 2256 fidem,
1700 2221 1773 2245 nec

458 2276 514 2303 est
547 2266 587 2303 in
619 2267 695 2304 isto
727 2267 967 2315 perieulum.
1789 2271 1829 2304 35

516 2326 594 2361 Sed
627 2339 700 2374 pro
733 2338 852 2362 sensu
886 2325 1080 2374 evangelii
1113 2326 1280 2363 ulterius
1314 2334 1371 2362 est
1403 2326 1629 2362 notandum
1665 2326 1773 2373 quod

459 2395 544 2420 mos
577 2393 635 2420 est
669 2383 866 2432 scripture
898 2396 1023 2431 sacre,
1070 2397 1160 2421 cum
1195 2384 1235 2420 in
1269 2396 1442 2432 persona
1475 2382 1547 2419 Dei
1580 2383 1771 2431 loquitur,

457 2441 519 2477 cui
565 2451 709 2478 cuncta
755 2451 847 2478 sunt
893 2442 1102 2490 presencia
1147 2443 1358 2479 extendere
1409 2442 1529 2477 verba
1578 2440 1773 2489 presentis

529 2670 547 2689 1.
570 2662 609 2689 B:
630 2662 728 2690 Silov-
837 2670 863 2697 7.
892 2662 929 2690 B:
959 2665 1120 2697 queratur.
1231 2671 1259 2698 9.
1287 2663 1325 2690 B:
1356 2671 1457 2690 nosse.
1565 2670 1603 2691 12.
1638 2663 1675 2691 13:
1704 2663 1774 2690 sint.

458 2704 502 2724 22.
523 2697 562 2724 ss:
585 2698 669 2732 quia.
762 2706 808 2732 24.
830 2700 858 2725 A
879 2698 907 2724 in
932 2706 1046 2733 marga
1066 2697 1237 2725 Jolzannes.

529 2803 560 2835 6.
588 2804 713 2836 Psalm.
745 2805 829 2844 CXI,
859 2815 887 2835 2.
968 2815 1016 2836 10.
1044 2806 1173 2837 Psalm.
1198 2806 1315 2845 XXIII,
1344 2806 1373 2838 3.
1452 2806 1501 2836 18.
1528 2806 1588 2837 Ez.
1604 2806 1692 2845 XIV,
1725 2815 1774 2846 14.
