1986 3289
176 190 249 226 180
779 191 897 223 OPUS
922 190 1258 222 EVANGELICUM
1286 190 1369 221 LlB.
1396 190 1449 221 ΙΙΙ.
1531 176 1638 231 [CAR
1662 185 1769 214 XLIX.

460 309 535 337 stet
566 300 605 336 in
645 297 755 335 omni
789 297 894 333 circa
926 295 1088 344 regione
1131 294 1405 343 probabiliter,
1453 293 1607 331 mistice
1640 303 1770 342 potest

170 356 627 425 lgffisllgffljlgfflg&intelligi
660 357 767 404 quod
801 355 947 409 fideles
968 363 1005 389 et
1036 352 1264 401 specialiter
1295 351 1429 388 clerici
1461 351 1502 389 in
1533 351 1608 389 ista
1640 364 1771 400 perse-

220 435 269 453 are
291 430 342 452 not
362 430 392 451 to
461 416 627 453 cucione
658 411 891 450 Antichristi
936 412 1088 448 salvent
1133 423 1173 447 se
1205 410 1311 458 ipsos
1355 410 1395 446 in
1429 419 1565 447 monte
1598 409 1771 456 Christo,

175 460 528 529 gssensseoffflbnpg‘sstqui
561 473 601 509 in
634 471 733 508 Isaia
767 470 911 507 dicitur
935 482 1049 505 mons
1082 481 1225 517 parvus
1249 469 1422 505 elevatus
1446 480 1564 516 super
1585 467 1772 504 virtutem

223 524 273 557 the
293 530 386 564 Pope.
462 530 679 576 moncium,
728 537 764 565 et
797 527 838 564 in
883 527 965 564 eius
1003 527 1087 574 lege
1125 538 1202 575 que
1243 535 1299 562 est
1344 526 1439 562 fides
1477 525 1686 574 scripture.
1725 527 1806 561 Et5

462 590 565 626 istud
599 587 757 623 videtur
789 598 872 622 esse
895 584 1169 622 sacerdotibus
1201 596 1346 620 vanum
1371 583 1596 630 consilium,
1629 591 1672 619 ut
1694 595 1774 619 non

463 659 551 684 cum
587 645 670 681 istis
702 643 816 692 papis
849 652 917 680 aut
950 642 1030 678 suis
1064 641 1329 690 complicibus
1361 640 1611 678 intricentur.

522 704 708 740 Secundo
732 714 825 738 vero
858 701 1056 737 seculares
1080 699 1234 736 domini
1267 700 1437 748 quisunt
1469 700 1504 735 in
1528 706 1625 735 tecto
1659 697 1776 734 huius

464 760 670 810 regiminis
694 772 765 796 non
790 759 1021 795 descendant
1044 759 1094 794 ad
1117 757 1328 805 perfidiam
1354 756 1589 793 Antichristi
1611 764 1778 804 propter

465 832 574 868 spem
608 817 843 865 temporalis
876 816 989 865 lucri,
1035 817 1141 864 quod
1187 823 1373 863 reputant
1424 827 1465 851 se
1497 822 1702 862 reportare
1735 825 1836 850 exio

465 889 660 914 consensu
695 884 732 911 et
765 873 965 910 adiutorio
1001 873 1116 909 huius
1151 873 1304 920 refuge3
1337 884 1410 908 nec
1441 872 1610 908 timeant
1651 871 1779 908 minas

465 948 533 972 sue
558 931 1002 977 excommunicacionis,
1036 943 1104 967 sue
1128 930 1303 967 cruciate
1335 930 1394 966 vel
1419 942 1584 967 censure
1616 929 1780 966 alterius

467 992 708 1035 machinate,
742 990 835 1038 quia
858 989 982 1026 timor
1004 989 1094 1025 talis
1123 987 1274 1024 servilis
1297 987 1495 1036 ingereret
1527 986 1656 1024 maius
1679 986 1782 1035 peri-

467 1052 614 1087 culum.
676 1050 758 1084 Nec
810 1046 950 1083 dubito
1003 1046 1098 1095 quin
1150 1045 1395 1082 confidentes
1453 1046 1493 1081 in
1535 1045 1605 1082 tali
1639 1045 1781 1082 baculo

467 1107 691 1145 arundineo
753 1103 990 1141 Antichristi
1042 1105 1171 1141 forent
1225 1116 1268 1140 ex
1325 1105 1400 1139 hoc
1445 1116 1466 1139 a
1518 1102 1838 1156 prosperitatem

469 1165 589 1202 seculi
636 1163 808 1211 amplius
852 1162 1097 1210 prolongati.
1150 1163 1243 1197 Ideo
1294 1162 1438 1198 debent
1471 1161 1606 1197 fideles
1650 1161 1784 1208 fugere

469 1237 490 1260 a
523 1222 701 1272 quolibet
734 1220 803 1257 tali
846 1233 965 1268 papa,
1010 1219 1085 1256 nisi
1132 1219 1233 1255 forte
1272 1227 1514 1255 moneantur
1558 1232 1579 1255 a
1613 1221 1696 1255 Deo
1735 1219 1785 1254 ad

471 1283 648 1318 modeste
681 1280 730 1316 ab
764 1291 809 1315 eo
842 1278 1065 1326 temporale
1097 1276 1330 1325 suffragium
1365 1277 1694 1313 subtrahendum.
1737 1278 1786 1312 Et

470 1340 543 1376 ista
577 1337 755 1375 caritatis
778 1336 1005 1373 intencione
1039 1344 1081 1371 ut
1113 1335 1173 1371 vel
1207 1343 1463 1371 convertatur
1495 1336 1545 1371 ad
1569 1334 1784 1371 Dominum

469 1398 530 1434 vel
564 1396 696 1432 minus
728 1394 994 1443 profundetur
1032 1393 1071 1430 in
1106 1392 1271 1429 crimine
1314 1394 1375 1429 vel
1407 1401 1451 1429 ut
1484 1392 1614 1428 minus
1646 1399 1788 1428 noceat
1804 1405 1845 1426 ro

472 1454 589 1491 matri
612 1462 765 1497 nostre3
799 1452 839 1488 in
872 1451 1026 1488 cunctis
1048 1459 1181 1487 autem
1205 1450 1353 1487 talibus
1388 1450 1544 1487 casibus
1561 1463 1643 1486 non
1672 1449 1787 1486 video

472 1513 690 1549 secundum
736 1511 861 1558 legem
908 1509 979 1545 Dei
1016 1509 1223 1557 quomodo
1267 1521 1289 1544 a
1321 1508 1583 1545 militantibus
1626 1508 1675 1544 ad
1713 1508 1789 1543 hoc

473 1569 763 1608 revelacionem
796 1580 877 1604 non
909 1566 1148 1603 habentibus
1180 1565 1270 1602 talis
1303 1567 1438 1613 refuga
1471 1565 1691 1602 occidatur.

209 1637 296 1672 Tney
318 1635 428 1674 should
531 1629 609 1664 Sed
656 1625 831 1674 speciale
865 1624 1087 1661 remedium
1132 1623 1289 1660 videtur
1334 1623 1457 1660 michi
1498 1635 1584 1660 esse
1628 1635 1709 1659 non
1747 1621 1788 1658 in

188 1671 325 1741 sudkejfeeggi
341 1671 460 1739 {Effibt
476 1685 607 1723 verbis
641 1684 723 1721 suis
767 1695 840 1719 nec
872 1681 1210 1731 promissionibus
1244 1683 1406 1718 credere
1439 1682 1507 1718 sed
1541 1679 1787 1717 evidenciam
1805 1684 1844 1716 25

287 1742 361 1768 mm.
475 1742 648 1781 racionis
671 1750 738 1778 aut
771 1741 863 1777 fidei
888 1749 1115 1789 expectare;
1148 1741 1216 1776 sed
1248 1742 1308 1787 (ut
1340 1748 1492 1776 tactum
1516 1748 1571 1775 est
1593 1737 1789 1786 superius)

476 1802 551 1838 ista
597 1800 752 1836 videtur
805 1799 1004 1846 culpanda
1036 1797 1226 1835 vecordia
1269 1799 1376 1846 quod
1410 1798 1532 1833 homo
1571 1797 1718 1832 audeat
1749 1795 1790 1831 in

477 1871 597 1896 causa
630 1859 807 1894 humana
851 1857 910 1893 vel
945 1869 1064 1892 causa
1110 1855 1212 1904 regis
1259 1854 1446 1903 superbie
1489 1863 1629 1891 contra
1662 1854 1789 1902 legem

480 1917 549 1954 Dei
574 1915 779 1964 proximos
812 1927 903 1951 suos
926 1914 1115 1951 invadere
1149 1923 1185 1950 et
1217 1926 1299 1949 non
1323 1914 1469 1950 audeat
1500 1912 1541 1948 in
1573 1924 1693 1949 causa
1718 1909 1790 1947 Dei

479 1975 674 2023 populum
699 1986 830 2019 suum,
866 1972 977 2008 cuius
1000 1972 1119 2008 habet
1143 1971 1414 2019 gubernacula
1438 1979 1475 2007 et
1497 1969 1662 2018 propria
1685 1970 1790 2005 bona
1808 1974 1848 2007 30

480 2033 710 2078 defendere3
744 2031 834 2067 ideo
867 2042 1005 2077 regum
1040 2038 1142 2066 esset
1175 2042 1258 2066 non
1290 2028 1426 2065 seduci
1458 2027 1647 2065 versuciis
1679 2026 1790 2063 Anti-

482 2089 633 2135 christi‚
675 2090 742 2124 sed
776 2088 1002 2136 prohibere,
1051 2099 1099 2124 ne
1146 2087 1229 2135 ipse
1261 2087 1320 2123 vel
1364 2086 1424 2122 sui
1468 2085 1658 2122 satellites
1702 2097 1792 2133 spo-

481 2147 607 2184 liandi
641 2145 776 2195 gracia
809 2146 957 2182 intrent
990 2145 1117 2182 calide
1150 2158 1315 2192 regnum
1349 2157 1479 2181 suum.

297 2212 363 2238 The
443 2253 449 2257 ⁴
539 2204 684 2242 Tercio
719 2205 884 2240 mandat
919 2203 1098 2239 Christus
1137 2204 1244 2250 quod
1278 2203 1343 2250 qui
1372 2202 1408 2238 in
1439 2213 1541 2252 agro
1572 2208 1672 2246 sunt,
1719 2201 1792 2236 hoc

193 2247 553 2308 ⁰⁰2¹0T2}]³1¹1¹f{⁴1{³¹⁶est‚
587 2263 769 2310 vulgares
803 2260 1067 2298 artificialiter
1089 2262 1316 2297 laborantes
1349 2272 1429 2295 non
1461 2267 1712 2295 revertantur
1744 2259 1792 2294 ad
1810 2263 1850 2295 35

213 2315 444 2377 b²}f)¹{,gt[,³ss”{³1¹}{¹s
484 2319 714 2357 huiusmodi
738 2318 973 2356 Antichristi
995 2318 1205 2366 perfidiam
1230 2319 1290 2354 vel
1313 2329 1550 2354 consensum
1581 2325 1793 2365 quantum-

240 2384 422 2412 Antichrist-
486 2390 642 2426 cunque
675 2379 722 2413 de
754 2376 1045 2425 temporalibus
1069 2376 1193 2412 eciam
1227 2374 1469 2423 tegumentis
1502 2374 1682 2422 corporis
1704 2386 1794 2421 spo-

485 2437 643 2473 lientur.
690 2437 776 2471 Hoc
810 2434 915 2471 enim
962 2436 1144 2482 perderet
1177 2433 1310 2470 anime
1345 2432 1484 2469 melius
1517 2439 1792 2481 tegumentum

486 2504 523 2530 et
556 2494 661 2529 facto
713 2501 798 2529 toto
833 2492 1006 2529 finaliter
1038 2491 1243 2528 dirimeret
1286 2490 1525 2539 temporalia
1564 2488 1795 2526 adiacencia

487 2562 522 2587 et
568 2550 746 2598 corporis
790 2558 1033 2598 tegumenta.
1082 2552 1162 2586 Nec
1202 2550 1337 2585 credat
1381 2548 1552 2596 vulgaris
1597 2545 1854 2595 spirituali40

487 2608 677 2656 suffragio
712 2607 826 2643 huius
870 2608 1018 2657 refuge,
1066 2616 1109 2643 ut
1141 2616 1237 2654 puta
1269 2608 1375 2654 quod
1416 2606 1489 2642 erit
1528 2605 1734 2642 absolutus
1774 2616 1795 2640 a

487 2679 589 2715 pena
633 2675 669 2702 et
710 2666 828 2713 culpa
881 2673 949 2702 aut
997 2666 1104 2713 quod
1150 2664 1311 2701 habebit
1344 2672 1402 2700 tot
1436 2662 1561 2699 millia
1594 2674 1792 2699 annorum

557 2804 582 2831 8.
604 2805 631 2831 A
654 2805 682 2831 in
705 2812 819 2838 marga
842 2805 874 2830 B.
960 2802 1005 2837 34.
1027 2804 1055 2831 A
1078 2803 1107 2830 in
1133 2812 1245 2838 marg.:
1269 2810 1292 2830 1.
1379 2801 1424 2829 36.
1446 2803 1489 2830 A:
1512 2802 1559 2829 vel
1577 2802 1673 2828 deest.
