1986 3289
167 205 240 239 160
767 210 884 241 OPUS
911 209 1245 241 EVANGEIJCUM
1275 209 1358 241 1⁴13.
1385 209 1438 241 III.
1525 197 1632 251 [CAR
1653 205 1760 233 XLIV·

452 322 598 361 partes.
634 314 904 351 Concedirnus
936 323 1072 351 tamen
1106 316 1155 350 ad
1188 327 1349 351 sensum
1385 314 1629 351 catholicum
1655 315 1763 362 quod

451 371 517 408 ille
563 372 677 420 panis
723 381 781 409 est
829 385 974 420 corpus
1019 372 1167 409 Christi
1213 381 1250 408 et
1294 381 1607 417 sacramentum,
1655 371 1763 408 aliud

452 429 535 465 eius
581 429 755 477 sanguis.
803 432 918 467 Unde
957 430 1057 466 sicut
1100 430 1281 467 Christus
1320 439 1377 467 est
1421 430 1539 466 simul
1578 432 1683 465 Deus
1727 438 1766 465 et

452 488 585 533 homo,
620 487 676 524 sic
710 489 782 524 hec
815 487 947 524 hostia
980 497 1037 524 est
1070 488 1189 524 simul
1220 501 1364 536 corpus
1398 487 1546 524 Christi
1579 496 1617 523 et
1648 499 1764 524 verus

451 545 579 592 panis,
621 545 714 593 quia
755 555 813 582 est
851 559 998 593 corpus
1032 545 1195 582 Domini
1228 547 1278 582 ad
1313 545 1528 582 minimum
1563 545 1602 580 in
1637 545 1797 593 figura5

453 612 489 639 et
522 616 637 639 verus
671 603 786 652 panis
819 603 859 640 in
891 612 1036 640 natura
1068 605 1129 640 vel
1165 605 1290 652 <quod
1323 603 1364 639 in
1397 603 1503 640 idem
1539 607 1763 647 sonatyest

452 673 567 697 verus
600 661 715 709 panis
748 662 989 698 naturaliter
1022 671 1059 698 et
1092 675 1238 710 corpus
1271 661 1420 699 Christi
1454 660 1687 709 figuraliter.

934 808 1072 850 CAP.
1106 809 1280 850 XLIV.

164 912 309 940 I'allacies
329 911 364 938 of
381 919 437 938 our
514 905 649 940 Restat
693 904 860 940 ulterius
904 917 977 952 pro
1025 904 1304 941 declaracione
1349 904 1465 941 huius
1506 905 1596 942 fidei
1638 914 1769 942 trans-

205 951 389 982 opponents.
455 973 616 997 currere
656 974 727 1010 per
766 962 949 1010 argucias
989 975 1059 1010 per
1092 962 1341 999 adversarios
1374 962 1468 999 fidei
1502 972 1539 999 et
1571 963 1768 1011 scripture
1790 982 1827 1002 10

454 1019 522 1067 qui
569 1028 661 1055 sunt
699 1019 936 1056 Antichristi
982 1020 1167 1069 discipuli
1208 1020 1434 1069 replicatas.
1486 1021 1621 1057 Primo
1661 1021 1766 1058 enim

456 1077 636 1125 arguitur
687 1078 907 1126 sillogismo
961 1078 1207 1127 expositorio
1259 1078 1327 1127 qui
1380 1087 1436 1115 est
1490 1078 1665 1115 medium
1720 1081 1769 1116 ad

456 1135 675 1183 quemlibet
738 1136 859 1172 alium
911 1136 1206 1184 syllogismum:
1260 1139 1335 1173 Iste
1382 1136 1497 1185 panis
1543 1137 1770 1174 comeditur

455 1202 537 1229 tam
573 1206 594 1229 a
627 1193 753 1230 bestia
786 1207 907 1242 quam
943 1207 964 1230 a
998 1207 1126 1241 mure,
1166 1194 1374 1243 putrescit,
1419 1194 1588 1231 sentitur
1630 1208 1770 1244 corpo-

457 1251 594 1287 raliter
634 1260 670 1287 et
709 1260 916 1288 tractatur.
965 1254 1013 1288 Et
1052 1252 1125 1289 iste
1166 1253 1279 1300 panis
1319 1261 1376 1289 est
1416 1266 1560 1301 corpus
1593 1253 1827 1299 Domini‚15

457 1321 551 1357 ergo
575 1321 718 1357 corpus
742 1309 905 1346 Domini
927 1310 1150 1359 formaliter
1174 1310 1230 1347 sic
1253 1320 1466 1357 tractatum
1492 1320 1529 1347 et
1552 1320 1774 1360 sequuntur

458 1366 791 1404 inconveniencia
824 1367 996 1404 infinita.

517 1426 594 1461 Sed
633 1425 697 1462 hic
738 1425 877 1462 dicunt
916 1426 1052 1462 fideles
1092 1427 1141 1463 ad
1175 1427 1395 1475 quemlibet
1428 1428 1549 1464 talem
1584 1436 1772 1464 vocaturn

458 1482 726 1530 sillogismum
773 1483 1060 1532 expositorium
1107 1486 1215 1532 quod
1260 1494 1319 1521 est
1359 1485 1581 1522 diabolicus
1614 1486 1773 1534 paralo-

457 1540 620 1587 gismus,
653 1541 717 1577 Sic
742 1541 847 1578 enirn
882 1551 1056 1590 arguunt
1089 1542 1253 1579 heretici
1288 1545 1370 1588 (sed
1404 1543 1445 1579 in
1470 1547 1631 1590 vanum)
1666 1545 1773 1592 quod
1791 1562 1833 1583 20

458 1607 572 1646 pater
618 1607 675 1635 est
720 1599 824 1635 filius
870 1609 907 1636 et
951 1602 1059 1649 quod
1104 1609 1161 1637 est
1205 1613 1364 1637 summa
1413 1601 1594 1638 confusio
1639 1614 1775 1650 perso-

458 1669 617 1702 narum,
671 1657 765 1705 quia
817 1657 892 1694 ista
940 1667 1083 1695 natura
1129 1658 1264 1695 divina
1309 1668 1366 1695 est
1419 1668 1532 1707 pater
1585 1668 1641 1696 est
1701 1659 1775 1696 ista

462 1715 601 1751 eadem
636 1724 693 1751 est
728 1715 848 1762 filius,
894 1728 988 1764 ergo
1021 1725 1135 1764 pater
1177 1726 1233 1753 est
1273 1716 1397 1763 filius;
1441 1719 1509 1754 sed
1544 1717 1681 1754 fideles
1713 1717 1776 1754 hic

459 1772 597 1809 dicunt
630 1774 738 1821 quod
772 1773 835 1809 hic
868 1787 951 1810 non
985 1783 1042 1811 est
1085 1774 1340 1822 syllogismus
1374 1775 1650 1823 expositorius,
1686 1788 1775 1811 cum

461 1830 638 1866 medium
663 1831 713 1867 sit
737 1844 954 1868 commune
983 1834 1033 1868 ad
1065 1841 1280 1881 utramque
1314 1832 1607 1870 extremitatem
1642 1833 1834 1873 aliam.25

462 1889 553 1924 Ideo
578 1890 741 1937 quando
767 1889 943 1926 medium
980 1899 1038 1926 est
1071 1891 1291 1927 multorum
1325 1891 1544 1939 singulum,
1578 1891 1684 1927 idem
1721 1900 1778 1927 est

462 1959 507 1982 ac
540 1946 572 1983 si
606 1947 753 1983 stolida
785 1947 937 1984 femina
970 1948 1026 1985 sic
1060 1958 1261 1997 argueret:
1297 1951 1446 1986 Porcus
1479 1958 1570 1986 tuus
1601 1949 1777 1986 comedit

462 2005 572 2041 fabas
613 2014 649 2041 et
681 2018 826 2052 porcus
868 2019 978 2042 meus
1012 2007 1189 2043 comedit
1221 2008 1346 2053 fabas,
1382 2020 1475 2055 ergo
1509 2020 1654 2055 porcus
1687 2016 1778 2043 tuus

463 2071 520 2098 est
554 2075 699 2110 porcus
734 2075 859 2110 meus,
895 2065 963 2100 sed
996 2064 1115 2112 logici
1147 2065 1207 2101 vel
1240 2064 1503 2112 perfunctorii
1535 2066 1779 2102 verecunda-

464 2129 601 2157 rentur
634 2122 684 2157 de
717 2120 791 2157 ista
825 2121 1008 2169 argucia3
1045 2132 1081 2159 et
1115 2124 1255 2159 eodem
1291 2125 1412 2159 modo
1438 2123 1573 2159 fideles
1597 2123 1779 2159 derident
1796 2132 1838 2163 30

464 2178 580 2214 istam
627 2179 848 2226 arguciam‚
902 2182 1064 2227 quando
1114 2180 1273 2228 capitur
1325 2181 1503 2217 medium
1561 2182 1777 2217 multorum

464 2236 680 2283 singulum,
727 2237 802 2273 hoc
843 2246 900 2273 est
939 2247 1052 2285 pater
1091 2247 1127 2275 et
1160 2239 1236 2275 hoc
1275 2248 1332 2275 est
1372 2238 1490 2289 filius7
1540 2251 1634 2287 ergo
1667 2247 1780 2287 pater

465 2302 522 2329 est
555 2294 671 2333 filius.

523 2353 753 2388 Secundum
795 2361 929 2389 autem
973 2354 1198 2402 exemplum
1233 2354 1505 2401 pertinencius
1537 2353 1601 2390 isti
1634 2367 1781 2403 propo-

465 2409 541 2445 sito
580 2410 636 2446 sic
677 2410 892 2447 formatur:
939 2412 1016 2447 Ista
1057 2424 1229 2459 persona
1263 2420 1319 2448 est
1350 2413 1516 2448 verbum
1551 2412 1622 2448 Dei
1657 2421 1693 2448 et
1726 2412 1837 2452 sic35

467 2467 594 2503 deitas
635 2469 950 2504 demonstrando
991 2481 1206 2517 personam
1241 2471 1472 2515 secundam,
1517 2478 1554 2506 et
1587 2470 1661 2506 ista
1695 2482 1782 2518 per-

468 2538 565 2561 sona
617 2535 673 2561 est
722 2526 964 2572 humanitas,
1020 2540 1112 2574 ergo
1165 2527 1394 2564 humanitas
1439 2536 1496 2564 est
1542 2527 1680 2565 deitas.
1734 2530 1781 2563 Et

469 2584 609 2619 eodem
666 2585 788 2620 modo
840 2584 994 2621 tollitur
1046 2585 1120 2621 ista
1172 2585 1344 2621 infidelis
1407 2585 1613 2622 conclusio
1675 2587 1782 2633 quod

540 2764 567 2788 f),
591 2764 633 2789 A:
656 2763 686 2790 in
709 2764 810 2790 before
832 2764 910 2791 idem
933 2764 1027 2791 deest.
1149 2764 1174 2790 S
1199 2765 1240 2790 A:
1263 2763 1337 2799 Cap.
1361 2765 1474 2795 ,mm
1499 2766 1520 2792 Β
1541 2765 1569 2792 in
1593 2775 1705 2801 marg:
1727 2774 1782 2800 44..

467 2805 495 2822 τι.
529 2799 552 2823 Λ
585 2797 612 2823 in
636 2806 748 2831 marga
769 2798 937 2825 lohannes.
1049 2807 1080 2825 ιι.
1109 2800 1136 2826 Λ
1167 2799 1195 2825 iu
1220 2807 1332 2833 marga
1355 2807 1377 2825 Ι.
1488 2800 1526 2827 18.
1554 2802 1580 2827 Λ
1609 2802 1637 2828 in
1667 2809 1782 2835 marg:

466 2831 654 2863 lem-pnnm‘o:
672 2833 712 2859 ib.
734 2834 776 2859 A:
799 2834 882 2865 quna'
901 2834 1069 2865 quemlibet.
1161 2833 1200 2860 31.
1222 2835 1267 2860 A:
1290 2833 1417 2860 medium
1438 2835 1536 2861 twice.
