1986 3289
239 480 377 507 Jerome:

211 515 292 542 Each
315 518 398 542 must

212 558 332 576 answcr
352 549 400 576 for

182 584 310 611 himself
326 588 355 610 at
375 586 425 610 the

234 619 290 645 last
311 619 379 654 day.

225 1751 337 1779 Sollers
357 1750 389 1777 of

216 1785 403 1812 adulterated

277 1820 317 1847 oil
329 1830 334 1847 ε

249 1854 364 1889 Friars,

250 1889 371 1920 Monks.

191 1924 308 1951 Roman
329 1929 427 1953 court.

249 2041 319 2069 Sale
340 2041 376 2069 of

202 2076 411 2111 indulgences.

762 192 880 223 OPUS
906 192 1242 224 EVANGELICUM
1271 192 1354 224 LIB.
1381 192 1434 224 111.
1529 178 1635 236 [CAP.
1656 189 1762 217 LXVI.

452 299 588 348 pocius
631 298 682 333 ad
715 298 917 334 vendentes
963 305 998 334 et
1036 298 1148 334 emite
1189 298 1306 336 vobis.
1360 299 1463 335 Dum
1509 307 1634 335 autem
1668 299 1768 336 irent

458 368 597 403 emere,
634 355 734 391 venit
763 368 924 405 sponsus
955 363 991 392 et
1013 368 1083 405 que
1106 363 1249 405 parate
1278 363 1366 392 sunt
1404 357 1648 393 intraverunt
1680 370 1764 394 cum

457 426 500 450 eo
532 413 584 449 ad
615 413 783 462 nupcias,
816 421 852 450 et
883 414 1016 450 clausa
1048 420 1104 450 est
1136 413 1262 450 ianua.

516 473 644 519 Super
691 484 770 519 quo
801 473 1055 519 Jeronymus:
1101 471 1189 507 Hoc
1233 484 1306 508 non
1341 473 1387 508 de
1417 472 1590 508 avaricia
1622 472 1690 508 sed
1721 473 1768 508 de

458 529 597 565 timore
641 529 882 578 respondent.
933 529 1196 579 Unusquisque
1238 530 1335 566 enim
1363 542 1441 579 pro
1480 530 1657 580 operibus
1687 530 1799 566 suis5

457 587 672 623 mercedem
713 587 882 636 recipiet,
922 599 1039 636 neque
1074 594 1236 635 possunt
1274 587 1310 623 in
1350 588 1410 623 die
1440 588 1572 624 iudicii
1600 588 1766 624 aliorum

458 645 618 681 virtutes
657 644 824 680 aliorum
871 644 969 680 vicia
1000 644 1214 681 sublevare.
1268 645 1321 680 Et
1363 646 1554 694 quomodo
1598 653 1769 694 tempore

457 701 699 754 Babylonice
748 702 980 751 captivitatis
1024 703 1214 739 Jeremias
1244 711 1471 752 peccatores
1513 704 1647 739 iuvare
1695 715 1767 739 non

451 761 578 809 potuit
610 767 645 796 et
678 759 822 796 dictum
845 767 900 797 est
921 761 973 796 ad
995 772 1100 796 eum:
1130 761 1191 797 Ne
1219 761 1396 797 oraveris
1410 774 1486 811 pro
1512 761 1654 811 populo
1677 760 1769 797 isto:

456 818 510 854 sic
553 817 822 867 formidolosa
872 818 946 854 erit
994 818 1060 854 illa
1118 818 1210 866 dies,
1268 831 1352 855 cum
1396 819 1651 868 unusquisque
1692 830 1826 867 prolo

456 876 658 926 semetipso
689 875 875 912 sollicitus
906 876 990 912 erit.

514 934 570 970 Ite
596 933 734 983 pocius
776 934 829 969 ad
860 934 1063 970 vendentes
1095 941 1130 970 et
1161 934 1271 970 emite
1311 934 1429 970 vobis.
1482 934 1667 970 Venditur
1698 934 1769 971 hoc

458 992 582 1029 oleum
615 998 650 1028 et
682 991 802 1028 multo
841 992 981 1027 emitur
1012 992 1144 1041 precio
1188 1004 1233 1028 ac
1265 991 1418 1042 difficili
1447 992 1582 1028 labore
1618 992 1769 1040 conqui-

459 1050 582 1095 ritur3
613 1050 714 1098 quod
745 1050 781 1085 in
814 1049 1042 1086 elemosinis
1061 1050 1278 1098 cunctisque
1310 1050 1514 1086 virtutibus
1545 1057 1580 1086 et
1602 1049 1769 1086 consiliis

461 1107 717 1158 intelligimus
748 1108 1047 1158 magistrorum.
1788 1108 1825 1140 15

515 1165 620 1201 Dum
659 1172 784 1201 autem
823 1165 923 1201 irent
959 1177 1098 1212 emere,
1143 1165 1244 1201 venit
1274 1177 1445 1215 sponsus.
1478 1165 1587 1201 Dant
1618 1165 1767 1214 quidem

460 1223 570 1272 quasi
605 1224 820 1272 prudentes
865 1223 1064 1260 consilium
1110 1224 1213 1273 quod
1249 1235 1322 1259 non
1367 1223 1526 1259 debeant
1567 1223 1647 1259 sine
1686 1223 1768 1259 oleo

460 1282 735 1330 lampadarum
781 1293 919 1331 sponso
963 1293 1185 1329 occurrere,
1229 1293 1362 1317 verum
1395 1281 1481 1329 quia
1514 1281 1590 1317 iam
1623 1280 1772 1317 emendi

459 1346 606 1388 tempus
637 1347 859 1375 excesserat
886 1346 920 1375 et
943 1339 1168 1376 adveniente
1199 1339 1330 1375 iudicii
1360 1339 1420 1375 die
1450 1339 1559 1376 locus
1580 1351 1653 1375 non
1686 1346 1770 1375 erat

455 1397 681 1446 penitencie,
714 1397 922 1433 Psalmista
956 1397 1117 1434 dicente:
1150 1397 1193 1432 In
1225 1396 1378 1445 inferno
1409 1404 1536 1433 autem
1570 1396 1651 1445 quis
1682 1408 1769 1433 con·
1784 1408 1826 1430 20

460 1455 640 1505 fitebitur
671 1455 774 1491 tibi?
813 1467 884 1490 non
917 1467 1014 1491 nova
1054 1466 1170 1504 opera
1199 1461 1365 1503 patrare
1394 1455 1463 1490 sed
1486 1454 1767 1503 preteritorum

462 1513 655 1549 racionem
700 1519 896 1563 coguntur
946 1513 1163 1549 exsolvere.
1220 1512 1338 1548 Venit*
1375 1512 1555 1561 Sponsus.
1608 1512 1661 1548 Et
1700 1524 1769 1561 que

453 1578 594 1619 parate
630 1578 718 1606 sunt
761 1570 1004 1606 intraverunt
1045 1583 1130 1606 cum
1175 1582 1217 1606 eo
1260 1570 1312 1605 ad
1343 1570 1512 1619 nupcias,
1564 1577 1599 1606 et
1636 1570 1767 1606 clausa

461 1635 516 1664 est
547 1628 673 1666 ianua.
713 1629 806 1664 Post
837 1628 968 1663 iudicii
999 1628 1096 1664 diem
1130 1629 1317 1664 bonorum
1351 1640 1508 1676 operum
1542 1635 1577 1663 et
1624 1627 1769 1664 iusticie

460 1686 610 1722 occasio
642 1699 714 1723 non
748 1686 992 1735 relinquitur.
1027 1687 1111 1722 Hec
1142 1687 1392 1732 Jeronymus.
1784 1688 1824 1721 25

517 1743 686 1780 Videtur
730 1743 850 1780 istum
897 1752 1079 1780 sanctum
1127 1756 1217 1780 cum
1251 1736 1368 1779 s'ensu
1407 1742 1601 1791 evangelii
1632 1742 1768 1780 vendi-

461 1810 567 1838 tores
619 1801 696 1838 olei
741 1801 991 1838 adulacionis
1043 1814 1087 1838 ex
1130 1800 1368 1838 infidelitate
1412 1800 1642 1838 notabiliter
1675 1813 1768 1838 con-

463 1860 701 1908 dempnare;
733 1859 876 1896 fratres
898 1868 1031 1896 autem
1057 1868 1094 1896 et
1127 1861 1202 1896 due
1235 1867 1339 1896 secte
1371 1858 1447 1895 alie
1468 1860 1645 1895 vendunt
1677 1871 1768 1895 suas

461 1917 671 1954 oraciones
703 1925 824 1966 atque
857 1917 1044 1965 suffragia
1078 1930 1148 1965 per
1180 1917 1316 1953 literas
1348 1916 1664 1963 fraternitatum3
1698 1917 1767 1953 sed

463 1975 569 2012 istud
602 1976 733 2012 oleum
767 1975 807 2012 in
837 1975 900 2012 die
933 1974 1069 2011 iudicii
1104 1977 1154 2012 ad
1186 1975 1411 2023 profectum
1444 1973 1653 2011 hominum
1686 1987 1768 2010 non
1783 1978 1825 2010 30

463 2033 630 2080 lucebit3
677 2042 714 2069 et
747 2033 852 2069 idem
887 2042 945 2069 est
977 2032 1173 2069 iudicium
1205 2034 1252 2069 de
1292 2033 1381 2069 oleo
1414 2045 1505 2069 cece
1538 2031 1767 2070 devocionis

464 2099 584 2139 quam
618 2092 767 2127 habent
790 2090 945 2139 decepti
978 2103 1101 2128 novos
1133 2090 1293 2127 ordines
1324 2090 1364 2127 in
1396 2099 1504 2127 secta
1527 2089 1676 2127 Christi
1708 2089 1766 2126 in-

465 2148 688 2192 fun'dabiles
722 2149 956 2185 fabricando
991 2148 1216 2185 cuiusmodi
1249 2156 1340 2185 sunt
1374 2147 1767 2196 religiosi-possessi-

463 2207 584 2245 onati.
630 2207 796 2243 Tercius
828 2215 962 2243 autern
996 2208 1143 2255 gradus
1181 2206 1259 2243 olei
1292 2205 1495 2242 falsissimi
1529 2214 1585 2242 est
1619 2205 1658 2241 in
1690 2207 1766 2241 Ro-

465 2277 582 2301 mana
616 2264 739 2311 curia,
774 2264 839 2300 ubi
874 2263 1056 2301 homines
1097 2265 1243 2300 nedum
1277 2264 1413 2300 volunt
1446 2265 1616 2300 vendere
1649 2265 1823 2299 bene-35

464 2323 553 2358 ficia
587 2322 854 2359 ecclesiastica
888 2324 956 2358 sed
979 2321 1256 2358 absoluciones
1289 2330 1325 2358 et
1359 2320 1632 2369 indulgencias
1664 2322 1768 2357 ultra

464 2393 584 2427 quam
620 2380 800 2416 Christus
835 2389 870 2415 et
904 2380 962 2416 sui
997 2379 1167 2428 apostoli
1200 2381 1370 2415 vendere
1403 2387 1638 2427 potuerunt;
1678 2391 1768 2426 pec-

465 2447 597 2474 catum
633 2447 766 2474 autem
802 2438 968 2474 istorum
1015 2438 1267 2474 venditorum
1302 2438 1446 2473 debent
1488 2436 1622 2472 fideles
1654 2445 1768 2472 acute

532 2643 557 2663 2.
578 2636 622 2663 A:
645 2644 706 2671 qut.
778 2644 806 2669 4.
829 2636 899 2663 Ain
916 2643 1030 2670 marg:
1051 2635 1245 2671 leronymus
1320 2642 1361 2669 ¹9·
1383 2634 1422 2662 B:
1444 2637 1473 2662 et
1492 2635 1587 2661 deest.
1660 2640 1700 2660 22.
1722 2634 1766 2661 A:

463 2671 545 2697 venit
562 2678 691 2705 sponsus
711 2671 803 2697 deest.
894 2672 940 2697 26.
962 2672 989 2697 Α
1011 2671 1039 2697 in
1062 2678 1177 2704 marg:
1197 2670 1361 2697 Johannes.
1469 2668 1515 2702 34.
1537 2669 1574 2695 B:
1595 2669 1766 2696 salsissimi.

530 2765 561 2794 4.
601 2754 737 2785 Corum.
777 2755 808 2784 in
848 2753 966 2784 Matth.
1006 2754 1026 2784 1.
1060 2764 1087 2784 c.
1120 2763 1197 2794 pag.
1238 2763 1313 2793 204.
1431 2751 1462 2783 8.
1501 2753 1567 2783 Jer.
1606 2751 1675 2790 VH,
1719 2753 1767 2782 16.

464 2810 515 2830 20.
544 2801 670 2831 Psalm.
697 2801 751 2837 VI,
779 2799 811 2830 6.
