<?xml version="1.0" encoding="UTF-8"?>
<!DOCTYPE html PUBLIC "-//W3C//DTD XHTML 1.0 Transitional//EN"
    "http://www.w3.org/TR/xhtml1/DTD/xhtml1-transitional.dtd">
<html xmlns="http://www.w3.org/1999/xhtml" xml:lang="en" lang="en">
 <head>
  <title>
</title>
<meta http-equiv="Content-Type" content="text/html;charset=utf-8" />
  <meta name='ocr-system' content='tesseract 3.04.00' />
  <meta name='ocr-capabilities' content='ocr_page ocr_carea ocr_par ocr_line ocrx_word'/>
</head>
<body>
  <div class='ocr_page' id='page_1' title='image "./opusevangelicum34wycl/opusevangelicum34wycl_0273.png"; bbox 0 0 1986 3289; ppageno 0'>
   <div class='ocr_carea' id='block_1_1' title="bbox 195 232 1790 286">
    <p class='ocr_par' dir='ltr' id='par_1_1' title="bbox 195 232 1790 286">
     <span class='ocr_line' id='line_1_1' title="bbox 195 232 1790 286; baseline 0.006 -14"><span class='ocrx_word' id='word_1_1' title='bbox 195 242 285 270; x_wconf 89' lang='lat' dir='ltr'><strong>CAP-</strong></span> <span class='ocrx_word' id='word_1_2' title='bbox 306 232 430 286; x_wconf 63' lang='lat' dir='ltr'>LXIII]</span> <span class='ocrx_word' id='word_1_3' title='bbox 561 245 620 275; x_wconf 88' lang='lat' dir='ltr'><em>DE</em></span> <span class='ocrx_word' id='word_1_4' title='bbox 649 243 960 275; x_wconf 84' lang='lat' dir='ltr'><strong>ANTICHRISTO</strong></span> <span class='ocrx_word' id='word_1_5' title='bbox 990 243 1073 274; x_wconf 88' lang='lat' dir='ltr'>LIB.</span> <span class='ocrx_word' id='word_1_6' title='bbox 1100 242 1122 273; x_wconf 88' lang='grc' dir='ltr'><em>Ι.</em></span> <span class='ocrx_word' id='word_1_7' title='bbox 1712 244 1790 281; x_wconf 77' lang='grc'><em>235</em></span> 
     </span>
    </p>
   </div>
   <div class='ocr_carea' id='block_1_2' title="bbox 136 348 1780 2420">
    <p class='ocr_par' dir='ltr' id='par_1_2' title="bbox 136 348 1780 2420">
     <span class='ocr_line' id='line_1_2' title="bbox 191 348 1503 400; baseline -0.002 -14"><span class='ocrx_word' id='word_1_8' title='bbox 191 351 334 387; x_wconf 88' lang='lat' dir='ltr'><em>Judeos</em></span> <span class='ocrx_word' id='word_1_9' title='bbox 366 358 477 400; x_wconf 78' lang='lat' dir='ltr'><em>utque</em></span> <span class='ocrx_word' id='word_1_10' title='bbox 509 350 708 396; x_wconf 77' lang='lat' dir='ltr'><em>hereticos,</em></span> <span class='ocrx_word' id='word_1_11' title='bbox 742 350 807 398; x_wconf 79' lang='lat' dir='ltr'><em>qui</em></span> <span class='ocrx_word' id='word_1_12' title='bbox 836 349 980 385; x_wconf 89' lang='lat' dir='ltr'><em>idcirco</em></span> <span class='ocrx_word' id='word_1_13' title='bbox 1015 361 1144 384; x_wconf 71' lang='lat' dir='ltr'><em>ornnes</em></span> <span class='ocrx_word' id='word_1_14' title='bbox 1178 348 1350 398; x_wconf 78' lang='lat' dir='ltr'><em>virgines</em></span> <span class='ocrx_word' id='word_1_15' title='bbox 1372 349 1503 397; x_wconf 87' lang='lat' dir='ltr'><em>appel—</em></span> 
     </span>
     <span class='ocr_line' id='line_1_3' title="bbox 194 406 1503 457; baseline -0.002 -13"><span class='ocrx_word' id='word_1_16' title='bbox 194 410 337 454; x_wconf 77' lang='lat' dir='ltr'><em>lantur,</em></span> <span class='ocrx_word' id='word_1_17' title='bbox 371 408 456 457; x_wconf 83' lang='lat' dir='ltr'><em>quia</em></span> <span class='ocrx_word' id='word_1_18' title='bbox 478 407 705 457; x_wconf 74' lang='lat' dir='ltr'><em>gloriantur</em></span> <span class='ocrx_word' id='word_1_19' title='bbox 725 407 761 442; x_wconf 91' lang='lat' dir='ltr'><em>in</em></span> <span class='ocrx_word' id='word_1_20' title='bbox 786 407 894 443; x_wconf 87' lang='lat' dir='ltr'><em>unius</em></span> <span class='ocrx_word' id='word_1_21' title='bbox 918 407 992 442; x_wconf 87' lang='lat' dir='ltr'><em>Dei</em></span> <span class='ocrx_word' id='word_1_22' title='bbox 1014 406 1150 442; x_wconf 79' lang='lat' dir='ltr'><em>noticia</em></span> <span class='ocrx_word' id='word_1_23' title='bbox 1175 413 1210 441; x_wconf 90' lang='lat' dir='ltr'><em>et</em></span> <span class='ocrx_word' id='word_1_24' title='bbox 1243 418 1347 442; x_wconf 84' lang='lat' dir='ltr'><em>mens</em></span> <span class='ocrx_word' id='word_1_25' title='bbox 1372 418 1503 442; x_wconf 85' lang='lat' dir='ltr'><em>eorum</em></span> 
     </span>
     <span class='ocr_line' id='line_1_4' title="bbox 193 466 982 513; baseline -0.003 -12"><span class='ocrx_word' id='word_1_26' title='bbox 193 466 374 502; x_wconf 81' lang='lat' dir='ltr'><em>idolatrie</em></span> <span class='ocrx_word' id='word_1_27' title='bbox 418 466 530 501; x_wconf 87' lang='lat' dir='ltr'><em>turba</em></span> <span class='ocrx_word' id='word_1_28' title='bbox 575 477 647 501; x_wconf 91' lang='lat' dir='ltr'><em>non</em></span> <span class='ocrx_word' id='word_1_29' title='bbox 693 472 982 513; x_wconf 79' lang='lat' dir='ltr'><em>constupratur.</em></span> 
     </span>
     <span class='ocr_line' id='line_1_5' title="bbox 252 521 1773 570; baseline -0.002 -11"><span class='ocrx_word' id='word_1_30' title='bbox 252 523 521 559; x_wconf 80' lang='lat' dir='ltr'><em>Crisostomus</em></span> <span class='ocrx_word' id='word_1_31' title='bbox 546 532 677 559; x_wconf 80' lang='lat' dir='ltr'><em>autem</em></span> <span class='ocrx_word' id='word_1_32' title='bbox 695 534 813 570; x_wconf 82' lang='lat' dir='ltr'><em>super</em></span> <span class='ocrx_word' id='word_1_33' title='bbox 829 522 904 558; x_wconf 83' lang='lat' dir='ltr'><em>isto</em></span> <span class='ocrx_word' id='word_1_34' title='bbox 928 531 1034 558; x_wconf 79' lang='lat' dir='ltr'><em>textu</em></span> <span class='ocrx_word' id='word_1_35' title='bbox 1058 521 1113 557; x_wconf 79' lang='lat' dir='ltr'><em>sic</em></span> <span class='ocrx_word' id='word_1_36' title='bbox 1136 521 1332 569; x_wconf 82' lang='lat' dir='ltr'><em>loquitur:</em></span> <span class='ocrx_word' id='word_1_37' title='bbox 1358 522 1504 557; x_wconf 86' lang='lat' dir='ltr'><em>Notan-</em></span> <span class='ocrx_word' id='word_1_38' title='bbox 1550 528 1773 564; x_wconf 77' lang='lat' dir='ltr'><em>Clu-ysostom:</em></span> 
     </span>
     <span class='ocr_line' id='line_1_6' title="bbox 160 579 1503 629; baseline -0.001 -13"><span class='ocrx_word' id='word_1_39' title='bbox 160 582 282 621; x_wconf 67' lang='lat' dir='ltr'><em>§dum</em></span> <span class='ocrx_word' id='word_1_40' title='bbox 316 581 465 629; x_wconf 83' lang='lat' dir='ltr'><em>quidem</em></span> <span class='ocrx_word' id='word_1_41' title='bbox 491 581 592 629; x_wconf 84' lang='lat' dir='ltr'><em>quod</em></span> <span class='ocrx_word' id='word_1_42' title='bbox 608 580 783 629; x_wconf 78' lang='lat' dir='ltr'><em>priorem</em></span> <span class='ocrx_word' id='word_1_43' title='bbox 812 580 1043 628; x_wconf 77' lang='lat' dir='ltr'><em>parabolam</em></span> <span class='ocrx_word' id='word_1_44' title='bbox 1080 580 1125 615; x_wconf 90' lang='lat' dir='ltr'><em>de</em></span> <span class='ocrx_word' id='word_1_45' title='bbox 1147 579 1368 615; x_wconf 82' lang='lat' dir='ltr'><em>doctoribus</em></span> <span class='ocrx_word' id='word_1_46' title='bbox 1401 579 1503 623; x_wconf 77' lang='lat' dir='ltr'><em>dicit,</em></span> 
     </span>
     <span class='ocr_line' id='line_1_7' title="bbox 194 637 1503 687; baseline -0.001 -14"><span class='ocrx_word' id='word_1_47' title='bbox 194 639 290 674; x_wconf 74' lang='lat' dir='ltr'><em>lianc</em></span> <span class='ocrx_word' id='word_1_48' title='bbox 307 645 433 673; x_wconf 84' lang='lat' dir='ltr'><em>autem</em></span> <span class='ocrx_word' id='word_1_49' title='bbox 461 638 641 686; x_wconf 84' lang='lat' dir='ltr'><em>pluribus</em></span> <span class='ocrx_word' id='word_1_50' title='bbox 673 638 823 673; x_wconf 88' lang='lat' dir='ltr'><em>nomine</em></span> <span class='ocrx_word' id='word_1_51' title='bbox 838 638 1032 687; x_wconf 76' lang='lat' dir='ltr'><em>virginum</em></span> <span class='ocrx_word' id='word_1_52' title='bbox 1057 637 1298 687; x_wconf 77' lang='lat' dir='ltr'><em>generaliter</em></span> <span class='ocrx_word' id='word_1_53' title='bbox 1329 649 1503 686; x_wconf 88' lang='lat' dir='ltr'><em>compre-</em></span> 
     </span>
     <span class='ocr_line' id='line_1_8' title="bbox 193 695 1505 744; baseline -0.001 -13"><span class='ocrx_word' id='word_1_54' title='bbox 193 696 331 742; x_wconf 82' lang='lat' dir='ltr'><em>hensis,</em></span> <span class='ocrx_word' id='word_1_55' title='bbox 348 704 471 731; x_wconf 85' lang='lat' dir='ltr'><em>tamen</em></span> <span class='ocrx_word' id='word_1_56' title='bbox 488 703 522 731; x_wconf 91' lang='lat' dir='ltr'><em>et</em></span> <span class='ocrx_word' id='word_1_57' title='bbox 535 696 742 731; x_wconf 83' lang='lat' dir='ltr'><em>secundum</em></span> <span class='ocrx_word' id='word_1_58' title='bbox 758 695 999 744; x_wconf 86' lang='lat' dir='ltr'><em>spiritualem</em></span> <span class='ocrx_word' id='word_1_59' title='bbox 1023 695 1253 731; x_wconf 86' lang='lat' dir='ltr'><em>intellectum</em></span> <span class='ocrx_word' id='word_1_60' title='bbox 1271 695 1367 730; x_wconf 71' lang='lat' dir='ltr'><em>lianc</em></span> <span class='ocrx_word' id='word_1_61' title='bbox 1385 707 1505 743; x_wconf 89' lang='lat' dir='ltr'><em>para—</em></span> 
     </span>
     <span class='ocr_line' id='line_1_9' title="bbox 194 753 1508 802; baseline -0.001 -13"><span class='ocrx_word' id='word_1_62' title='bbox 194 754 319 789; x_wconf 85' lang='lat' dir='ltr'><em>bolam</em></span> <span class='ocrx_word' id='word_1_63' title='bbox 345 753 462 789; x_wconf 83' lang='lat' dir='ltr'><em>nichil</em></span> <span class='ocrx_word' id='word_1_64' title='bbox 486 760 593 789; x_wconf 89' lang='lat' dir='ltr'><em>nocet</em></span> <span class='ocrx_word' id='word_1_65' title='bbox 619 753 874 802; x_wconf 88' lang='lat' dir='ltr'><em>interpretari</em></span> <span class='ocrx_word' id='word_1_66' title='bbox 903 761 938 788; x_wconf 89' lang='lat' dir='ltr'><em>et</em></span> <span class='ocrx_word' id='word_1_67' title='bbox 971 753 1204 789; x_wconf 82' lang='lat' dir='ltr'><em>carnaliter:</em></span> <span class='ocrx_word' id='word_1_68' title='bbox 1243 753 1346 788; x_wconf 88' lang='lat' dir='ltr'><em>Tunc</em></span> <span class='ocrx_word' id='word_1_69' title='bbox 1384 753 1508 788; x_wconf 84' lang='lat' dir='ltr'><em>simile</em></span> 
     </span>
     <span class='ocr_line' id='line_1_10' title="bbox 194 810 1503 859; baseline -0.001 -13"><span class='ocrx_word' id='word_1_70' title='bbox 194 811 266 847; x_wconf 90' lang='lat' dir='ltr'><em>erit</em></span> <span class='ocrx_word' id='word_1_71' title='bbox 288 823 372 847; x_wconf 84' lang='lat' dir='ltr'><em>cum</em></span> <span class='ocrx_word' id='word_1_72' title='bbox 397 811 526 846; x_wconf 80' lang='lat' dir='ltr'><em>diebus</em></span> <span class='ocrx_word' id='word_1_73' title='bbox 558 811 636 846; x_wconf 90' lang='lat' dir='ltr'><em>suis</em></span> <span class='ocrx_word' id='word_1_74' title='bbox 659 811 858 859; x_wconf 82' lang='lat' dir='ltr'><em>completis</em></span> <span class='ocrx_word' id='word_1_75' title='bbox 875 811 1022 846; x_wconf 87' lang='lat' dir='ltr'><em>solutus</em></span> <span class='ocrx_word' id='word_1_76' title='bbox 1045 810 1175 858; x_wconf 89' lang='lat' dir='ltr'><em>fuerit</em></span> <span class='ocrx_word' id='word_1_77' title='bbox 1208 811 1385 857; x_wconf 83' lang='lat' dir='ltr'><em>mundus,</em></span> <span class='ocrx_word' id='word_1_78' title='bbox 1420 823 1503 846; x_wconf 84' lang='lat' dir='ltr'><em>cum</em></span> 
     </span>
     <span class='ocr_line' id='line_1_11' title="bbox 142 868 1780 914; baseline -0.001 -10"><span class='ocrx_word' id='word_1_79' title='bbox 142 869 339 914; x_wconf 73' lang='lat' dir='ltr'><em>1Ovenerit</em></span> <span class='ocrx_word' id='word_1_80' title='bbox 383 868 501 904; x_wconf 85' lang='lat' dir='ltr'><em>iudex</em></span> <span class='ocrx_word' id='word_1_81' title='bbox 533 869 701 904; x_wconf 85' lang='lat' dir='ltr'><em>omnium</em></span> <span class='ocrx_word' id='word_1_82' title='bbox 742 869 995 904; x_wconf 82' lang='lat' dir='ltr'><em>occultorum.</em></span> <span class='ocrx_word' id='word_1_83' title='bbox 1040 868 1160 903; x_wconf 87' lang='lat' dir='ltr'><em>Modo</em></span> <span class='ocrx_word' id='word_1_84' title='bbox 1192 875 1318 904; x_wconf 85' lang='lat' dir='ltr'><em>autem</em></span> <span class='ocrx_word' id='word_1_85' title='bbox 1352 868 1504 904; x_wconf 82' lang='lat' dir='ltr'><em>interim</em></span> <span class='ocrx_word' id='word_1_86' title='bbox 1531 875 1579 902; x_wconf 82' lang='lat' dir='ltr'><em>All</em></span> <span class='ocrx_word' id='word_1_87' title='bbox 1603 883 1672 902; x_wconf 81' lang='lat' dir='ltr'><em>men</em></span> <span class='ocrx_word' id='word_1_88' title='bbox 1693 875 1731 902; x_wconf 83' lang='lat' dir='ltr'><em>lie</em></span> <span class='ocrx_word' id='word_1_89' title='bbox 1750 880 1780 903; x_wconf 89' lang='lat' dir='ltr'><em>to</em></span> 
     </span>
     <span class='ocr_line' id='line_1_12' title="bbox 194 910 1751 976; baseline 0 -15"><span class='ocrx_word' id='word_1_90' title='bbox 194 939 324 962; x_wconf 84' lang='lat' dir='ltr'><em>omnes</em></span> <span class='ocrx_word' id='word_1_91' title='bbox 357 926 528 963; x_wconf 80' lang='lat' dir='ltr'><em>homines</em></span> <span class='ocrx_word' id='word_1_92' title='bbox 560 926 665 962; x_wconf 83' lang='lat' dir='ltr'><em>nobis</em></span> <span class='ocrx_word' id='word_1_93' title='bbox 705 926 864 962; x_wconf 81' lang='lat' dir='ltr'><em>invicem</em></span> <span class='ocrx_word' id='word_1_94' title='bbox 899 926 1117 962; x_wconf 84' lang='lat' dir='ltr'><em>mentimur.</em></span> <span class='ocrx_word' id='word_1_95' title='bbox 1165 926 1244 962; x_wconf 89' lang='lat' dir='ltr'><em>Alii</em></span> <span class='ocrx_word' id='word_1_96' title='bbox 1273 938 1312 962; x_wconf 90' lang='lat' dir='ltr'><em>se</em></span> <span class='ocrx_word' id='word_1_97' title='bbox 1343 926 1505 976; x_wconf 77' lang='lat' dir='ltr'><em>fingunt</em></span> <span class='ocrx_word' id='word_1_98' title='bbox 1560 910 1633 937; x_wconf 84' lang='lat' dir='ltr'><em>each</em></span> <span class='ocrx_word' id='word_1_99' title='bbox 1654 910 1751 938; x_wconf 84' lang='lat' dir='ltr'><em>other.</em></span> 
     </span>
     <span class='ocr_line' id='line_1_13' title="bbox 194 984 1504 1033; baseline 0.001 -14"><span class='ocrx_word' id='word_1_100' title='bbox 194 984 325 1027; x_wconf 81' lang='lat' dir='ltr'><em>iustos,</em></span> <span class='ocrx_word' id='word_1_101' title='bbox 359 997 442 1020; x_wconf 89' lang='lat' dir='ltr'><em>cunz</em></span> <span class='ocrx_word' id='word_1_102' title='bbox 488 984 562 1020; x_wconf 88' lang='lat' dir='ltr'><em>sint</em></span> <span class='ocrx_word' id='word_1_103' title='bbox 594 984 725 1033; x_wconf 82' lang='lat' dir='ltr'><em>iniqui,</em></span> <span class='ocrx_word' id='word_1_104' title='bbox 772 984 841 1019; x_wconf 87' lang='lat' dir='ltr'><em>alii</em></span> <span class='ocrx_word' id='word_1_105' title='bbox 878 984 1081 1019; x_wconf 82' lang='lat' dir='ltr'><em>humiliant</em></span> <span class='ocrx_word' id='word_1_106' title='bbox 1127 996 1167 1020; x_wconf 92' lang='lat' dir='ltr'><em>se</em></span> <span class='ocrx_word' id='word_1_107' title='bbox 1199 991 1239 1019; x_wconf 87' lang='lat' dir='ltr'><em>ut</em></span> <span class='ocrx_word' id='word_1_108' title='bbox 1265 991 1504 1033; x_wconf 80' lang='lat' dir='ltr'><em>peccatores,</em></span> 
     </span>
     <span class='ocr_line' id='line_1_14' title="bbox 194 1042 1507 1091; baseline 0 -14"><span class='ocrx_word' id='word_1_109' title='bbox 194 1054 277 1077; x_wconf 82' lang='lat' dir='ltr'><em>cum</em></span> <span class='ocrx_word' id='word_1_110' title='bbox 311 1042 387 1078; x_wconf 89' lang='lat' dir='ltr'><em>sint</em></span> <span class='ocrx_word' id='word_1_111' title='bbox 419 1042 553 1088; x_wconf 87' lang='lat' dir='ltr'><em>sancti,</em></span> <span class='ocrx_word' id='word_1_112' title='bbox 597 1042 666 1077; x_wconf 90' lang='lat' dir='ltr'><em>alii</em></span> <span class='ocrx_word' id='word_1_113' title='bbox 695 1049 821 1077; x_wconf 83' lang='lat' dir='ltr'><em>autem</em></span> <span class='ocrx_word' id='word_1_114' title='bbox 871 1049 1004 1091; x_wconf 80' lang='lat' dir='ltr'><em>turpes</em></span> <span class='ocrx_word' id='word_1_115' title='bbox 1035 1049 1143 1078; x_wconf 90' lang='lat' dir='ltr'><em>actus</em></span> <span class='ocrx_word' id='word_1_116' title='bbox 1185 1054 1276 1078; x_wconf 86' lang='lat' dir='ltr'><em>suos</em></span> <span class='ocrx_word' id='word_1_117' title='bbox 1308 1054 1424 1090; x_wconf 77' lang='lat' dir='ltr'><em>usque</em></span> <span class='ocrx_word' id='word_1_118' title='bbox 1454 1042 1507 1077; x_wconf 89' lang='lat' dir='ltr'><em>ad</em></span> 
     </span>
     <span class='ocr_line' id='line_1_15' title="bbox 194 1099 1504 1149; baseline 0.001 -15"><span class='ocrx_word' id='word_1_119' title='bbox 194 1106 356 1136; x_wconf 82' lang='lat' dir='ltr'><em>mortem</em></span> <span class='ocrx_word' id='word_1_120' title='bbox 390 1100 628 1136; x_wconf 81' lang='lat' dir='ltr'><em>abscondunt</em></span> <span class='ocrx_word' id='word_1_121' title='bbox 666 1100 832 1149; x_wconf 81' lang='lat' dir='ltr'><em>amplius</em></span> <span class='ocrx_word' id='word_1_122' title='bbox 866 1099 1038 1136; x_wconf 79' lang='lat' dir='ltr'><em>homines</em></span> <span class='ocrx_word' id='word_1_123' title='bbox 1069 1100 1346 1145; x_wconf 76' lang='lat' dir='ltr'><em>erubescentes,</em></span> <span class='ocrx_word' id='word_1_124' title='bbox 1393 1111 1504 1148; x_wconf 83' lang='lat' dir='ltr'><em>quam</em></span> 
     </span>
     <span class='ocr_line' id='line_1_16' title="bbox 141 1157 1506 1207; baseline 0 -14"><span class='ocrx_word' id='word_1_125' title='bbox 141 1158 317 1198; x_wconf 77' lang='lat' dir='ltr'><em>15Deunz</em></span> <span class='ocrx_word' id='word_1_126' title='bbox 351 1157 527 1193; x_wconf 82' lang='lat' dir='ltr'><em>timentes</em></span> <span class='ocrx_word' id='word_1_127' title='bbox 571 1165 606 1193; x_wconf 89' lang='lat' dir='ltr'><em>et</em></span> <span class='ocrx_word' id='word_1_128' title='bbox 648 1169 802 1206; x_wconf 84' lang='lat' dir='ltr'><em>semper</em></span> <span class='ocrx_word' id='word_1_129' title='bbox 832 1165 918 1193; x_wconf 91' lang='lat' dir='ltr'><em>sunt</em></span> <span class='ocrx_word' id='word_1_130' title='bbox 963 1157 998 1193; x_wconf 87' lang='lat' dir='ltr'><em>in</em></span> <span class='ocrx_word' id='word_1_131' title='bbox 1033 1158 1190 1193; x_wconf 75' lang='lat' dir='ltr'><em>vulnere</em></span> <span class='ocrx_word' id='word_1_132' title='bbox 1221 1158 1310 1193; x_wconf 70' lang='lat' dir='ltr'><em>duni</em></span> <span class='ocrx_word' id='word_1_133' title='bbox 1341 1165 1506 1207; x_wconf 85' lang='lat' dir='ltr'><em>propter</em></span> 
     </span>
     <span class='ocr_line' id='line_1_17' title="bbox 193 1215 1503 1265; baseline 0 -15"><span class='ocrx_word' id='word_1_134' title='bbox 193 1215 364 1250; x_wconf 84' lang='lat' dir='ltr'><em>homines</em></span> <span class='ocrx_word' id='word_1_135' title='bbox 416 1216 549 1250; x_wconf 87' lang='lat' dir='ltr'><em>nolunt</em></span> <span class='ocrx_word' id='word_1_136' title='bbox 592 1227 786 1264; x_wconf 90' lang='lat' dir='ltr'><em>apparere</em></span> <span class='ocrx_word' id='word_1_137' title='bbox 831 1215 1032 1250; x_wconf 78' lang='lat' dir='ltr'><em>vulnerati.</em></span> <span class='ocrx_word' id='word_1_138' title='bbox 1092 1215 1171 1265; x_wconf 74' lang='lat' dir='ltr'><em>Qui</em></span> <span class='ocrx_word' id='word_1_139' title='bbox 1207 1223 1332 1251; x_wconf 84' lang='lat' dir='ltr'><em>autem</em></span> <span class='ocrx_word' id='word_1_140' title='bbox 1378 1216 1503 1251; x_wconf 82' lang='lat' dir='ltr'><em>Deum</em></span> 
     </span>
     <span class='ocr_line' id='line_1_18' title="bbox 194 1273 1505 1322; baseline 0.002 -15"><span class='ocrx_word' id='word_1_141' title='bbox 194 1273 302 1308; x_wconf 82' lang='lat' dir='ltr'><em>timet</em></span> <span class='ocrx_word' id='word_1_142' title='bbox 333 1273 505 1309; x_wconf 81' lang='lat' dir='ltr'><em>homines</em></span> <span class='ocrx_word' id='word_1_143' title='bbox 537 1284 609 1309; x_wconf 93' lang='lat' dir='ltr'><em>non</em></span> <span class='ocrx_word' id='word_1_144' title='bbox 642 1273 840 1309; x_wconf 84' lang='lat' dir='ltr'><em>erubescit.</em></span> <span class='ocrx_word' id='word_1_145' title='bbox 888 1273 968 1309; x_wconf 88' lang='lat' dir='ltr'><em>Nec</em></span> <span class='ocrx_word' id='word_1_146' title='bbox 1001 1273 1097 1309; x_wconf 84' lang='lat' dir='ltr'><em>enim</em></span> <span class='ocrx_word' id='word_1_147' title='bbox 1126 1279 1254 1322; x_wconf 89' lang='lat' dir='ltr'><em>potest</em></span> <span class='ocrx_word' id='word_1_148' title='bbox 1281 1273 1394 1322; x_wconf 89' lang='lat' dir='ltr'><em>peior</em></span> <span class='ocrx_word' id='word_1_149' title='bbox 1426 1285 1505 1309; x_wconf 85' lang='lat' dir='ltr'><em>esse</em></span> 
     </span>
     <span class='ocr_line' id='line_1_19' title="bbox 193 1330 1505 1379; baseline 0 -14"><span class='ocrx_word' id='word_1_150' title='bbox 193 1331 312 1366; x_wconf 85' lang='lat' dir='ltr'><em>timor</em></span> <span class='ocrx_word' id='word_1_151' title='bbox 342 1338 519 1366; x_wconf 84' lang='lat' dir='ltr'><em>terrenus</em></span> <span class='ocrx_word' id='word_1_152' title='bbox 563 1343 674 1378; x_wconf 78' lang='lat' dir='ltr'><em>quani</em></span> <span class='ocrx_word' id='word_1_153' title='bbox 715 1343 816 1379; x_wconf 86' lang='lat' dir='ltr'><em>pena</em></span> <span class='ocrx_word' id='word_1_154' title='bbox 849 1331 1010 1367; x_wconf 85' lang='lat' dir='ltr'><em>celestis.</em></span> <span class='ocrx_word' id='word_1_155' title='bbox 1071 1331 1217 1374; x_wconf 79' lang='lat' dir='ltr'><em>Quibus</em></span> <span class='ocrx_word' id='word_1_156' title='bbox 1248 1330 1372 1366; x_wconf 82' lang='lat' dir='ltr'><em>simile</em></span> <span class='ocrx_word' id='word_1_157' title='bbox 1404 1331 1505 1366; x_wconf 78' lang='lat' dir='ltr'><em>erit?</em></span> 
     </span>
     <span class='ocr_line' id='line_1_20' title="bbox 193 1388 1505 1438; baseline 0.001 -16"><span class='ocrx_word' id='word_1_158' title='bbox 193 1388 336 1423; x_wconf 86' lang='lat' dir='ltr'><em>Decenz</em></span> <span class='ocrx_word' id='word_1_159' title='bbox 371 1388 599 1438; x_wconf 78' lang='lat' dir='ltr'><em>virginibus.</em></span> <span class='ocrx_word' id='word_1_160' title='bbox 662 1389 829 1432; x_wconf 81' lang='lat' dir='ltr'><em>Quidam</em></span> <span class='ocrx_word' id='word_1_161' title='bbox 857 1396 998 1437; x_wconf 85' lang='lat' dir='ltr'><em>putant</em></span> <span class='ocrx_word' id='word_1_162' title='bbox 1041 1389 1101 1424; x_wconf 86' lang='lat' dir='ltr'><em>lzic</em></span> <span class='ocrx_word' id='word_1_163' title='bbox 1146 1389 1318 1438; x_wconf 76' lang='lat' dir='ltr'><em>virgines</em></span> <span class='ocrx_word' id='word_1_164' title='bbox 1352 1388 1428 1424; x_wconf 90' lang='lat' dir='ltr'><em>dici</em></span> <span class='ocrx_word' id='word_1_165' title='bbox 1460 1389 1505 1424; x_wconf 87' lang='lat' dir='ltr'><em>de</em></span> 
     </span>
     <span class='ocr_line' id='line_1_21' title="bbox 136 1446 1502 1495; baseline 0.001 -15"><span class='ocrx_word' id='word_1_166' title='bbox 136 1465 177 1485; x_wconf 79' lang='lat'><em>20</em></span> <span class='ocrx_word' id='word_1_167' title='bbox 193 1446 325 1494; x_wconf 77' lang='lat' dir='ltr'><em>quibus</em></span> <span class='ocrx_word' id='word_1_168' title='bbox 347 1446 555 1494; x_wconf 84' lang='lat' dir='ltr'><em>Apostolus</em></span> <span class='ocrx_word' id='word_1_169' title='bbox 578 1447 759 1494; x_wconf 73' lang='lat' dir='ltr'><em>loquitur,</em></span> <span class='ocrx_word' id='word_1_170' title='bbox 793 1453 833 1481; x_wconf 86' lang='lat' dir='ltr'><em>ut</em></span> <span class='ocrx_word' id='word_1_171' title='bbox 853 1446 928 1482; x_wconf 89' lang='lat' dir='ltr'><em>sint</em></span> <span class='ocrx_word' id='word_1_172' title='bbox 949 1453 1078 1482; x_wconf 87' lang='lat' dir='ltr'><em>sancte</em></span> <span class='ocrx_word' id='word_1_173' title='bbox 1110 1458 1275 1495; x_wconf 86' lang='lat' dir='ltr'><em>corpore</em></span> <span class='ocrx_word' id='word_1_174' title='bbox 1306 1453 1341 1482; x_wconf 90' lang='lat' dir='ltr'><em>et</em></span> <span class='ocrx_word' id='word_1_175' title='bbox 1363 1446 1502 1482; x_wconf 84' lang='lat' dir='ltr'><em>animo.</em></span> 
     </span>
     <span class='ocr_line' id='line_1_22' title="bbox 192 1503 1780 1556; baseline 0.001 -18"><span class='ocrx_word' id='word_1_176' title='bbox 192 1503 245 1538; x_wconf 86' lang='lat' dir='ltr'><em>Et</em></span> <span class='ocrx_word' id='word_1_177' title='bbox 274 1504 426 1552; x_wconf 84' lang='lat' dir='ltr'><em>sapiens</em></span> <span class='ocrx_word' id='word_1_178' title='bbox 470 1504 620 1552; x_wconf 82' lang='lat' dir='ltr'><em>quidem</em></span> <span class='ocrx_word' id='word_1_179' title='bbox 666 1504 780 1554; x_wconf 73' lang='lat' dir='ltr'><em>virgo</em></span> <span class='ocrx_word' id='word_1_180' title='bbox 823 1511 879 1539; x_wconf 91' lang='lat' dir='ltr'><em>est</em></span> <span class='ocrx_word' id='word_1_181' title='bbox 911 1516 980 1552; x_wconf 85' lang='lat' dir='ltr'><em>que</em></span> <span class='ocrx_word' id='word_1_182' title='bbox 1027 1511 1062 1540; x_wconf 80' lang='lat' dir='ltr'><em>et</em></span> <span class='ocrx_word' id='word_1_183' title='bbox 1112 1516 1278 1553; x_wconf 90' lang='lat' dir='ltr'><em>corpore</em></span> <span class='ocrx_word' id='word_1_184' title='bbox 1309 1511 1344 1539; x_wconf 90' lang='lat' dir='ltr'><em>et</em></span> <span class='ocrx_word' id='word_1_185' title='bbox 1375 1504 1504 1540; x_wconf 83' lang='lat' dir='ltr'><em>anima</em></span> <span class='ocrx_word' id='word_1_186' title='bbox 1531 1520 1627 1548; x_wconf 83' lang='lat' dir='ltr'><em>What</em></span> <span class='ocrx_word' id='word_1_187' title='bbox 1646 1529 1662 1547; x_wconf 86' lang='lat' dir='ltr'><em>a</em></span> <span class='ocrx_word' id='word_1_188' title='bbox 1681 1521 1780 1556; x_wconf 77' lang='lat' dir='ltr'><em>virgin</em></span> 
     </span>
     <span class='ocr_line' id='line_1_23' title="bbox 195 1555 1744 1611; baseline 0.001 -15"><span class='ocrx_word' id='word_1_189' title='bbox 195 1561 308 1610; x_wconf 78' lang='lat' dir='ltr'><em>virgo</em></span> <span class='ocrx_word' id='word_1_190' title='bbox 342 1568 409 1608; x_wconf 67' lang='lat' dir='ltr'><em>est,</em></span> <span class='ocrx_word' id='word_1_191' title='bbox 443 1568 482 1596; x_wconf 88' lang='lat' dir='ltr'><em>ut</em></span> <span class='ocrx_word' id='word_1_192' title='bbox 513 1574 631 1610; x_wconf 83' lang='lat' dir='ltr'><em>neque</em></span> <span class='ocrx_word' id='word_1_193' title='bbox 663 1562 800 1597; x_wconf 80' lang='lat' dir='ltr'><em>habeat</em></span> <span class='ocrx_word' id='word_1_194' title='bbox 834 1562 959 1597; x_wconf 75' lang='lat' dir='ltr'><em>virum</em></span> <span class='ocrx_word' id='word_1_195' title='bbox 994 1574 1110 1611; x_wconf 82' lang='lat' dir='ltr'><em>neque</em></span> <span class='ocrx_word' id='word_1_196' title='bbox 1143 1562 1346 1599; x_wconf 82' lang='lat' dir='ltr'><em>desideret.</em></span> <span class='ocrx_word' id='word_1_197' title='bbox 1402 1562 1505 1606; x_wconf 90' lang='lat' dir='ltr'><em>Quid</em></span> <span class='ocrx_word' id='word_1_198' title='bbox 1566 1555 1676 1583; x_wconf 75' lang='lat' dir='ltr'><em>should</em></span> <span class='ocrx_word' id='word_1_199' title='bbox 1699 1556 1744 1583; x_wconf 82' lang='lat' dir='ltr'><em>be.</em></span> 
     </span>
     <span class='ocr_line' id='line_1_24' title="bbox 193 1619 1504 1669; baseline 0.001 -16"><span class='ocrx_word' id='word_1_200' title='bbox 193 1619 289 1654; x_wconf 82' lang='lat' dir='ltr'><em>enim</em></span> <span class='ocrx_word' id='word_1_201' title='bbox 323 1619 358 1654; x_wconf 89' lang='lat' dir='ltr'><em>si</em></span> <span class='ocrx_word' id='word_1_202' title='bbox 387 1626 453 1654; x_wconf 87' lang='lat' dir='ltr'><em>aut</em></span> <span class='ocrx_word' id='word_1_203' title='bbox 479 1627 663 1667; x_wconf 89' lang='lat' dir='ltr'><em>parentes</em></span> <span class='ocrx_word' id='word_1_204' title='bbox 695 1619 772 1655; x_wconf 86' lang='lat' dir='ltr'><em>eius</em></span> <span class='ocrx_word' id='word_1_205' title='bbox 800 1627 968 1668; x_wconf 87' lang='lat' dir='ltr'><em>propter</em></span> <span class='ocrx_word' id='word_1_206' title='bbox 1009 1627 1137 1656; x_wconf 67' lang='lat' dir='ltr'><em>votum</em></span> <span class='ocrx_word' id='word_1_207' title='bbox 1170 1632 1279 1655; x_wconf 84' lang='lat' dir='ltr'><em>suum</em></span> <span class='ocrx_word' id='word_1_208' title='bbox 1313 1620 1349 1655; x_wconf 90' lang='lat' dir='ltr'><em>in</em></span> <span class='ocrx_word' id='word_1_209' title='bbox 1383 1620 1504 1669; x_wconf 76' lang='lat' dir='ltr'><em>virgi-</em></span> 
     </span>
     <span class='ocr_line' id='line_1_25' title="bbox 193 1677 1503 1726; baseline 0.001 -15"><span class='ocrx_word' id='word_1_210' title='bbox 193 1677 310 1711; x_wconf 82' lang='lat' dir='ltr'><em>nitate</em></span> <span class='ocrx_word' id='word_1_211' title='bbox 343 1688 424 1712; x_wconf 87' lang='lat' dir='ltr'><em>eam</em></span> <span class='ocrx_word' id='word_1_212' title='bbox 448 1684 665 1723; x_wconf 84' lang='lat' dir='ltr'><em>tenuerunt,</em></span> <span class='ocrx_word' id='word_1_213' title='bbox 700 1677 790 1725; x_wconf 82' lang='lat' dir='ltr'><em>quid</em></span> <span class='ocrx_word' id='word_1_214' title='bbox 828 1678 862 1713; x_wconf 92' lang='lat' dir='ltr'><em>si</em></span> <span class='ocrx_word' id='word_1_215' title='bbox 878 1690 954 1726; x_wconf 93' lang='lat' dir='ltr'><em>pro</em></span> <span class='ocrx_word' id='word_1_216' title='bbox 978 1677 1106 1726; x_wconf 84' lang='lat' dir='ltr'><em>aliqua</em></span> <span class='ocrx_word' id='word_1_217' title='bbox 1130 1678 1327 1714; x_wconf 87' lang='lat' dir='ltr'><em>occasione</em></span> <span class='ocrx_word' id='word_1_218' title='bbox 1359 1678 1503 1726; x_wconf 81' lang='lat' dir='ltr'><em>quesita</em></span> 
     </span>
     <span class='ocr_line' id='line_1_26' title="bbox 136 1735 1503 1784; baseline 0.001 -15"><span class='ocrx_word' id='word_1_219' title='bbox 136 1748 175 1779; x_wconf 78' lang='lat'><em>25</em></span> <span class='ocrx_word' id='word_1_220' title='bbox 193 1741 245 1770; x_wconf 87' lang='lat' dir='ltr'><em>est</em></span> <span class='ocrx_word' id='word_1_221' title='bbox 278 1746 350 1769; x_wconf 87' lang='lat' dir='ltr'><em>non</em></span> <span class='ocrx_word' id='word_1_222' title='bbox 382 1735 501 1770; x_wconf 80' lang='lat' dir='ltr'><em>talis?</em></span> <span class='ocrx_word' id='word_1_223' title='bbox 532 1735 615 1771; x_wconf 90' lang='lat' dir='ltr'><em>Hec</em></span> <span class='ocrx_word' id='word_1_224' title='bbox 636 1735 671 1771; x_wconf 87' lang='lat' dir='ltr'><em>si</em></span> <span class='ocrx_word' id='word_1_225' title='bbox 691 1747 762 1770; x_wconf 90' lang='lat' dir='ltr'><em>non</em></span> <span class='ocrx_word' id='word_1_226' title='bbox 786 1743 841 1771; x_wconf 89' lang='lat' dir='ltr'><em>est</em></span> <span class='ocrx_word' id='word_1_227' title='bbox 869 1743 999 1784; x_wconf 87' lang='lat' dir='ltr'><em>nupta,</em></span> <span class='ocrx_word' id='word_1_228' title='bbox 1031 1736 1263 1771; x_wconf 81' lang='lat' dir='ltr'><em>voluntatem</em></span> <span class='ocrx_word' id='word_1_229' title='bbox 1288 1743 1413 1771; x_wconf 81' lang='lat' dir='ltr'><em>tamen</em></span> <span class='ocrx_word' id='word_1_230' title='bbox 1437 1748 1503 1770; x_wconf 85' lang='lat' dir='ltr'><em>nu-</em></span> 
     </span>
     <span class='ocr_line' id='line_1_27' title="bbox 193 1792 1503 1843; baseline 0.001 -16"><span class='ocrx_word' id='word_1_231' title='bbox 193 1792 306 1827; x_wconf 84' lang='lat' dir='ltr'><em>bendi</em></span> <span class='ocrx_word' id='word_1_232' title='bbox 336 1792 525 1839; x_wconf 82' lang='lat' dir='ltr'><em>hahuerit,</em></span> <span class='ocrx_word' id='word_1_233' title='bbox 570 1804 735 1841; x_wconf 87' lang='lat' dir='ltr'><em>corpore</em></span> <span class='ocrx_word' id='word_1_234' title='bbox 767 1793 917 1841; x_wconf 82' lang='lat' dir='ltr'><em>quidem</em></span> <span class='ocrx_word' id='word_1_235' title='bbox 953 1793 1067 1843; x_wconf 75' lang='lat' dir='ltr'><em>virgo</em></span> <span class='ocrx_word' id='word_1_236' title='bbox 1101 1801 1167 1840; x_wconf 86' lang='lat' dir='ltr'><em>est,</em></span> <span class='ocrx_word' id='word_1_237' title='bbox 1212 1793 1339 1829; x_wconf 85' lang='lat' dir='ltr'><em>animo</em></span> <span class='ocrx_word' id='word_1_238' title='bbox 1372 1801 1503 1842; x_wconf 80' lang='lat' dir='ltr'><em>nupta,</em></span> 
     </span>
     <span class='ocr_line' id='line_1_28' title="bbox 193 1849 1503 1900; baseline 0.002 -15"><span class='ocrx_word' id='word_1_239' title='bbox 193 1849 278 1897; x_wconf 82' lang='lat' dir='ltr'><em>quia</em></span> <span class='ocrx_word' id='word_1_240' title='bbox 325 1861 465 1899; x_wconf 87' lang='lat' dir='ltr'><em>corpus</em></span> <span class='ocrx_word' id='word_1_241' title='bbox 512 1863 628 1900; x_wconf 92' lang='lat' dir='ltr'><em>opere</em></span> <span class='ocrx_word' id='word_1_242' title='bbox 658 1851 900 1894; x_wconf 79' lang='lat' dir='ltr'><em>sordidatur,</em></span> <span class='ocrx_word' id='word_1_243' title='bbox 946 1851 1096 1887; x_wconf 84' lang='lat' dir='ltr'><em>animus</em></span> <span class='ocrx_word' id='word_1_244' title='bbox 1128 1859 1254 1887; x_wconf 83' lang='lat' dir='ltr'><em>autem</em></span> <span class='ocrx_word' id='word_1_245' title='bbox 1295 1851 1503 1888; x_wconf 76' lang='lat' dir='ltr'><em>voluntate.</em></span> 
     </span>
     <span class='ocr_line' id='line_1_29' title="bbox 200 1908 1505 1956; baseline 0.001 -13"><span class='ocrx_word' id='word_1_246' title='bbox 200 1908 388 1951; x_wconf 81' lang='lat' dir='ltr'><em>Quamvis</em></span> <span class='ocrx_word' id='word_1_247' title='bbox 411 1908 646 1956; x_wconf 79' lang='lat' dir='ltr'><em>frequenter</em></span> <span class='ocrx_word' id='word_1_248' title='bbox 690 1909 886 1944; x_wconf 89' lang='lat' dir='ltr'><em>occasione</em></span> <span class='ocrx_word' id='word_1_249' title='bbox 918 1909 1152 1945; x_wconf 87' lang='lat' dir='ltr'><em>necessitatis</em></span> <span class='ocrx_word' id='word_1_250' title='bbox 1196 1909 1366 1945; x_wconf 89' lang='lat' dir='ltr'><em>carnalis</em></span> <span class='ocrx_word' id='word_1_251' title='bbox 1399 1909 1505 1944; x_wconf 91' lang='lat' dir='ltr'><em>Deus</em></span> 
     </span>
     <span class='ocr_line' id='line_1_30' title="bbox 188 1966 1503 2016; baseline 0.001 -16"><span class='ocrx_word' id='word_1_252' title='bbox 188 1973 341 2013; x_wconf 87' lang='lat' dir='ltr'><em>prestat</em></span> <span class='ocrx_word' id='word_1_253' title='bbox 385 1966 599 2002; x_wconf 83' lang='lat' dir='ltr'><em>hominibus</em></span> <span class='ocrx_word' id='word_1_254' title='bbox 643 1966 953 2002; x_wconf 71' lang='lat' dir='ltr'><em>inisericordiam</em></span> <span class='ocrx_word' id='word_1_255' title='bbox 998 1967 1256 2016; x_wconf 80' lang='lat' dir='ltr'><em>spiritualem,</em></span> <span class='ocrx_word' id='word_1_256' title='bbox 1308 1967 1343 2002; x_wconf 90' lang='lat' dir='ltr'><em>si</em></span> <span class='ocrx_word' id='word_1_257' title='bbox 1377 1974 1503 2002; x_wconf 85' lang='lat' dir='ltr'><em>autem</em></span> 
     </span>
     <span class='ocr_line' id='line_1_31' title="bbox 138 2023 1503 2071; baseline 0.002 -14"><span class='ocrx_word' id='word_1_258' title='bbox 138 2037 179 2068; x_wconf 78' lang='lat'><em>30</em></span> <span class='ocrx_word' id='word_1_259' title='bbox 195 2023 371 2060; x_wconf 76' lang='lat' dir='ltr'><em>voluntas</em></span> <span class='ocrx_word' id='word_1_260' title='bbox 394 2024 609 2059; x_wconf 85' lang='lat' dir='ltr'><em>necessitati</em></span> <span class='ocrx_word' id='word_1_261' title='bbox 639 2024 867 2071; x_wconf 87' lang='lat' dir='ltr'><em>consenciat,</em></span> <span class='ocrx_word' id='word_1_262' title='bbox 897 2037 968 2060; x_wconf 88' lang='lat' dir='ltr'><em>non</em></span> <span class='ocrx_word' id='word_1_263' title='bbox 1001 2025 1125 2060; x_wconf 83' lang='lat' dir='ltr'><em>solum</em></span> <span class='ocrx_word' id='word_1_264' title='bbox 1155 2032 1281 2061; x_wconf 84' lang='lat' dir='ltr'><em>autem</em></span> <span class='ocrx_word' id='word_1_265' title='bbox 1312 2037 1384 2061; x_wconf 89' lang='lat' dir='ltr'><em>non</em></span> <span class='ocrx_word' id='word_1_266' title='bbox 1418 2036 1503 2060; x_wconf 91' lang='lat' dir='ltr'><em>con-</em></span> 
     </span>
     <span class='ocr_line' id='line_1_32' title="bbox 195 2081 1504 2131; baseline 0.002 -15"><span class='ocrx_word' id='word_1_267' title='bbox 195 2081 378 2129; x_wconf 83' lang='lat' dir='ltr'><em>cupiscat,</em></span> <span class='ocrx_word' id='word_1_268' title='bbox 410 2082 480 2117; x_wconf 88' lang='lat' dir='ltr'><em>sed</em></span> <span class='ocrx_word' id='word_1_269' title='bbox 512 2082 630 2117; x_wconf 84' lang='lat' dir='ltr'><em>eciam</em></span> <span class='ocrx_word' id='word_1_270' title='bbox 665 2082 852 2118; x_wconf 87' lang='lat' dir='ltr'><em>abstineat</em></span> <span class='ocrx_word' id='word_1_271' title='bbox 883 2095 923 2118; x_wconf 89' lang='lat' dir='ltr'><em>se</em></span> <span class='ocrx_word' id='word_1_272' title='bbox 954 2082 1000 2118; x_wconf 86' lang='lat' dir='ltr'><em>ab</em></span> <span class='ocrx_word' id='word_1_273' title='bbox 1033 2083 1138 2118; x_wconf 85' lang='lat' dir='ltr'><em>onzni</em></span> <span class='ocrx_word' id='word_1_274' title='bbox 1168 2083 1282 2128; x_wconf 83' lang='lat' dir='ltr'><em>malo,</em></span> <span class='ocrx_word' id='word_1_275' title='bbox 1316 2089 1355 2117; x_wconf 82' lang='lat' dir='ltr'><em>ut</em></span> <span class='ocrx_word' id='word_1_276' title='bbox 1386 2094 1504 2131; x_wconf 81' lang='lat' dir='ltr'><em>neque</em></span> 
     </span>
     <span class='ocr_line' id='line_1_33' title="bbox 197 2139 1503 2189; baseline 0.001 -15"><span class='ocrx_word' id='word_1_277' title='bbox 197 2139 328 2186; x_wconf 88' lang='lat' dir='ltr'><em>faciat</em></span> <span class='ocrx_word' id='word_1_278' title='bbox 360 2151 478 2187; x_wconf 79' lang='lat' dir='ltr'><em>neque</em></span> <span class='ocrx_word' id='word_1_279' title='bbox 499 2140 642 2189; x_wconf 78' lang='lat' dir='ltr'><em>cogitet</em></span> <span class='ocrx_word' id='word_1_280' title='bbox 666 2140 768 2188; x_wconf 80' lang='lat' dir='ltr'><em>quod</em></span> <span class='ocrx_word' id='word_1_281' title='bbox 790 2140 992 2188; x_wconf 87' lang='lat' dir='ltr'><em>displiceat</em></span> <span class='ocrx_word' id='word_1_282' title='bbox 1013 2141 1111 2187; x_wconf 72' lang='lat' dir='ltr'><em>Deo,</em></span> <span class='ocrx_word' id='word_1_283' title='bbox 1144 2141 1229 2188; x_wconf 81' lang='lat' dir='ltr'><em>quia</em></span> <span class='ocrx_word' id='word_1_284' title='bbox 1254 2152 1395 2189; x_wconf 87' lang='lat' dir='ltr'><em>corpus</em></span> <span class='ocrx_word' id='word_1_285' title='bbox 1408 2140 1503 2188; x_wconf 86' lang='lat' dir='ltr'><em>sor-</em></span> 
     </span>
     <span class='ocr_line' id='line_1_34' title="bbox 194 2196 1502 2247; baseline 0.002 -16"><span class='ocrx_word' id='word_1_286' title='bbox 194 2196 356 2243; x_wconf 76' lang='lat' dir='ltr'><em>nicatur‚</em></span> <span class='ocrx_word' id='word_1_287' title='bbox 407 2198 561 2245; x_wconf 81' lang='lat' dir='ltr'><em>quando</em></span> <span class='ocrx_word' id='word_1_288' title='bbox 613 2210 696 2233; x_wconf 84' lang='lat' dir='ltr'><em>cum</em></span> <span class='ocrx_word' id='word_1_289' title='bbox 757 2197 840 2233; x_wconf 71' lang='lat' dir='ltr'><em>viro</em></span> <span class='ocrx_word' id='word_1_290' title='bbox 885 2198 1144 2247; x_wconf 77' lang='lat' dir='ltr'><em>coniungitur,</em></span> <span class='ocrx_word' id='word_1_291' title='bbox 1197 2199 1326 2234; x_wconf 82' lang='lat' dir='ltr'><em>anima</em></span> <span class='ocrx_word' id='word_1_292' title='bbox 1377 2205 1502 2233; x_wconf 84' lang='lat' dir='ltr'><em>autem</em></span> 
     </span>
     <span class='ocr_line' id='line_1_35' title="bbox 194 2254 1504 2304; baseline 0.001 -15"><span class='ocrx_word' id='word_1_293' title='bbox 194 2255 344 2301; x_wconf 82' lang='lat' dir='ltr'><em>quando</em></span> <span class='ocrx_word' id='word_1_294' title='bbox 379 2254 523 2290; x_wconf 84' lang='lat' dir='ltr'><em>diaboli</em></span> <span class='ocrx_word' id='word_1_295' title='bbox 553 2255 725 2291; x_wconf 85' lang='lat' dir='ltr'><em>sociatur</em></span> <span class='ocrx_word' id='word_1_296' title='bbox 749 2256 1019 2304; x_wconf 76' lang='lat' dir='ltr'><em>voluptatibus.</em></span> <span class='ocrx_word' id='word_1_297' title='bbox 1060 2256 1142 2299; x_wconf 85' lang='lat' dir='ltr'><em>Que</em></span> <span class='ocrx_word' id='word_1_298' title='bbox 1174 2256 1242 2291; x_wconf 83' lang='lat' dir='ltr'><em>hec</em></span> <span class='ocrx_word' id='word_1_299' title='bbox 1272 2268 1343 2291; x_wconf 90' lang='lat' dir='ltr'><em>non</em></span> <span class='ocrx_word' id='word_1_300' title='bbox 1372 2263 1504 2291; x_wconf 76' lang='lat' dir='ltr'><em>servat</em></span> 
     </span>
     <span class='ocr_line' id='line_1_36' title="bbox 138 2312 1505 2363; baseline 0.001 -17"><span class='ocrx_word' id='word_1_301' title='bbox 138 2323 177 2357; x_wconf 80' lang='lat'><em>35</em></span> <span class='ocrx_word' id='word_1_302' title='bbox 193 2323 232 2347; x_wconf 93' lang='lat' dir='ltr'><em>se</em></span> <span class='ocrx_word' id='word_1_303' title='bbox 265 2325 286 2347; x_wconf 87' lang='lat' dir='ltr'><em>a</em></span> <span class='ocrx_word' id='word_1_304' title='bbox 321 2312 589 2361; x_wconf 82' lang='lat' dir='ltr'><em>voluptatibus,</em></span> <span class='ocrx_word' id='word_1_305' title='bbox 613 2313 733 2360; x_wconf 84' lang='lat' dir='ltr'><em>fatua</em></span> <span class='ocrx_word' id='word_1_306' title='bbox 762 2320 817 2348; x_wconf 90' lang='lat' dir='ltr'><em>est</em></span> <span class='ocrx_word' id='word_1_307' title='bbox 839 2313 920 2361; x_wconf 88' lang='lat' dir='ltr'><em>ipsa</em></span> <span class='ocrx_word' id='word_1_308' title='bbox 955 2313 1080 2363; x_wconf 78' lang='lat' dir='ltr'><em>virgo.</em></span> <span class='ocrx_word' id='word_1_309' title='bbox 1115 2313 1166 2348; x_wconf 86' lang='lat' dir='ltr'><em>Et</em></span> <span class='ocrx_word' id='word_1_310' title='bbox 1189 2325 1278 2349; x_wconf 80' lang='lat' dir='ltr'><em>vere</em></span> <span class='ocrx_word' id='word_1_311' title='bbox 1297 2314 1417 2362; x_wconf 85' lang='lat' dir='ltr'><em>fatua</em></span> <span class='ocrx_word' id='word_1_312' title='bbox 1451 2320 1505 2349; x_wconf 78' lang='lat' dir='ltr'><em>est</em></span> 
     </span>
     <span class='ocr_line' id='line_1_37' title="bbox 194 2370 1500 2420; baseline 0.001 -16"><span class='ocrx_word' id='word_1_313' title='bbox 194 2380 263 2417; x_wconf 84' lang='lat' dir='ltr'><em>que</em></span> <span class='ocrx_word' id='word_1_314' title='bbox 290 2381 365 2418; x_wconf 90' lang='lat' dir='ltr'><em>per</em></span> <span class='ocrx_word' id='word_1_315' title='bbox 396 2370 518 2405; x_wconf 83' lang='lat' dir='ltr'><em>solam</em></span> <span class='ocrx_word' id='word_1_316' title='bbox 554 2370 817 2420; x_wconf 75' lang='lat' dir='ltr'><em>virginitatem</em></span> <span class='ocrx_word' id='word_1_317' title='bbox 852 2371 1030 2419; x_wconf 84' lang='lat' dir='ltr'><em>corporis</em></span> <span class='ocrx_word' id='word_1_318' title='bbox 1068 2378 1182 2420; x_wconf 89' lang='lat' dir='ltr'><em>putat</em></span> <span class='ocrx_word' id='word_1_319' title='bbox 1213 2371 1297 2407; x_wconf 92' lang='lat' dir='ltr'><em>Deo</em></span> <span class='ocrx_word' id='word_1_320' title='bbox 1333 2370 1500 2419; x_wconf 84' lang='lat' dir='ltr'><em>placere.</em></span> 
     </span>
    </p>
   </div>
   <div class='ocr_carea' id='block_1_3' title="bbox 194 2623 1507 2765">
    <p class='ocr_par' dir='ltr' id='par_1_3' title="bbox 194 2623 1507 2765">
     <span class='ocr_line' id='line_1_38' title="bbox 263 2623 1505 2661; baseline 0.001 -9"><span class='ocrx_word' id='word_1_321' title='bbox 263 2623 287 2652; x_wconf 77' lang='lat'><em>3.</em></span> <span class='ocrx_word' id='word_1_322' title='bbox 307 2626 337 2653; x_wconf 90' lang='lat' dir='ltr'><strong>A</strong></span> <span class='ocrx_word' id='word_1_323' title='bbox 356 2626 385 2652; x_wconf 86' lang='lat' dir='ltr'><em>in</em></span> <span class='ocrx_word' id='word_1_324' title='bbox 407 2634 521 2661; x_wconf 65' lang='lat' dir='ltr'><em>marg:</em></span> <span class='ocrx_word' id='word_1_325' title='bbox 544 2626 758 2653; x_wconf 77' lang='lat' dir='ltr'><em>Crisostomus.</em></span> <span class='ocrx_word' id='word_1_326' title='bbox 877 2635 918 2653; x_wconf 93' lang='lat'><em>10.</em></span> <span class='ocrx_word' id='word_1_327' title='bbox 938 2627 983 2654; x_wconf 86' lang='lat' dir='ltr'><em>A:</em></span> <span class='ocrx_word' id='word_1_328' title='bbox 1005 2626 1157 2654; x_wconf 84' lang='lat' dir='ltr'><em>interitus.</em></span> <span class='ocrx_word' id='word_1_329' title='bbox 1258 2635 1292 2653; x_wconf 89' lang='lat'><em>11.</em></span> <span class='ocrx_word' id='word_1_330' title='bbox 1313 2627 1356 2653; x_wconf 90' lang='lat' dir='ltr'><em>A:</em></span> <span class='ocrx_word' id='word_1_331' title='bbox 1380 2626 1505 2653; x_wconf 81' lang='lat' dir='ltr'><em>invicem</em></span> 
     </span>
     <span class='ocr_line' id='line_1_39' title="bbox 194 2660 1502 2695; baseline 0.002 -9"><span class='ocrx_word' id='word_1_332' title='bbox 194 2660 294 2693; x_wconf 74' lang='lat' dir='ltr'><em>deest3</em></span> <span class='ocrx_word' id='word_1_333' title='bbox 315 2661 354 2687; x_wconf 63' lang='lat' dir='ltr'><em>ib,</em></span> <span class='ocrx_word' id='word_1_334' title='bbox 377 2662 405 2687; x_wconf 93' lang='lat' dir='ltr'><strong>A</strong></span> <span class='ocrx_word' id='word_1_335' title='bbox 425 2661 454 2687; x_wconf 85' lang='lat' dir='ltr'><em>in</em></span> <span class='ocrx_word' id='word_1_336' title='bbox 478 2669 591 2695; x_wconf 63' lang='lat' dir='ltr'><em>marg:</em></span> <span class='ocrx_word' id='word_1_337' title='bbox 614 2661 704 2688; x_wconf 85' lang='lat' dir='ltr'><em>Nota.</em></span> <span class='ocrx_word' id='word_1_338' title='bbox 778 2669 815 2688; x_wconf 87' lang='lat'><em>12.</em></span> <span class='ocrx_word' id='word_1_339' title='bbox 829 2662 868 2688; x_wconf 90' lang='lat' dir='ltr'><em>A:</em></span> <span class='ocrx_word' id='word_1_340' title='bbox 890 2664 967 2688; x_wconf 79' lang='lat' dir='ltr'><em>sunt.</em></span> <span class='ocrx_word' id='word_1_341' title='bbox 1042 2660 1078 2689; x_wconf 87' lang='lat'><em>15.</em></span> <span class='ocrx_word' id='word_1_342' title='bbox 1099 2662 1146 2688; x_wconf 93' lang='lat' dir='ltr'><em>A:</em></span> <span class='ocrx_word' id='word_1_343' title='bbox 1168 2660 1262 2688; x_wconf 87' lang='lat' dir='ltr'><em>Deum</em></span> <span class='ocrx_word' id='word_1_344' title='bbox 1276 2661 1423 2688; x_wconf 72' lang='lat' dir='ltr'><em>viventem</em></span> <span class='ocrx_word' id='word_1_345' title='bbox 1433 2670 1444 2693; x_wconf 83' lang='lat'><em>;</em></span> <span class='ocrx_word' id='word_1_346' title='bbox 1461 2661 1502 2688; x_wconf 87' lang='lat' dir='ltr'><em>ib.</em></span> 
     </span>
     <span class='ocr_line' id='line_1_40' title="bbox 195 2694 1507 2730; baseline 0.001 -9"><span class='ocrx_word' id='word_1_347' title='bbox 195 2695 223 2721; x_wconf 88' lang='lat' dir='ltr'><strong>A</strong></span> <span class='ocrx_word' id='word_1_348' title='bbox 237 2694 267 2721; x_wconf 87' lang='lat' dir='ltr'><em>in</em></span> <span class='ocrx_word' id='word_1_349' title='bbox 284 2703 395 2729; x_wconf 67' lang='lat' dir='ltr'><em>marg:</em></span> <span class='ocrx_word' id='word_1_350' title='bbox 419 2695 509 2723; x_wconf 83' lang='lat' dir='ltr'><em>Nota.</em></span> <span class='ocrx_word' id='word_1_351' title='bbox 582 2703 621 2723; x_wconf 79' lang='lat'><em>21.</em></span> <span class='ocrx_word' id='word_1_352' title='bbox 643 2697 687 2722; x_wconf 93' lang='lat' dir='ltr'><em>A:</em></span> <span class='ocrx_word' id='word_1_353' title='bbox 708 2695 749 2722; x_wconf 87' lang='lat' dir='ltr'><em>Et</em></span> <span class='ocrx_word' id='word_1_354' title='bbox 759 2696 974 2730; x_wconf 82' lang='lat' dir='ltr'><em>sapiens—est</em></span> <span class='ocrx_word' id='word_1_355' title='bbox 992 2696 1086 2723; x_wconf 79' lang='lat' dir='ltr'><em>deest.</em></span> <span class='ocrx_word' id='word_1_356' title='bbox 1160 2702 1268 2722; x_wconf 85' lang='lat'>21—22.</span> <span class='ocrx_word' id='word_1_357' title='bbox 1290 2697 1333 2722; x_wconf 91' lang='lat' dir='ltr'><em>A:</em></span> <span class='ocrx_word' id='word_1_358' title='bbox 1356 2699 1507 2729; x_wconf 76' lang='lat' dir='ltr'><em>que—est</em></span> 
     </span>
     <span class='ocr_line' id='line_1_41' title="bbox 194 2729 1415 2765; baseline 0.002 -10"><span class='ocrx_word' id='word_1_359' title='bbox 194 2729 286 2756; x_wconf 80' lang='lat' dir='ltr'><em>deest.</em></span> <span class='ocrx_word' id='word_1_360' title='bbox 376 2729 418 2757; x_wconf 84' lang='lat'><em>25.</em></span> <span class='ocrx_word' id='word_1_361' title='bbox 439 2731 483 2757; x_wconf 89' lang='lat' dir='ltr'><em>A:</em></span> <span class='ocrx_word' id='word_1_362' title='bbox 505 2730 595 2757; x_wconf 83' lang='lat' dir='ltr'><em>habet</em></span> <span class='ocrx_word' id='word_1_363' title='bbox 613 2730 650 2757; x_wconf 87' lang='lat' dir='ltr'><em>si.</em></span> <span class='ocrx_word' id='word_1_364' title='bbox 741 2729 786 2764; x_wconf 71' lang='lat'><em>34.</em></span> <span class='ocrx_word' id='word_1_365' title='bbox 807 2732 851 2757; x_wconf 89' lang='lat' dir='ltr'><em>A:</em></span> <span class='ocrx_word' id='word_1_366' title='bbox 872 2730 1018 2763; x_wconf 82' lang='lat' dir='ltr'><em>diabolo,·</em></span> <span class='ocrx_word' id='word_1_367' title='bbox 1037 2731 1077 2757; x_wconf 86' lang='lat' dir='ltr'><em>ib.</em></span> <span class='ocrx_word' id='word_1_368' title='bbox 1098 2731 1142 2757; x_wconf 87' lang='lat' dir='ltr'><em>A:</em></span> <span class='ocrx_word' id='word_1_369' title='bbox 1168 2730 1233 2765; x_wconf 81' lang='lat' dir='ltr'><em>Que</em></span> <span class='ocrx_word' id='word_1_370' title='bbox 1251 2737 1323 2758; x_wconf 85' lang='lat' dir='ltr'><em>vero</em></span> <span class='ocrx_word' id='word_1_371' title='bbox 1343 2738 1415 2757; x_wconf 86' lang='lat' dir='ltr'><em>non.</em></span> 
     </span>
    </p>
   </div>
   <div class='ocr_carea' id='block_1_4' title="bbox 261 2847 1350 2891">
    <p class='ocr_par' dir='ltr' id='par_1_4' title="bbox 261 2847 1350 2891">
     <span class='ocr_line' id='line_1_42' title="bbox 261 2847 1350 2891; baseline 0.001 -13"><span class='ocrx_word' id='word_1_372' title='bbox 261 2858 294 2887; x_wconf 87' lang='lat'><em>4.</em></span> <span class='ocrx_word' id='word_1_373' title='bbox 321 2847 388 2888; x_wconf 87' lang='lat' dir='ltr'><em>Op.</em></span> <span class='ocrx_word' id='word_1_374' title='bbox 414 2848 551 2889; x_wconf 86' lang='lat' dir='ltr'><em>Imperf.</em></span> <span class='ocrx_word' id='word_1_375' title='bbox 577 2849 599 2879; x_wconf 88' lang='lat'><em>1.</em></span> <span class='ocrx_word' id='word_1_376' title='bbox 625 2859 653 2880; x_wconf 87' lang='lat' dir='ltr'><em>c.</em></span> <span class='ocrx_word' id='word_1_377' title='bbox 679 2858 756 2890; x_wconf 83' lang='lat' dir='ltr'><em>pag.</em></span> <span class='ocrx_word' id='word_1_378' title='bbox 784 2848 859 2891; x_wconf 77' lang='lat'>960.</span> <span class='ocrx_word' id='word_1_379' title='bbox 961 2859 1013 2879; x_wconf 87' lang='lat'><em>20.</em></span> <span class='ocrx_word' id='word_1_380' title='bbox 1040 2849 1063 2880; x_wconf 92' lang='grc' dir='ltr'><em>Ι.</em></span> <span class='ocrx_word' id='word_1_381' title='bbox 1091 2849 1169 2880; x_wconf 88' lang='lat' dir='ltr'><em>Cor.</em></span> <span class='ocrx_word' id='word_1_382' title='bbox 1197 2849 1268 2888; x_wconf 87' lang='lat' dir='ltr'><strong>VII,</strong></span> <span class='ocrx_word' id='word_1_383' title='bbox 1297 2849 1350 2889; x_wconf 78' lang='lat'><em>34.</em></span> 
     </span>
    </p>
   </div>
  </div>
 </body>
</html>
