1986 3289
169 241 259 268 CAP-
281 231 404 285 Xlssll]
542 242 602 273 DE
626 241 944 273 ANTICHRISTO
974 241 1056 272 ΗΒ.
1083 241 1105 272 Ι.

167 348 425 396 loquendum,
476 348 596 383 modo
647 357 726 394 quo
763 348 836 382 Job
881 345 1057 395 loquitur
1102 347 1200 393 XIX,
1237 348 1308 382 26:
1358 346 1410 382 Et
1442 347 1477 382 in

166 417 283 442 carne
314 417 397 441 mea
431 405 565 440 videbo
588 405 713 440 Deum
738 404 982 440 Salvator-em
1016 416 1141 440 meum
1174 416 1284 453 quem
1319 404 1475 440 visurus

165 476 249 500 sum
288 475 361 514 ego
399 463 479 512 ipse
516 470 550 498 et
588 474 661 497 non
693 462 804 498 alius.
851 464 905 497 Ex
939 462 1016 498 fide
1049 461 1213 510 quidem
1247 471 1284 498 et
1317 461 1478 498 racione

167 521 348 569 capimus
393 521 500 568 quod
549 528 691 556 manet>
728 520 867 556 eadem
912 532 1084 567 persona
1130 528 1250 568 atque
1299 529 1476 556 creatum

134 577 435 627 5supp0situm‚
479 577 571 614 licet
613 577 654 613 in
699 576 972 613 accidentibus
1015 577 1203 615 varietur.
1247 579 1339 614 Ideo
1385 580 1479 614 Por-

166 636 332 684 phyrius
364 635 523 672 videtur
555 636 777 683 prudenter
809 634 933 683 loqui,
967 648 1058 672 cum
1094 634 1190 671 dicit
1212 637 1321 684 quod
1345 635 1480 672 Sortes

165 706 284 730 senex
322 694 452 743 dzffert
487 706 509 729 a
547 706 587 730 se
624 693 706 742 ipso
741 705 889 742 puer0;
933 701 970 729 et
1009 692 1210 729 Gilbertus
1250 706 1340 730 cum
1382 693 1479 730 dicit

166 753 275 800 quod
319 751 562 787 malencolici
600 758 687 786 sunt
732 750 992 786 demenciores
1028 763 1068 786 se
1107 751 1200 800 ipsis
1238 751 1273 787 in
1307 759 1480 801 tempore

165 810 417 859 autumpnali.
468 810 639 854 Quando
677 808 799 856 igitur
831 807 1063 844 substancia
1096 817 1232 845 manet
1264 810 1404 846 eadem
1438 809 1478 845 in

113 877 347 912 mnumero,
394 876 491 903 tunc
533 875 591 903 est
622 865 961 914 ydemptificaciO,
1007 867 1054 902 de
1088 879 1166 915 qua
1204 867 1409 915 loquimur
1441 876 1478 904 et

166 926 328 973 quando
375 924 416 960 in
461 937 630 961 numero
675 924 928 961 diversantur
979 924 1222 970 substancie‚
1277 933 1372 962 tunc
1419 934 1477 962 est

165 982 416 1030 plurificacio
449 982 540 1019 huie
573 981 782 1030 proposito
815 982 1071 1030 applicanda.

223 1040 473 1088 Capiendum
513 1048 570 1076 est
608 1048 742 1077 autem
782 1049 826 1076 ut
864 1035 960 1076 fid'es
993 1049 1030 1076 et
1062 1039 1172 1076 racio
1205 1053 1276 1088 per
1308 1053 1348 1077 se
1379 1050 1475 1078 nota

165 1099 272 1146 quod
321 1100 428 1135 Deus
480 1107 598 1134 autor
648 1097 933 1134 universalium
992 1106 1124 1146 potest
1173 1098 1476 1147 ydemptificare

111 1161 148 1193 15
164 1156 413 1192 substancias
457 1164 538 1192 tam
584 1155 625 1191 in
669 1168 811 1203 genere
850 1168 972 1203 quam
1013 1156 1052 1191 in
1084 1156 1229 1204 specie.
1274 1159 1386 1193 Patet
1432 1169 1476 1193 ex

165 1215 241 1250 hoe
273 1215 382 1262 quod
416 1214 540 1250 multe
573 1222 704 1250 create
737 1213 965 1250 substaneie
997 1222 1088 1250 sunt
1120 1213 1225 1250 idem
1260 1214 1300 1250 in
1333 1227 1476 1263 genere

164 1280 202 1308 et
246 1270 285 1307 in
318 1271 469 1319 specie;
515 1271 635 1319 igitur
668 1274 774 1308 Deus
819 1280 934 1308 autor
978 1271 1107 1308 tocius
1157 1281 1287 1308 create
1332 1281 1476 1309 nature

163 1329 268 1377 ipsas
328 1328 383 1365 sic
435 1329 712 1377 ydemptifieat
770 1338 807 1366 et
866 1338 1117 1377 assumptum
1173 1329 1237 1366 hic
1289 1343 1475 1379 suppono

164 1395 306 1423 contra
338 1386 540 1435 sophistas
574 1386 720 1424 inscios
753 1386 986 1435 garrientes

1691 233 1764 280 157

1504 1047 1572 1075 God
1594 1057 1648 1076 can
1671 1050 1759 1076 make

1537 1084 1718 1111 substances

1552 1118 1707 1146 identical.

107 1460 149 1481 20
221 1446 419 1481 Probatur
450 1453 584 1481 autem
619 1444 924 1493 impossibilitas
955 1444 1343 1494 ydemptificacionis
1383 1459 1475 1495 sup-
1490 1453 1636 1480 Different
1656 1454 1760 1489 things

162 1502 385 1550 positorum
432 1502 472 1539 in
516 1515 686 1539 numero
733 1503 996 1549 diversorum,
1042 1515 1088 1540 ac
1135 1502 1167 1539 si
1207 1503 1473 1553 falsigraphus

163 1559 313 1597 diceret
345 1563 453 1609 quod
488 1562 624 1597 Petrus
657 1569 695 1597 et
728 1561 875 1597 Paulus
908 1570 1000 1597 sunt
1031 1573 1202 1609 persone
1236 1561 1402 1609 diverse,
1437 1571 1474 1599 et

163 1626 298 1655 tamen
331 1621 437 1655 Deus
484 1631 526 1655 ex
569 1619 872 1667 omnipotencia
916 1632 987 1655 sua
1025 1628 1157 1667 potest
1195 1620 1326 1656 faeere
1366 1621 1473 1669 quod

164 1677 303 1712 Petrus
346 1676 396 1713 sit
440 1677 586 1713 Paulus
631 1678 770 1714 eadem
815 1677 983 1725 simplex
1020 1690 1192 1725 persona
1231 1678 1272 1714 in
1304 1691 1474 1715 numero

107 1739 146 1772 25
162 1733 247 1770 sine
279 1735 355 1771 hoc
388 1736 497 1783 quod
530 1734 854 1771 substancialiter
886 1734 1156 1781 diversentur3
1190 1744 1228 1771 et
1260 1735 1329 1772 illo
1353 1738 1475 1773 modo

162 1791 259 1828 dicit
292 1792 502 1839 hereticus,
544 1795 672 1829 Deum
711 1793 842 1829 facere
882 1805 1027 1840 panem
1064 1806 1148 1830 esse
1182 1806 1326 1842 corpus
1358 1807 1474 1830 suum

163 1858 199 1885 et
231 1849 366 1886 vinum
401 1850 485 1886 eius
517 1850 768 1898 sanguinem.
803 1850 844 1887 Si
878 1850 982 1887 enim
1018 1853 1156 1887 Petrus
1189 1851 1246 1888 sic
1278 1852 1477 1900 ydempti-

163 1907 305 1944 fleatur
337 1909 476 1955 Paulo,
520 1908 612 1944 licet
643 1917 762 1945 antea
801 1908 1125 1945 substancialiter
1157 1909 1316 1946 fuerant
1349 1910 1477 1946 diver-

162 1965 251 2011 sati,
310 1974 404 2002 tune
461 1974 628 2014 uterque
691 1965 852 2003 illorum
912 1966 1042 2014 posita
1098 1967 1477 2015 ydemptificacione

107 2032 148 2064 30
165 2030 298 2060 manet
322 2033 358 2060 et
383 2036 452 2071 per
475 2036 724 2072 consequens
747 2036 917 2072 persone
946 2024 1021 2061 iste
1044 2024 1146 2061 sieut
1169 2034 1288 2062 antea
1312 2034 1476 2062 manent

164 2082 253 2126 due,
288 2090 325 2118 et
357 2094 428 2130 per
458 2094 706 2130 consequens
736 2091 947 2119 remanent
968 2082 1290 2119 substancialiter
1314 2083 1477 2120 diversi-

165 2138 279 2175 ficate
312 2139 352 2175 in
383 2152 554 2176 numero
587 2140 690 2176 sicut
722 2139 853 2188 prius3
893 2149 931 2177 et
962 2140 1117 2176 tollitur
1149 2141 1476 2192 ydemptificacio

164 2197 259 2232 false
304 2197 410 2234 ficta.
455 2197 496 2234 Si
544 2206 679 2234 autem
724 2206 892 2246 uterque
931 2197 1101 2234 istorum
1134 2199 1195 2235 vel
1227 2199 1328 2235 alter
1361 2199 1476 2235 desiit

164 2266 247 2290 esse
284 2267 355 2302 per
392 2254 497 2291 viam
537 2255 869 2292 adnichilacionis
907 2256 966 2292 vel
1006 2256 1279 2304 cuiuscunque
1312 2269 1477 2305 corrup-

107 2311 291 2353 35cionis
336 2321 431 2349 tunc
481 2321 611 2349 stante
661 2313 729 2350 illa
777 2313 979 2350 desicione
1028 2327 1109 2350 non
1160 2314 1324 2362 ponitur
1370 2315 1477 2351 dicta

163 2369 501 2418 ydemptificacio‚
548 2370 638 2419 quia
675 2372 782 2419 quod
825 2384 906 2407 non
951 2380 1009 2408 est
1056 2384 1137 2408 non
1182 2381 1240 2408 est
1286 2372 1391 2408 idem
1438 2372 1477 2408 in

163 2440 332 2464 numero
367 2440 456 2464 cum
491 2441 756 2477 quocunque;
791 2437 828 2465 et
861 2429 936 2465 ista
969 2429 1078 2465 racio
1112 2429 1238 2466 solide
1262 2439 1478 2478 prosecuta

164 2486 284 2522 habet
316 2498 503 2533 magnam
537 2485 614 2522 vim
651 2495 791 2523 eontra
824 2487 940 2523 istam
975 2487 1178 2525 ficticiarn.

233 2607 257 2635 5.
277 2609 306 2635 Α
326 2609 356 2635 in
378 2616 491 2643 marg:
513 2608 714 2643 Porphyrius.
801 2616 840 2636 10.
870 2609 914 2636 A:
944 2612 976 2636 et
993 2609 1087 2636 deest.
1161 2609 1265 2645 15—17.
1286 2611 1328 2637 A:
1353 2609 1478 2638 Patet-—

164 2643 266 2677 specie
285 2643 380 2670 deest.
487 2650 533 2670 20.
561 2645 589 2670 A
610 2643 640 2670 in
662 2651 776 2679 marga
798 2651 821 2670 1.

238 2713 267 2746 5.
304 2713 486 2756 Porphyrii
524 2715 736 2746 Introductio
769 2725 848 2746 cum
881 2715 956 2746 aliis
987 2716 1247 2747 commentariis
1278 2717 1312 2747 in
1345 2717 1477 2748 Aristo-

166 2759 271 2791 telem
296 2761 432 2802 scriptis
457 2761 510 2792 ed.
537 2761 671 2800 Venet.‚
710 2760 806 2792 1562.
834 2760 885 2792 Cf.
913 2762 1102 2793 Sermones
1129 2762 1168 2802 II,
1196 2762 1272 2793 2¹5.
1301 2762 1477 2794 Gilbertus

168 2806 375 2838 porretanus
409 2807 476 2838 Sex
508 2807 758 2848 principiorum
786 2807 872 2838 liber
913 2808 946 2838 in
977 2808 1173 2839 Aristotelis
1210 2818 1379 2849 organum
1423 2809 1477 2840 ed.

169 2852 290 2883 Venet.
322 2851 417 2883 1302.
445 2852 497 2884 Cf.
526 2853 575 2884 De
601 2854 689 2884 Ente
715 2853 999 2895 predicamentali
1028 2864 1104 2895 pag.
1134 2853 1209 2890 208,
1235 2855 1257 2885 l.
1289 2865 1338 2885 10.

1488 1493 1601 1516 cannot
1622 1489 1657 1515 be
1677 1490 1766 1517 made

1498 1523 1658 1556 identical;
1679 1532 1704 1550 e.
1725 1532 1753 1558 g.

1525 1557 1591 1585 God
1614 1563 1726 1585 cannot

1530 1593 1616 1619 make
1639 1593 1725 1620 Peter

1506 1628 1647 1655 identica!
1669 1628 1741 1654 wilh

1587 1663 1669 1689 Paul.

1516 2089 1732 2117 Annihilation

1514 2124 1550 2151 of
1566 2132 1624 2152 one
1644 2125 1670 2151 is
1690 2129 1743 2151 not

1517 2159 1737 2186 identification

1532 2193 1567 2220 of
1583 2194 1632 2220 the
1653 2198 1724 2221 two.
