1986 3289
227 233 315 260 CAP.
346 222 486 276 xxxlh]
607 235 666 265 DE
692 234 1007 265 ANTICHRISTO
1038 234 1119 265 1113.
1148 234 1169 264 1.

284 343 335 377 Et
373 348 511 391 surget
546 353 643 392 gens
675 353 792 390 super
834 347 987 391 gentem
1029 348 1063 376 et
1085 341 1219 388 fames
1251 348 1285 376 et
1318 342 1539 389 pestilencie

224 408 259 436 et
300 406 545 436 terremotus.
592 396 698 434 Sicut
749 399 817 434 hec
861 399 988 434 omnia
1036 398 1297 447 corporaliter
1347 399 1538 435 intellecta

231 458 343 494 inicia
386 458 555 506 fuerunt
587 457 780 492 malorum
819 456 963 503 Judeis,
996 456 1271 492 incrementum
1305 464 1431 492 autem
1475 458 1537 493 de-

222 515 366 552 solacio
408 514 637 560 Jerusalem,
691 515 744 550 sic
791 513 1048 563 spiritualiter
1091 514 1281 550 intellecta
1326 515 1394 550 hec
1426 515 1537 550 inicia

191 574 415 610 §malorum
431 573 599 621 fuerunt
621 572 854 618 christianis,
890 572 1164 608 incrementum
1188 579 1314 607 autem
1339 573 1537 621 oppressio

211 632 297 681 fuit
328 631 505 675 ecclesie;
536 630 632 666 sicut
664 642 761 680 ergo
792 630 1003 666 certamina
1037 630 1214 666 heresum
1244 630 1355 665 inicia
1367 631 1538 679 fuerunt

217 688 510 738 parturicionis‚
552 689 741 736 quomodo
772 688 1024 738 intelligimus
1062 688 1147 736 quia
1192 700 1243 723 ex
1274 700 1345 735 quo
1384 688 1538 725 hereses

222 754 309 783 nate
347 753 382 782 et
415 746 649 783 discensione
671 746 786 794 facta
832 746 1044 781 multorum
1091 758 1140 782 ex
1173 758 1215 782 eo
1253 747 1536 783 cousummacio

222 805 376 854 ceperit
411 806 494 840 Hec
528 803 812 840 Crisostomus

169 875 207 895 10
278 862 445 899 Videtur
488 862 608 898 istum
655 871 836 898 sanctum
885 861 1097 909 concipere
1136 863 1245 910 quod
1283 874 1424 898 omnes
1461 863 1535 900 iste

222 921 353 957 clades
407 920 572 956 ecclesie
631 929 721 956 sunt
783 921 941 956 hereses
1001 921 1051 956 ad
1114 919 1434 956 destruccionem
1494 921 1535 957 in

222 977 400 1014 moribus
433 986 634 1026 generate,
668 977 724 1014 sic
756 977 941 1014 videlicet
974 979 1081 1026 quod
1115 977 1328 1014 divisiones
1361 978 1462 1015 facte
1495 979 1535 1015 in

220 1035 434 1073 universali
479 1035 647 1072 ecclesia
692 1035 890 1072 militante
936 1045 1154 1073 causantur
1187 1048 1229 1071 ex
1270 1036 1459 1084 superbia
1499 1046 1536 1073 et

221 1094 377 1130 defectu
424 1095 584 1142 sequele
628 1094 668 1129 in
722 1093 900 1130 moribus
952 1093 1105 1130 domini
1149 1096 1240 1130 Jesu
1285 1093 1447 1146 Christi,
1493 1104 1535 1131 ut

167 1158 359 1190 15omnes
393 1160 530 1200 gentes
563 1151 605 1187 in
637 1151 744 1198 Asia⁷
777 1151 912 1188 Africa
944 1161 1012 1188 aut
1046 1154 1210 1199 Europa
1243 1165 1432 1189 converse
1465 1165 1536 1200 per

219 1210 426 1258 apostolos
459 1211 507 1247 ad
542 1210 662 1246 fidem
697 1209 849 1246 domini
881 1212 972 1246 Jesu
1002 1210 1151 1246 Christi
1184 1210 1377 1247 sentirent
1400 1212 1535 1259 quoad

1753 239 1825 272 119

1610 883 1677 910 The
1698 884 1763 910 first

1610 918 1767 946 Christian

1567 957 1710 980 converts
1730 962 1809 981 were

1584 992 1636 1015 not
1657 988 1793 1016 divided.

219 1267 339 1304 fidem
374 1268 643 1318 concorditer,
686 1267 762 1303 nisi
796 1268 973 1304 defectus
1007 1268 1111 1314 fidei,
1158 1268 1241 1316 spei
1282 1277 1320 1304 et
1353 1268 1533 1305 caritatis
1550 1287 1708 1315 Divisions
1729 1296 1816 1316 came

217 1335 384 1373 poneret
405 1325 664 1362 seminarium
690 1326 946 1362 dissensionis
975 1326 1079 1362 illius
1109 1326 1261 1374 populi,
1295 1334 1338 1362 ut
1361 1328 1531 1374 quedam

218 1392 398 1421 conti-ate
430 1385 657 1432 ponderant
689 1393 731 1420 ut
764 1384 882 1420 fidem
915 1385 1022 1432 quod
1054 1397 1136 1421 non
1169 1393 1225 1420 est
1258 1393 1301 1420 ut
1334 1384 1430 1421 fides
1464 1387 1533 1421 sed

162 1457 202 1478 20
219 1443 468 1478 consuetudo
514 1441 728 1478 laudabilis
767 1443 827 1479 vel
873 1441 1084 1490 culpabilis
1128 1444 1435 1490 acceptandum.
1483 1445 1531 1479 Et

217 1499 272 1536 sic
317 1499 481 1548 quidam
519 1501 658 1537 volunt
705 1500 874 1536 fundare
913 1509 956 1536 ut
995 1500 1114 1536 fidem
1161 1502 1270 1549 quod
1318 1500 1530 1549 episcopus

217 1559 397 1594 Romane
450 1558 616 1594 ecclesie
667 1557 895 1606 premineat
948 1558 1175 1606 capitaliter
1218 1571 1338 1607 super
1389 1571 1531 1596 omnes

216 1615 315 1652 alios
360 1616 583 1664 episcopos,
629 1616 731 1652 sicut
778 1616 958 1653 Christus
1004 1617 1235 1653 dominatus
1287 1617 1360 1653 fuit
1412 1630 1532 1666 super

216 1683 380 1710 cunctos
425 1687 517 1710 suos
564 1675 788 1722 apostolos;
843 1683 879 1710 et
931 1675 1051 1710 talem
1105 1674 1374 1711 maioritatem
1428 1675 1532 1712 inter

159 1735 198 1767 25
215 1731 538 1780 archiepiscopos
577 1741 613 1768 et
662 1732 874 1780 episcopos
914 1732 1086 1780 reperies
1136 1732 1176 1768 in
1222 1733 1356 1769 multis
1399 1734 1530 1781 regnis

215 1789 521 1838 christianismi;
555 1799 592 1826 et
624 1789 699 1826 ista
732 1792 905 1837 superba
939 1790 1087 1827 heresis
1121 1790 1215 1827 facit
1239 1791 1528 1828 dissensionem

213 1847 405 1883 nimirum
439 1847 480 1884 in
514 1847 682 1885 ecclesia
715 1847 927 1885 militante.
961 1851 1064 1885 Nam
1088 1848 1301 1897 episcopus
1326 1851 1531 1886 Romanus

214 1918 294 1941 non
342 1914 472 1953 potest
515 1907 574 1953 (ut
614 1906 711 1942 fides
744 1905 931 1951 ostendit)
979 1908 1029 1943 ad
1074 1907 1331 1954 equalitatem
1382 1907 1531 1944 Christi

214 1963 427 2011 attingere3
476 1972 513 1999 et
557 1963 588 1999 si
632 1963 751 2000 fuerit
804 1963 975 2000 fideliter
1026 1976 1173 2013 sequax
1219 1964 1379 2010 Christi,
1434 1974 1529 2002 tunc

157 2021 315 2057 3oforet
361 2034 404 2057 ex
450 2021 677 2058 maioritate
722 2021 782 2057 sui
826 2021 950 2058 officii
991 2022 1195 2069 humilior,
1240 2023 1458 2071 pauperior
1491 2033 1529 2060 et

213 2080 431 2115 secundum
477 2092 637 2116 omnem
677 2079 864 2116 virtutem
899 2079 1101 2128 superior3
1147 2089 1184 2117 et
1222 2089 1316 2117 tunc
1356 2083 1529 2129 superba

214 2137 339 2173 elacio
389 2149 460 2173 sua
503 2150 583 2173 non
623 2138 724 2174 foret
763 2150 883 2174 causa
927 2138 1182 2174 dissensionis
1215 2139 1296 2175 sive
1330 2138 1529 2176 discordie

214 2194 318 2231 inter
363 2204 505 2231 vocata
550 2196 732 2231 membra
779 2196 958 2242 ecclesie,
1005 2197 1072 2232 sed
1112 2196 1322 2233 contencio
1370 2197 1415 2242 (si
1450 2211 1528 2246 qua

214 2253 331 2298 foret)
354 2253 458 2288 foret
475 2252 579 2289 circa
602 2253 709 2289 istud
727 2255 834 2301 quod
860 2254 1071 2301 episcopus
1095 2254 1160 2290 ille
1183 2255 1244 2291 vel
1267 2267 1338 2291 sua
1362 2255 1529 2292 ecclesia

157 2313 196 2346 ³5
212 2310 313 2346 foret
336 2310 560 2347 servitivior
593 2311 680 2347 aliis
714 2311 901 2358 ecclesiis,
935 2312 1152 2360 pauperior
1181 2312 1221 2348 in
1245 2312 1528 2349 dominacione

213 2376 249 2403 et
283 2367 435 2404 diviciis
475 2377 513 2404 et
545 2370 814 2417 undequaque
848 2369 1060 2419 humilior·
1094 2372 1200 2418 quod
1234 2382 1314 2406 non
1347 2370 1527 2418 gigneret

212 2425 501 2462 dissensionem
547 2427 614 2462 sed
655 2426 924 2475 evangelicam
971 2428 1245 2474 concordiam,
1291 2428 1421 2476 qualis
1453 2429 1527 2465 fuit

212 2482 314 2519 inter
348 2484 552 2520 Christum
588 2493 624 2521 et
657 2497 749 2521 suos
782 2486 999 2532 apostolos,

269 2542 317 2577 Et
350 2543 491 2578 eodem
526 2543 646 2578 modo
678 2542 937 2579 senciendum
972 2552 1028 2580 est
1051 2545 1098 2579 de
1122 2542 1317 2580 divisione
1350 2545 1525 2581 secunda

152 2606 313 2644 401nte1
336 2601 559 2636 Romanam
583 2600 792 2637 ecclesiam
824 2609 860 2637 et
883 2603 1103 2638 Saracenos
1127 2613 1227 2650 quos
1258 2614 1330 2638 nos
1354 2601 1524 2638 dicimus
1546 2628 1569 2656 R

212 2655 408 2705 infidele53
470 2670 564 2694 nam
621 2658 652 2694 si
696 2660 965 2707 undequaque
1022 2659 1245 2696 viveremus
1301 2661 1522 2696 secundum

281 2822 309 2845 ί).
332 2819 369 2845 Β;
392 2818 430 2845 Si
447 2827 491 2846 σι
482 2828 535 2855 ·o.
621 2829 635 2853 7
669 2820 772 2847 Recte:
800 2824 873 2849 uate
898 2824 968 2849 sunl
988 2825 1016 2849 el
1036 2822 1183 2849 iissensm
1196 2821 1287 2857 ficti
1308 2825 1360 2849 ist.
1434 2832 1461 2857 ς).
1485 2823 1521 2849 13:

211 2853 298 2888 cepit.
350 2862 390 2880 10.
412 2840 499 2881 Ain
512 2863 626 2890 instiga
646 2854 813 2883 Jolziums.
871 2857 917 2890 24¹,
939 2857 980 2884 25.
1001 2858 1044 2884 A:
1066 2857 1147 2884 inter
1161 2858 1411 2892 atchlcplocopos
1425 2858 1521 2884 twice.

1561 1322 1640 1349 fron]
1663 1324 1811 1359 counting

1567 1365 1599 1384 as
1620 1357 1694 1384 faith
1717 1344 1809 1385 what

1601 1400 1665 1419 was
1686 1393 1757 1428 only

1570 1432 1703 1460 eustorii,
1724 1436 1749 1454 e.
1770 1436 1798 1462 g.

1580 1463 1630 1488 the
1651 1462 1790 1499 primacy

1608 1497 1643 1524 ot
1658 1497 1763 1524 Rome.

1601 2559 1741 2587 Division

1574 2594 1709 2622 between
1729 2596 1779 2623 the

1572 2637 1665 2656 ornan
1686 2630 1803 2657 churcli

1606 2664 1665 2690 and
1686 2666 1737 2691 the

1590 2698 1757 2734 Saracens;
