1986 3289
148 847 184 867 10

148 1127 182 1158 15

77 1419 157 1457 427⁰

143 1994 183 2025 30

199 202 288 230 CAP-
310 193 421 246 LXII]
574 204 632 235 DE
661 203 976 236 ANTICHRISTO
1006 204 1089 235 Llss.
1116 204 1139 235 Ῑ.
1718 204 1797 242 233

258 312 349 347 Ideo
374 318 517 358 quarto
552 310 687 346 fideles
711 309 882 345 innuunt
906 309 1166 357 probabiliter
1193 310 1300 357 quod
1323 320 1511 356 suprema
1555 314 1635 343 Well
1657 315 1704 342 for
1724 315 1773 342 the

199 368 373 404 stulticia
425 368 527 404 foret
553 367 704 404 viantes
748 367 884 403 fideles
930 367 1075 415 eligere
1118 367 1239 403 talem
1274 368 1437 410 ducem3
1475 374 1511 401 et
1552 349 1776 420 ῐξζξθξξεᾟῗε

200 426 293 462 hinc
338 427 437 461 bene
486 434 543 461 est
575 424 711 460 Grecis
751 433 787 460 et
832 424 919 461 aliis
954 424 1136 461 fidelibus
1183 425 1250 472 qui
1295 437 1317 460 a
1363 424 1511 459 ducatu
1551 419 1781 481 leatiigffihiheof

199 483 290 520 talis
322 483 471 519 diaboli
504 483 738 520 liberantur.
1551 489 1625 515 such
1647 496 1663 515 a
1684 461 1773 515 dgvil.

257 543 305 577 Et
338 549 446 589 patet
480 540 619 588 quinto
653 541 760 588 quod
795 540 890 576 fides
914 540 1078 576 fundata
1111 540 1150 576 in
1184 539 1291 576 dicto
1325 539 1384 575 vel
1418 551 1510 574 auc·
1541 557 1608 584 The
1629 556 1708 584 devil
1729 557 1783 583 has

200 599 361 635 toritate
406 598 495 635 talis
540 597 732 645 prepositi
778 607 835 633 est
870 597 1036 633 minima
1074 597 1177 634 inter
1210 609 1362 643 omnes,
1417 595 1509 644 quia
1525 591 1793 653 fagteeflffir‘gssltgg

199 657 331 692 adhuc
377 655 602 692 evidencius
655 655 757 691 foret
801 655 970 691 fundare
1014 654 1055 690 in
1100 656 1340 692 auctoritate
1384 653 1510 702 patris
1532 634 1784 693 F1³0ptl1ehosty;a

201 713 414 750 mendacii⁹
448 715 535 761 Ipse
568 712 674 749 enim
707 712 863 749 videtur
897 712 1232 749 mendacissimus
1264 712 1405 750 viator.
1525 696 1799 765 hegesgxpgtnutggry

257 773 305 806 Et
337 771 428 807 hinc
473 780 582 819 patet
615 779 724 806 sexto
759 780 1052 818 consequenter
1084 772 1191 818 quod
1225 770 1408 807 diabolus
1442 781 1509 817 ap-
1568 766 1758 826 se³58e0n¹¹5e³nd

198 829 418 877 propriavit
450 841 553 877 pape
587 828 755 864 heresim
783 829 830 865 de
863 828 993 865 hostia
1017 837 1251 865 consecrata
1283 829 1392 876 quod
1424 827 1511 875 ipsa
1614 821 1619 826 ⁵
1672 821 1675 824 ’
1707 820 1713 827 ’

199 886 247 922 sit
281 887 465 923 accidens
499 887 583 922 sine
615 886 794 922 subiecto
827 887 888 922 vel
920 886 1061 932 nichil;
1096 888 1200 922 unde
1234 886 1304 922 filii
1337 885 1397 921 sui
1429 898 1510 921 non

199 945 346 980 habent
379 944 664 981 fundacionem
699 944 819 980 aliam
852 953 1018 992 propter
1051 943 1157 980 istud
1180 943 1255 980 nisi
1289 943 1510 980 decretales

199 1015 315 1050 pape,
348 1012 390 1038 ut
422 1002 622 1050 inquiunt,
657 1001 751 1050 quia
785 1014 828 1038 ex
860 1001 1095 1038 fortitudine
1127 1001 1306 1038 veritatis
1337 1001 1511 1037 fatentur

199 1061 309 1107 quod
342 1060 636 1096 consonancius
660 1059 870 1107 scripture,
905 1059 1058 1096 racioni
1092 1068 1128 1096 et
1160 1059 1292 1096 sensui
1323 1059 1422 1096 foret
1455 1058 1510 1094 di-

200 1130 287 1154 cere
332 1119 439 1165 quod
484 1118 570 1165 ipsa
615 1117 745 1153 hostia
790 1118 891 1153 foret
936 1130 1082 1165 corpus
1116 1117 1263 1153 Christi
1308 1117 1349 1153 in
1381 1117 1510 1152 forma

199 1175 312 1222 panis
346 1184 382 1211 et
415 1174 470 1211 sic
503 1175 740 1211 naturaliter
761 1188 876 1211 verus
909 1175 1036 1223 panis,
1070 1174 1102 1211 si
1125 1188 1207 1211 non
1230 1176 1387 1211 obesset
1419 1186 1510 1210 auc-

199 1232 339 1269 toritas
369 1233 484 1269 huius
517 1245 630 1281 pape.
669 1233 746 1269 Sed
776 1233 912 1269 fideles
947 1234 1093 1269 debent
1125 1232 1334 1281 quodlibet
1365 1233 1510 1268 horum

203 1290 426 1327 mediorum
476 1291 597 1327 trium
640 1303 863 1338 preponere
903 1291 1162 1327 Antichristo.
1215 1292 1308 1327 Ideo
1354 1289 1511 1326 videtur

199 1348 406 1396 probabile
440 1350 547 1396 quod
580 1361 662 1385 non
695 1348 768 1385 erit
801 1361 875 1396 pax
916 1349 976 1384 vel
1008 1348 1280 1397 tranquillitas
1313 1348 1353 1384 in
1386 1348 1510 1384 eccle-

198 1406 254 1442 sia
280 1405 489 1452 militante,
523 1415 738 1454 antequam
774 1406 901 1442 dictus
931 1403 934 1458 Ι
963 1406 1230 1443 Antichristus
1264 1405 1383 1442 fuerit
1416 1405 1511 1441 effu-

198 1472 324 1511 gatus.
361 1464 538 1500 Medium
574 1473 707 1501 autem
743 1464 990 1512 empericum
1026 1465 1127 1500 foret
1162 1463 1346 1500 fidelibus
1378 1463 1509 1511 ipsum

197 1534 278 1557 non
324 1522 504 1569 accipere
548 1531 742 1570 tanquam
788 1522 930 1558 ducem
978 1523 1039 1558 vel
1087 1521 1240 1558 socium
1283 1520 1510 1558 christianis

199 1578 396 1624 fidelibus,
448 1589 663 1628 antequam
717 1579 960 1616 sufficienter
1006 1579 1269 1616 declaraverit
1314 1579 1409 1628 quid
1462 1578 1510 1614 sit

197 1636 284 1684 ipsa
318 1637 448 1673 hostia
481 1646 726 1674 consecrata.
762 1639 863 1673 Nam
898 1637 1005 1673 iuxta
1038 1637 1143 1674 dicta
1177 1637 1233 1673 sic
1268 1637 1510 1673 mencientes

143 1714 157 1727 o
199 1707 319 1742 super
351 1694 438 1743 ipsa
471 1695 601 1732 hostia
623 1694 769 1731 veritas
801 1708 882 1731 non
918 1695 1089 1732 exaudit.
1125 1697 1205 1732 Nec
1237 1695 1340 1731 valet
1364 1694 1510 1731 ficticia

198 1752 473 1800 ypocritarum
498 1753 723 1789 dicencium
749 1754 857 1801 quod
880 1765 961 1789 non
990 1755 1159 1790 adorant
1182 1753 1311 1801 ipsam
1335 1752 1509 1788 hostiam

198 1811 266 1846 sed
290 1819 452 1859 propter
475 1810 840 1847 concomitanciam
866 1811 1046 1859 corporis
1069 1810 1232 1847 Domini
1255 1818 1509 1847 venerantur.

199 1869 277 1903 Sed
309 1868 365 1904 sic
399 1868 596 1905 hereticus
626 1877 759 1917 posset
788 1868 937 1916 fingere
970 1870 1077 1917 quod
1101 1868 1297 1917 quidlibet
1329 1868 1379 1904 sit
1411 1867 1510 1903 irra-

199 1925 450 1962 cionabiliter
494 1928 790 1975 honorandum,
837 1926 931 1974 quia
963 1927 1126 1975 palpata
1165 1926 1361 1974 quiditate
1394 1925 1509 1961 huius

200 1983 327 2019 hostie
375 1985 595 2020 secundum
641 1984 737 2020 istos
782 1984 979 2020 hereticos
1031 1997 1111 2020 non
1164 1993 1294 2032 potest
1340 1995 1424 2020 esse
1470 1983 1509 2018 in

200 2042 350 2077 mundo
384 2041 536 2090 aliquid
586 2042 717 2078 minus
750 2041 985 2078 honorabile
1018 2054 1139 2090 quam
1174 2051 1230 2078 est
1263 2041 1361 2089 ipsa,
1415 2040 1508 2089 quia

198 2098 361 2135 indubie
393 2099 425 2135 si
457 2099 544 2147 ipsa
577 2101 796 2136 secundum
831 2099 1067 2147 opinionem
1104 2112 1241 2136 eorum
1275 2099 1325 2135 sit
1357 2098 1509 2146 aliquid

200 2164 255 2192 est
289 2157 478 2193 chimera.
532 2158 631 2193 Cum
678 2170 772 2205 ergo
818 2157 983 2194 ecclesia
1023 2159 1166 2194 adorat
1199 2158 1302 2193 hanc
1335 2156 1508 2192 hostiam

199 2224 473 2250 consecratam
520 2223 557 2250 et
599 2216 821 2251 secundum
875 2215 1107 2262 opinionem
1156 2214 1427 2251 hereticorum
1461 2213 1510 2249 sit

167 2279 279 2311 :tam
315 2272 454 2308 debilis
479 2272 669 2317 entitatiS,
702 2272 859 2308 videtur
882 2274 990 2320 quod
1023 2273 1100 2309 sint
1124 2272 1296 2309 maxime
1328 2272 1508 2320 ydolatre

200 2328 267 2376 qui
299 2329 474 2366 fuerunt.
522 2331 622 2366 Nam
670 2332 782 2368 Rom.
818 2332 829 2365 I
865 2331 1010 2366 Paulus
1055 2339 1167 2366 notat
1206 2330 1409 2377 ydolatras
1442 2329 1508 2377 qui

200 2395 454 2423 mutaverunt
481 2387 651 2435 gloriam
690 2387 1005 2435 incorruptibilis
1036 2388 1107 2424 Dei
1140 2387 1180 2423 in
1202 2387 1508 2424 similitudinem

199 2444 395 2492 ymaginis
429 2444 700 2492 corruptibilis
740 2445 912 2481 hominis
951 2454 988 2482 et
1019 2446 1227 2482 volucrum
1261 2454 1298 2482 et
1331 2446 1508 2494 quadru—

200 2503 345 2550 pedum
399 2511 436 2538 et
468 2511 713 2551 serpentum.
759 2504 836 2539 Sed
879 2504 1098 2541 secundum
1145 2503 1375 2551 opinionem
1418 2515 1509 2550 pro-

144 2578 186 2608 40
200 2560 329 2607 priam
364 2560 630 2596 hereticorum
667 2560 794 2597 hostia
825 2569 1058 2597 consecrata
1082 2570 1139 2597 est
1161 2562 1278 2608 longe
1311 2559 1509 2597 abieccior

201 2629 322 2665 quam
356 2616 521 2665 aliquod
552 2618 696 2654 horum
730 2618 864 2654 trium.

271 2759 291 2777 1.
312 2751 388 2778 Ain
411 2759 524 2785 marg:
546 2758 578 2784 4.
668 2751 692 2778 5.
714 2753 743 2778 A
762 2751 792 2778 in
814 2759 928 2786 marg:
951 2753 979 2778 5.
1071 2759 1098 2785 9.
1119 2753 1148 2779 A
1163 2753 1192 2779 in
1210 2759 1276 2779 mar
1300 2761 1321 2779 .:
1346 2751 1386 2783 5;
1405 2752 1445 2778 ib.
1467 2752 1507 2778 ss:

201 2785 284 2819 quod
301 2785 394 2813 deest.
487 2793 528 2820 19.
548 2788 593 2812 A:
615 2787 810 2820 tranquillas.
902 2793 944 2813 22.
966 2788 993 2813 A
1014 2794 1043 2813 m
1068 2794 1182 2821 marg:
1207 2787 1251 2813 De
1298 2787 1456 2814 ucarislia.

203 2821 245 2846 23.
269 2819 386 2847 Codd.:
408 2820 649 2848 declaraverint.
