1986 3289
115 186 165 224 88
718 192 835 227 opos
861 191 1197 226 EVANGELICUM
1225 192 1307 225 ΜΒ.
1334 191 1387 225 111.
1473 177 1580 237 [CAR
1601 185 1712 216 xxm.

402 314 538 347 meam,
585 301 713 337 dimisi
749 301 1000 337 hereditatem
1034 313 1171 337 meam.
1224 301 1346 336 Facta
1385 307 1440 336 est
1477 300 1571 335 mihi
1607 300 1713 335 here-

402 360 501 394 ditas
553 372 636 395 mea
689 359 799 408 quasi
847 359 1027 408 spelunca
1081 359 1194 396 leene.
1250 359 1455 394 Desertam
1500 358 1713 393 Judeorum

402 418 570 463 domum,
604 418 643 452 id
675 424 742 463 est,
776 417 957 465 templum
981 416 1079 451 illud
1111 416 1212 464 quod
1242 423 1330 452 ante
1356 416 1558 466 fulgebat,
1597 415 1716 451 oculis

405 475 715 523 comprobamus,
762 474 847 522 quia
900 474 1156 510 habitatorem
1215 474 1412 509 Christum
1459 473 1635 523 perdidit
1682 480 1717 509 et

404 533 656 568 hereditatem
686 532 893 581 preripere
924 532 1105 582 gestiens,
1143 532 1281 568 occidit
1313 532 1506 567 heredem.
1733 534 1749 565 5

461 591 559 626 Dico
611 590 708 626 enim
764 590 887 626 vobis:
940 590 1026 626 Non
1078 601 1137 625 me
1174 589 1349 625 videbitis
1392 589 1545 635 amodo,
1599 589 1718 624 donec

404 648 558 684 dicatis:
613 648 847 684 Benedictus
889 647 953 696 qui
996 646 1097 684 venit
1144 647 1179 683 in
1232 647 1382 683 nomine
1433 646 1605 682 Domini.
1657 646 1719 681 Ad

402 706 618 742 Jerusalem
653 706 819 754 loquitur
852 713 886 740 et
919 706 970 740 ad
997 706 1183 754 populum
1207 706 1435 741 Judeorum.
1478 704 1716 741 Versiculum

404 771 529 799 autem
574 764 687 800 istum
727 776 799 812 quo
832 771 867 799 et
900 764 1062 812 parvuli
1099 771 1211 812 atque
1249 764 1430 799 lactentes
1463 763 1498 798 in
1539 762 1718 812 ingressu

402 822 619 858 Jerusalem
654 821 813 857 Domini
845 821 1064 857 Salvatoris
1102 822 1162 858 usi
1190 829 1290 868 sunt,
1330 821 1481 869 quando
1515 821 1717 856 dixerunt:
1740 836 1778 855 10

404 880 634 916 Benedictus
664 880 730 929 qui
767 887 949 915 venturus
981 886 1036 915 est
1075 879 1110 915 in
1149 879 1300 915 nomine
1337 878 1517 923 Domini,·
1565 878 1720 914 Osanna

405 939 439 973 in
473 938 651 987 excelsis,
675 937 840 986 sumpsit
873 938 919 972 de
951 937 1153 973 centesimo
1177 938 1334 974 Psalmo
1369 937 1514 973 decimo
1545 936 1719 985 septimo,

406 996 470 1044 qui
500 996 707 1044 manifeste
745 997 791 1031 de
823 996 988 1031 adventu
1020 995 1182 1031 Domini
1219 995 1387 1044 scriptus
1424 1002 1490 1030 est.
1537 994 1590 1030 Et
1619 994 1722 1043 quod

407 1054 497 1089 dicit
529 1054 600 1089 hoc
632 1054 714 1089 vult
745 1053 930 1103 intelligi:
974 1053 1063 1089 Nisi
1087 1053 1342 1102 penitenciam
1376 1052 1536 1102 egeritis
1569 1059 1604 1087 et
1635 1064 1722 1087 con-

403 1112 511 1160 fessi
531 1112 695 1159 sueritis
727 1111 851 1160 ipsum
886 1123 945 1147 me
976 1123 1057 1147 esse
1090 1111 1136 1146 de
1168 1123 1240 1159 quo
1268 1111 1460 1160 prophete
1492 1110 1722 1156 cecinerunt,
1742 1114 1779 1146 15

406 1169 537 1219 filium
584 1169 852 1218 omnipotentis
879 1169 1020 1218 patris,
1064 1181 1188 1204 meam
1213 1169 1363 1217 faciem
1417 1180 1489 1204 non
1535 1167 1722 1203 videbitis.

408 1228 563 1263 Habent
592 1227 706 1262 Judei
737 1228 868 1262 datum
907 1227 980 1262 sibi
1016 1234 1164 1276 tempus
1195 1226 1430 1276 penitencie;
1468 1225 1724 1275 confiteantur

409 1285 645 1321 benedictum
698 1285 763 1334 qui
802 1285 901 1320 venit
939 1285 974 1320 in
1020 1285 1170 1320 nomine
1200 1285 1362 1320 Domini
1398 1292 1433 1320 et
1470 1283 1618 1320 Christi
1655 1296 1723 1319 ora

410 1343 654 1392 conspicient.
687 1344 771 1379 Hec
803 1344 1052 1390 Jeronymus.

143 1398 375 1460 {Iffiysstff'sfflgiie}
470 1400 741 1437 Crisostomus
795 1409 928 1437 autem
982 1413 1100 1448 super
1152 1399 1229 1436 isto
1274 1409 1381 1436 textu
1427 1399 1483 1436 sic
1527 1398 1784 1447 loquitur:2o

120 1452 388 1506 xxwass01-1h0esin
418 1459 554 1494 Omnia
598 1459 744 1507 futura
797 1466 884 1494 ante
934 1459 1178 1508 prospiciens
1229 1458 1420 1494 Dominus
1468 1458 1642 1507 previdit
1692 1463 1728 1492 et

149 1504 179 1530 Οἵ
200 1503 248 1529 the
268 1502 358 1529 jews.
412 1517 563 1552 ruinam
605 1516 771 1553 civitatis
810 1517 913 1552 illius
951 1523 985 1552 et
1018 1517 1184 1567 plagam
1224 1528 1294 1564 que
1340 1529 1362 1552 a
1394 1515 1580 1552 Romanis
1610 1526 1729 1564 super

406 1575 593 1624 populum
643 1575 750 1610 illum
796 1582 882 1610 erat
922 1581 1096 1621 ventura,
1148 1574 1232 1610 ideo
1277 1574 1467 1610 extollens
1518 1574 1727 1609 lamentum

411 1633 569 1683 lugebat
601 1644 699 1679 eam,
734 1632 881 1668 dicens:
910 1632 1142 1678 Jerusalem,
1174 1632 1414 1677 Jerusalem‚·
1445 1631 1730 1667 recordabatur

412 1691 563 1739 quidem
607 1691 837 1741 sanguinem
879 1697 1102 1726 sanctorum
1150 1702 1308 1726 suorum
1354 1689 1418 1738 qui
1459 1690 1600 1738 effusus
1644 1695 1730 1724 erat
1745 1695 1785 1726 25

410 1749 455 1784 ab
489 1748 564 1784 illis
597 1756 631 1784 et
669 1749 733 1797 qui
762 1749 888 1784 adhuc
914 1748 1162 1797 postmodum
1184 1749 1327 1796 fuerat
1358 1747 1620 1797 effundendus.
1654 1746 1731 1782 Sed

412 1819 484 1842 non
517 1813 663 1842 tantum
699 1807 851 1842 dolebat
884 1807 930 1842 de
968 1806 1107 1842 iniuria
1145 1813 1382 1852 sanctorum,
1421 1805 1544 1841 sciens
1578 1804 1727 1853 qualem

414 1865 490 1900 illis
533 1865 705 1914 gloriam
751 1871 1041 1913 preparaverat
1079 1877 1156 1913 pro
1202 1871 1326 1900 morte
1369 1863 1532 1910 carnali,
1577 1863 1646 1898 sed
1685 1863 1731 1898 de

415 1923 571 1958 interitu
616 1923 772 1958 illorum
808 1922 945 1972 flebat,
991 1922 1125 1971 quibus
1174 1930 1209 1958 et
1252 1922 1287 1957 in
1331 1922 1402 1957 isto
1453 1921 1581 1957 seculo
1627 1920 1729 1955 mala

416 1988 576 2016 ventura
602 1981 770 2028 fuerant
806 1987 841 2015 et
874 1980 909 2015 in
933 1980 998 2016 illo
1017 1981 1169 2029 peiora,
1195 1980 1301 2016 Sicut
1333 1979 1428 2015 enim
1454 1978 1731 2026 benefacientes
1748 1988 1789 2018 30

417 2051 490 2074 non
523 2039 607 2074 Deo
643 2045 867 2087 prestamus
905 2038 974 2074 sed
1005 2039 1125 2084 nobis,
1168 2038 1275 2073 Deus
1314 2044 1440 2073 autem
1472 2037 1621 2086 gaudet
1659 2048 1730 2071 non

417 2097 462 2131 de
492 2109 560 2132 suo
594 2097 703 2132 lucro
737 2097 805 2132 sed
828 2097 874 2131 de
905 2103 1036 2132 nostra
1068 2096 1204 2141 salute,
1237 2096 1291 2131 sic
1308 2102 1512 2144 peccantes
1543 2107 1615 2130 non
1649 2094 1733 2129 Deo

417 2166 594 2190 necemus
617 2155 685 2190 sed
707 2155 825 2190 nobis.
851 2155 957 2190 Deus
980 2162 1106 2190 autem
1131 2154 1313 2189 tristatur
1335 2165 1407 2188 non
1432 2153 1478 2188 de
1501 2165 1569 2188 sua
1593 2151 1732 2187 iniuria

415 2212 484 2248 sed
527 2213 572 2248 de
616 2219 748 2248 nostra
791 2212 1026 2261 perdicione.
1074 2212 1179 2247 Sicut
1223 2223 1298 2247 rex
1347 2211 1534 2260 benignus
1575 2209 1735 2245 audiens

417 2271 646 2305 criminosas
663 2282 865 2319 personas,
895 2266 900 2322 Ι
930 2270 1016 2319 lege
1032 2270 1182 2318 quidem
1213 2269 1463 2317 compellente
1495 2268 1574 2317 ipse
1597 2267 1735 2303 mortis
1772 2276 1855 2316 4130

416 2328 646 2364 sentenciam
682 2328 798 2363 dictat
831 2329 1021 2363 adversus
1053 2340 1128 2370 eos,
1167 2334 1294 2362 tamen
1328 2325 1596 2362 misericordia
1630 2324 1734 2360 insti-

417 2394 536 2435 gante
570 2385 755 2421 lacrimas
779 2386 918 2433 fundit
950 2398 1067 2434 super
1106 2385 1193 2420 illos
1226 2392 1260 2420 et
1293 2385 1374 2419 vult
1407 2384 1494 2419 illos
1525 2383 1736 2426 adiuvare,-

419 2451 452 2479 et
486 2457 558 2480 non
589 2451 715 2492 potest
748 2444 1034 2479 contradicente
1055 2443 1127 2478 sibi
1157 2443 1319 2485 iusticia,
1351 2442 1438 2490 quia
1466 2440 1734 2476 misericordia

491 2644 514 2662 2.
537 2637 581 2663 A:
603 2637 691 2664 liene.
760 2645 788 2671 ς).
810 2637 853 2663 A:
876 2638 906 2663 in
924 2638 1015 2664 deest.
1073 2636 1112 2669 18,
1138 2644 1178 2671 ¹9·
1196 2636 1233 2662 B:
1256 2636 1363 2662 horam
1377 2632 1575 2669 conspicient.
1649 2640 1693 2659 ρο.
1708 2633 1737 2660 Α

422 2671 449 2698 in
474 2680 587 2705 marg:
617 2672 829 2698 Crisostomns.
887 2672 929 2699 25.
951 2674 994 2698 A:
1017 2672 1136 2706 quidem
1158 2671 1252 2697 deest.
1318 2678 1362 2704 27.
1384 2671 1426 2696 A:
1448 2669 1567 2695 debeat.
1624 2675 1670 2703 29.
1691 2669 1734 2694 A:

421 2706 527 2740 quibus
549 2707 655 2733 eciam,
730 2705 774 2732 30.
798 2706 818 2732 B
840 2706 868 2732 in
893 2715 1005 2741 marga
1028 2705 1118 2733 Nota.
1192 2704 1231 2732 31.
1253 2706 1296 2732 A:
1316 2707 1420 2731 autem
1440 2703 1534 2730 deest.
1609 2700 1649 2729 35.
1670 2702 1691 2729 Β
1706 2702 1736 2729 in

423 2749 535 2775 marga
556 2741 635 2775 Quid
653 2741 695 2767 sit
714 2741 847 2768 iusticia.
922 2740 965 2767 δι’).
988 2742 1032 2767 Α;
1056 2741 1149 2767 dicat.

501 2824 547 2853 ¹4-
578 2814 691 2844 Lucae
718 2814 802 2844 XIII.
878 2823 929 2844 20.
957 2815 1024 2854 Op.
1053 2813 1135 2854 Imp.
1164 2813 1184 2843 l.
1212 2822 1238 2843 c.
1266 2822 1298 2853 p.
1325 2810 1392 2854 936
1419 2809 1598 2850 (CXCIV).
