1986 3289
143 867 179 887 10

142 1152 177 1184 15

142 1728 184 1760 30

75 1904 159 1944 419⁸

141 2304 185 2335 40

143 2594 186 2635 45

194 219 282 248 CAP·
304 209 489 263 XXXVIII]
572 221 630 252 DE
658 219 973 251 ANTICHRISTO
1002 219 1085 250 LIB.
1114 219 1136 250 1.
1712 222 1779 256 141

194 330 268 366 hoc
301 337 358 365 est
391 326 695 376 superadditum
730 338 850 374 supra
883 325 1004 363 vitam
1031 325 1179 363 Christi
1213 338 1255 362 ex
1288 325 1500 373 tyrannide

191 386 439 432 Antichristi,
493 394 530 422 et
582 386 701 422 docto
753 396 824 432 per
875 393 1073 421 secretum
1128 383 1231 433 regis
1283 383 1499 421 concilium

193 446 354 482 deberet
386 456 552 492 regnum
586 454 779 480 evacuare
811 442 928 479 istam
952 441 1220 491 tyrannidem,
1255 441 1501 478 includendo

192 502 313 539 istum
362 503 614 539 collectorem
662 500 702 537 in
747 513 947 538 carcerem
988 512 1197 549 quousque
1229 499 1365 536 fideles
1398 499 1501 548 regis
1524 507 1652 546 English
1674 507 1776 543 elergy

194 560 326 598 clerici
360 559 596 597 incarcerati
640 571 710 608 per
742 571 887 608 papam
923 558 1069 595 fuerint
1102 557 1280 603 liberati;
1328 566 1364 594 et
1400 542 1781 613 sicut¹¹ntl11¹2⁵ssss{{‚b>'

194 619 234 655 in
267 618 364 663 istis,
414 617 469 654 sic
502 617 543 653 in
576 617 763 654 omnibus
803 616 891 653 aliis
931 616 1068 664 spoliis
1108 628 1325 664 regnorum
1358 615 1502 652 libera-

194 685 302 713 retur
346 676 462 713 fidele
506 688 670 724 regnum
720 688 741 712 a
786 674 924 725 spoliis
969 683 1005 711 et
1044 674 1353 724 decepcionibus
1391 673 1503 712 Anti-

195 735 345 772 christi.

251 795 300 830 Et
344 794 415 829 hec
460 791 568 828 racio
615 804 739 839 quare
786 800 946 839 oportet
989 790 1124 827 fideles
1159 802 1376 838 regnorum
1410 803 1503 827 con-

193 850 468 888 versacionem
504 861 746 899 cognoscere
770 849 924 885 domini
946 851 1037 885 Jesu
1062 848 1225 886 Christi.
1260 850 1344 886 Hec
1377 848 1502 885 eciam

196 918 253 946 est
298 909 407 946 racio
453 920 576 957 quare
621 919 743 958 regna
789 906 869 944 sive
914 906 1094 945 dominia
1134 908 1183 943 ab
1217 920 1297 943 uno
1330 918 1423 955 rege
1455 907 1506 943 ad

195 966 316 1004 alium
351 966 661 1004 transferuntur.
694 968 783 1003 Non
817 965 922 1002 enim
957 974 1015 1002 est
1047 974 1217 1014 punctus
1246 973 1328 1002 tarn
1353 964 1506 1001 instans

195 1025 235 1062 in
282 1038 361 1074 quo
407 1033 464 1062 est
507 1023 634 1072 magis
685 1023 954 1061 necessarium
1011 1036 1176 1072 regnum
1224 1023 1389 1072 aliquod
1434 1023 1505 1059 sub

195 1095 297 1132 pape
320 1082 532 1131 tyrannide
556 1081 780 1130 evangelice
812 1082 1042 1132 gubernari,
1076 1081 1170 1131 quia
1200 1082 1275 1118 hoc
1299 1080 1506 1118 concernit

195 1142 364 1178 salutern
399 1141 532 1178 anime
565 1149 602 1177 et
632 1141 944 1189 prosperitatem
979 1139 1265 1188 temporalium
1308 1153 1330 1176 a
1363 1139 1507 1188 quibus

197 1212 318 1248 regna
363 1211 433 1247 per
465 1198 701 1235 Antichristi
734 1198 990 1246 tyrannidem
1024 1198 1264 1246 spoliantur.
1309 1199 1391 1234 Nec
1431 1206 1508 1234 stat

195 1257 235 1294 in
268 1257 564 1294 deliberacione
597 1256 709 1294 istius
740 1256 895 1293 consilii
919 1257 1052 1305 quoad
1077 1268 1222 1305 corpus
1245 1256 1304 1292 vel
1328 1255 1507 1293 animam

195 1315 306 1364 regni
339 1315 577 1363 periculum,
624 1323 754 1352 stante
798 1327 958 1364 semper
1002 1314 1105 1352 iusta
1149 1313 1230 1352 vita
1278 1323 1314 1352 et
1366 1313 1508 1351 humili

196 1373 407 1422 proposito
441 1373 615 1410 aliunde.

255 1433 333 1468 Sed
378 1432 455 1468 heu
500 1443 611 1479 reges
656 1441 693 1468 et
738 1440 920 1480 potentes
960 1431 1081 1468 seculi
1113 1443 1194 1467 non
1228 1430 1292 1466 hic
1325 1429 1510 1467 senciunt
1543 1439 1640 1474 Kings
1662 1438 1701 1478 cio
1723 1443 1776 1467 not

196 1489 451 1538 tyrannidem
485 1489 734 1536 Antichristi,
780 1491 847 1526 sed
894 1490 1041 1526 habent
1085 1498 1167 1526 tam
1207 1488 1367 1537 spissim
1402 1501 1510 1524 corn-
1550 1478 1725 1536 Antirceliiisstt
1745 1517 1778 1536 as

198 1548 341 1584 mixtos
386 1547 602 1596 complices
642 1549 749 1596 quod
790 1549 912 1584 homo
945 1547 1118 1584 inveniet
1157 1547 1196 1583 in
1230 1546 1362 1595 regnis
1394 1555 1437 1582 ut
1470 1545 1510 1583 in
1553 1544 1623 1580 they
1643 1543 1766 1571 should.

199 1618 321 1654 regno
344 1605 485 1654 Anglie
508 1618 600 1643 suos
624 1615 908 1654 procuratores
940 1605 1103 1654 spissius
1136 1605 1354 1641 seminatos
1388 1617 1509 1653 quam

200 1664 335 1701 fideles
387 1676 520 1700 servos
574 1664 726 1700 domini
772 1666 863 1701 Jesu
918 1663 1077 1700 Christi.
1132 1665 1180 1699 Et
1225 1676 1315 1700 cum
1356 1662 1395 1698 in
1434 1662 1511 1699 isto

200 1730 349 1770 puncto
408 1731 702 1770 temptarentur
754 1722 936 1759 homines
994 1722 1197 1770 precipue,
1257 1721 1289 1757 si
1341 1720 1381 1757 in
1434 1720 1511 1758 fide

201 1780 399 1817 catholica
432 1779 509 1816 sint
543 1779 677 1817 fideles
712 1783 806 1825 (non
841 1780 944 1816 enim
980 1779 1161 1829 queritur
1194 1778 1345 1827 aliquid
1379 1791 1399 1815 a
1434 1779 1511 1815 fide

202 1847 431 1875 extraneum
466 1839 533 1874 sed
567 1840 674 1886 quod
703 1838 971 1875 Antichristus
1004 1851 1084 1874 non
1117 1846 1327 1886 attemptet
1358 1836 1510 1885 aliquid

201 1908 323 1944 supra
356 1895 567 1932 dominum
590 1898 722 1933 Jesum
753 1893 758 1948 Ι
786 1900 999 1942 nostrum),
1033 1908 1188 1946 semper
1219 1903 1345 1931 tamen
1378 1907 1512 1932 sumus

201 1954 236 1990 in
271 1954 396 2004 firmo
436 1955 654 2004 proposito,
706 1955 804 1991 sicut
848 1962 883 1991 et
927 1955 1014 1991 aliis
1059 1954 1293 2001 consulimus
1335 1954 1437 2002 quod
1480 1953 1514 1989 si

144 2011 177 2043 T>
200 2012 303 2048 istud
344 2012 394 2048 sit
439 2012 590 2048 devium
636 2026 657 2048 α
689 2013 777 2062 fide
820 2013 1009 2049 catholica
1055 2013 1158 2061 quod
1202 2012 1304 2048 istud
1335 2012 1512 2048 volumus

200 2070 396 2106 humiliter
440 2082 638 2108 revocare.
694 2070 801 2107 Certi
846 2079 981 2107 tamen
1025 2083 1162 2106 sumus
1208 2082 1251 2106 ex
1292 2069 1370 2106 fide
1403 2070 1511 2118 quod

201 2127 381 2164 Christus
426 2137 483 2164 est
527 2140 642 2164 verus
687 2131 792 2165 Deus
839 2137 875 2165 et
918 2141 1033 2165 verus
1077 2130 1199 2164 homo
1244 2136 1281 2164 et
1327 2140 1415 2164 curn
1463 2127 1513 2164 sit

199 2185 472 2234 omniquaque
488 2185 775 2234 impeccabilis,
798 2186 1026 2235 quicunque
1045 2186 1085 2223 in
1109 2185 1513 2234 superhabundancia

199 2244 260 2280 vel
305 2244 461 2280 defectu
507 2257 527 2280 a
574 2245 710 2292 regula
755 2257 825 2281 sua
871 2244 1113 2293 disgreditur
1164 2252 1207 2280 ut
1251 2243 1306 2281 sic
1359 2252 1511 2292 peccat.

202 2303 351 2349 Papam
386 2310 520 2337 autem
561 2301 708 2338 scimus
748 2303 861 2339 valde
894 2302 1154 2351 peccabilem,
1204 2314 1292 2338 cum
1328 2302 1513 2338 diabolus

201 2368 335 2407 posset
373 2358 413 2395 in
446 2359 533 2407 ipso
573 2361 767 2408 populum
809 2361 1001 2396 suscitare
1036 2361 1143 2408 quod
1189 2373 1289 2396 unus
1323 2372 1513 2408 corpora-

201 2416 291 2453 liter
330 2417 488 2454 occidat
529 2426 565 2454 et
599 2418 743 2466 spoliet
782 2418 903 2455 aliurn
945 2419 1017 2454 sub
1051 2419 1218 2455 obtentu
1252 2417 1513 2454 beatitudinis

201 2474 285 2511 sine
330 2487 445 2522 pena.
492 2476 584 2512 Ideo
632 2477 854 2513 secundum
900 2475 1124 2513 doctrinam
1169 2475 1353 2524 Apostoli
1392 2477 1515 2512 homo

202 2545 284 2569 non
323 2533 439 2569 debet
477 2532 518 2569 in
556 2532 631 2569 hiis
671 2535 832 2571 credere
870 2533 981 2570 omni
1020 2533 1178 2582 spiritui
1217 2534 1285 2570 sed
1318 2543 1515 2582 temptare

202 2589 364 2638 spiritus
417 2592 636 2627 secundum
691 2592 903 2628 consilium
958 2591 1085 2629 sancti
1138 2591 1314 2640 spiritus,
1374 2592 1407 2628 si
1458 2591 1515 2628 illi

204 2647 367 2696 spiritus
401 2648 478 2685 sint
511 2661 554 2685 ex
587 2651 684 2688 Deo.

274 2791 311 2810 12.
333 2786 393 2811 iam
413 2784 544 2812 instans.

273 2866 304 2896 4.
344 2855 458 2888 There
485 2857 512 2888 is
539 2856 709 2899 probably
743 2857 826 2888 here
853 2867 871 2888 a
903 2857 1079 2889 reference
1104 2863 1140 2888 to
1168 2857 1309 2888 Nicolas
1335 2856 1515 2889 Hereford.
