1986 3289
144 218 217 244 122
740 219 857 250 OPUS
884 219 1218 250 EVANGELICUM
1254 219 1337 250 ΜΒ.
1365 220 1418 250 111.
1467 208 1574 262 [CAP.
1596 217 1732 245 xxxm.

426 325 563 361 traditi
602 332 690 361 sunt
727 333 863 375 patres
902 326 1026 361 nostri
1061 326 1096 361 in
1130 326 1271 362 multas
1303 326 1574 362 tribulaciones
1602 339 1735 375 perse-

425 383 624 419 cucionum
666 384 700 418 in
741 391 819 419 toto
859 385 1022 428 mundo;
1065 391 1100 419 et
1132 384 1248 420 occisi
1277 391 1364 420 sunt
1396 385 1550 432 quidam
1584 392 1618 420 et
1650 385 1736 421 odio

425 441 547 476 habiti
576 449 662 477 sunt
694 442 824 477 multis
855 441 1046 491 gentihus,
1079 442 1119 477 id
1141 449 1208 488 est,
1243 442 1416 478 omnibus
1438 442 1626 479 hereticis.
1662 443 1738 479 Sed

424 499 495 535 hoc
537 499 635 535 sicut
679 499 765 535 dixi
806 512 878 535 non
926 500 1100 536 convenit
1143 501 1190 536 de
1232 507 1405 549 tempore
1455 501 1736 549 apostolorum,

421 558 574 605 quando
605 564 715 593 erant
738 558 865 593 adhuc
894 559 1012 593 multe
1038 565 1174 608 gentes
1205 570 1276 593 non
1301 566 1573 608 cognoscentes
1596 559 1769 604 Deum‚5

421 615 490 650 sed
522 616 567 651 de
589 615 655 651 illo
688 622 861 664 tempore
894 616 996 661 dicit,
1030 617 1181 664 quando
1205 617 1358 652 hereses
1381 617 1494 664 facte
1514 625 1621 661 sunt,·
1651 629 1738 653 con-

421 680 621 720 sequenter
653 673 720 709 hee
750 680 885 723 gentes
917 674 1050 722 quibus
1082 674 1168 710 odio
1190 674 1298 722 sacti
1328 681 1416 709 sunt
1442 682 1579 723 patres
1601 675 1736 721 nostri,

422 731 575 766 hereses
625 738 712 767 sunt
763 731 1023 781 intelligende,
1076 732 1162 780 quia
1214 732 1366 780 quando
1427 732 1586 768 ecclesia
1639 733 1737 782 cepit

417 789 650 837 periclitari,
696 789 821 825 nescio
865 790 900 825 si
941 796 1027 826 erat
1070 789 1105 825 in
1153 790 1312 826 circuitu
1356 790 1485 839 aliqua
1528 803 1625 841 gens
1668 803 1738 839 que

140 842 399 913 ᾒξῖἶξέῃῖξᾶξξέθῖῑῖἷ
422 854 677 896 cognosceret
715 848 855 893 Deum,
902 848 962 883 cui
1004 848 1091 883 odio
1137 855 1244 884 esset.
1285 848 1370 892 Qua
1415 855 1541 885 autem
1582 849 1794 885 racionem

146 912 196 938 the
215 900 395 940 Jews'were
420 912 555 954 gentes
587 905 740 941 hereses
763 906 1023 954 appellantur,
1056 907 1229 942 attende:
1261 906 1367 942 Sicut
1398 906 1494 942 enim
1529 906 1736 955 aliquando

159 947 384 1016 Ρέῗῇοξῃῑὲὲῗξ
423 963 620 998 destructa
662 963 767 999 turri
787 963 870 1013 filii
901 964 985 999 No'e'
1018 964 1188 1012 dispersi
1216 972 1305 1000 sunt
1335 971 1369 999 et
1402 964 1437 999 in
1470 972 1533 1000 tot.
1557 965 1737 1013 partibus

422 1020 536 1056 divisi
564 1028 652 1057 sunt
684 1029 718 1056 et
755 1033 873 1070 super
902 1021 1081 1071 singulas
1113 1022 1222 1070 quasi
1253 1029 1389 1072 gentes
1412 1023 1621 1071 preparati
1649 1030 1737 1059 sunt

417 1078 616 1127 principes
653 1080 862 1114 secundum
897 1079 1142 1128 propositum
1185 1080 1353 1129 ipsorum
1387 1081 1521 1129 angeli
1550 1081 1736 1131 maligni:

419 1137 502 1172 sola
541 1144 667 1172 autem
705 1149 803 1187 gens
834 1136 960 1174 judea
999 1138 1034 1173 in
1060 1138 1246 1186 porcione
1267 1138 1381 1186 facta
1415 1145 1471 1174 est
1503 1138 1592 1183 Dei,
1638 1139 1791 1175 sicut15

420 1194 455 1230 in
488 1195 782 1231 Deuteronomii
812 1196 958 1232 cantico
995 1195 1178 1245 scriptum
1219 1202 1292 1231 est:
1329 1195 1424 1231 Cum
1458 1196 1650 1243 dividerit,
1683 1196 1736 1232 in—

419 1252 509 1300 quit,
541 1253 718 1289 excelsus
738 1261 885 1303 gentes,
919 1254 1069 1302 quando
1103 1253 1284 1302 dispersit
1303 1253 1414 1303 filios
1436 1253 1574 1301 Adam,
1604 1254 1738 1290 statuit

422 1310 526 1360 fines
567 1311 746 1361 gencium
790 1312 996 1348 secundum
1031 1324 1232 1347 numerum
1276 1312 1508 1362 angelorum
1561 1312 1649 1359 Dei,
1702 1320 1737 1348 et

418 1369 534 1416 facta
568 1376 623 1404 est
648 1369 787 1418 porcio
820 1370 981 1405 Domini
1012 1370 1182 1418 populus
1214 1369 1333 1418 ipsius
1363 1370 1492 1406 Jacob.
1537 1370 1736 1419 Numquid

419 1426 516 1462 enim
551 1427 707 1473 diceret,
741 1439 811 1475 que
838 1428 873 1463 si
900 1440 998 1478 gens
1028 1428 1240 1463 Judeorum
1262 1428 1381 1476 sacta
1413 1434 1468 1464 est
1485 1428 1622 1477 porcio
1645 1428 1733 1475 Dei,
1751 1445 1793 1466 20

420 1484 492 1520 nisi
522 1496 651 1520 omnes
681 1492 816 1535 gentes
848 1476 914 1521 exv
924 1486 1165 1534 possessione
1196 1485 1273 1521 Dei
1294 1485 1408 1534 facte
1428 1486 1630 1534 fuissent?

159 1548 226 1576 The
247 1549 325 1576 devil
349 1549 376 1588 iq
478 1543 686 1591 Postquam
720 1555 817 1593 ergo
850 1544 949 1579 venit
970 1544 1082 1593 filius
1110 1543 1188 1579 Dei
1218 1543 1254 1578 in
1277 1544 1475 1587 mundum,
1507 1544 1594 1592 quia
1627 1545 1732 1579 nulla

139 1584 396 1654 alllgxxffedoetsczsggr
418 1601 546 1636 secula
591 1613 657 1637 nec
701 1613 864 1650 sperare
907 1609 1119 1651 potuerunt
1169 1613 1236 1637 nec
1274 1601 1522 1650 promereri:
1578 1613 1622 1637 ne
1665 1602 1735 1637 tali

147 1662 163 1680 a
183 1650 379 1716 tessgiffie'true
420 1659 691 1695 misericordia
722 1672 820 1708 gens
851 1660 978 1708 aliqua
1005 1660 1284 1709 fraudaretur,
1320 1667 1453 1695 vocate
1483 1666 1571 1695 sunt
1603 1672 1733 1696 omnes

417 1724 553 1767 gentes
575 1717 626 1752 ad
637 1717 762 1768 fidem
788 1717 1001 1763 ministerii,
1029 1717 1172 1753 boniet
1194 1717 1307 1752 mali:
1338 1718 1428 1753 boni
1449 1724 1488 1753 ut
1518 1718 1731 1765 salventur,
1748 1724 1787 1756 25

418 1775 514 1810 mali
557 1782 596 1810 ut
647 1776 930 1812 inexcusabiles
969 1776 1084 1826 fiant.
1139 1776 1342 1819 Quomodo
1394 1783 1519 1812 autem
1572 1776 1730 1812 ecclesia

418 1845 468 1868 ex
520 1833 654 1870 mixtis
706 1833 963 1870 voluntatibus
1014 1841 1099 1869 erat
1151 1834 1309 1883 repleta,
1360 1834 1458 1869 sicut
1509 1833 1611 1869 recia
1662 1846 1733 1882 que

418 1891 599 1927 dicuntur
642 1892 677 1926 in
723 1892 925 1942 evangelio
970 1892 1116 1940 repleta
1161 1903 1241 1927 esse
1285 1892 1332 1927 de
1368 1891 1539 1940 piscihus
1585 1891 1731 1938 mixtis,

417 1961 568 1985 necesse
599 1957 684 1985 erat
715 1957 755 1984 ut
778 1956 1025 2000 purgaretur
1057 1949 1228 1995 ecclesia,
1263 1957 1302 1985 ut
1329 1949 1419 1985 boni
1439 1949 1590 1997 quidem
1607 1949 1732 1998 pisces

417 2007 664 2042 mitterentur
694 2007 731 2043 in
765 2008 878 2051 vasis,
912 2008 1006 2043 mali
1035 2014 1161 2043 autem
1185 2007 1461 2056 proicerentur
1473 2007 1608 2056 foras.
1641 2007 1731 2043 Ideo
1748 2014 1789 2047 30

417 2077 595 2101 concessa
642 2065 794 2101 diabolo
833 2065 984 2101 erroris
1022 2065 1240 2101 seminandi
1276 2065 1433 2101 licencia
1472 2065 1527 2101 sic
1567 2065 1734 2114 dispersi

416 2130 504 2160 sunt
521 2135 597 2172 per
614 2123 810 2172 plurimas
843 2124 996 2159 hereses
1028 2123 1284 2172 unusquisque
1313 2123 1523 2159 secundum
1553 2119 1729 2176 {propo-
1768 2132 1845 2171 417·

415 2181 529 2217 situm
563 2193 687 2227 suum,
721 2181 908 2217 remansit
942 2188 1068 2217 autern
1104 2194 1176 2216 una
1198 2181 1305 2231 fides
1337 2182 1602 2217 tantummodo
1625 2181 1732 2230 apud

416 2240 555 2275 Deum.
596 2240 685 2275 Ideo
719 2251 815 2289 ergo
851 2240 980 2275 dicunt
1017 2239 1254 2289 evangeliste
1286 2239 1439 2275 hereses
1469 2245 1604 2289 gentes
1635 2251 1729 2285 esse,

418 2297 620 2345 quomode,
644 2297 741 2333 sicut
764 2304 852 2333 tunc
875 2309 958 2333 cum
983 2309 1112 2333 omnes
1129 2297 1300 2332 homines
1322 2304 1447 2333 essent
1469 2309 1583 2332 unum
1606 2309 1730 2347 genus
1746 2303 1785 2335 35

418 2362 452 2390 et
485 2355 633 2405 lingua,
674 2355 789 2391 divisi
825 2362 911 2390 sunt
938 2368 1013 2404 per
1040 2354 1234 2404 plurimas
1265 2362 1420 2405 gentes:
1463 2355 1516 2390 ita
1550 2362 1584 2390 et
1615 2355 1729 2390 modo

417 2425 501 2448 cum
536 2420 631 2449 esset
663 2420 765 2448 totus
798 2413 967 2461 populus
1004 2412 1237 2448 christianus
1274 2425 1347 2448 una
1386 2412 1543 2448 ecclesia
1582 2419 1617 2448 et
1655 2424 1729 2448 una

422 2470 541 2520 fides,
577 2471 691 2506 divisi
711 2478 797 2507 sunt
825 2483 899 2520 per
932 2471 1073 2506 multas
1096 2471 1259 2506 hereses.
1293 2470 1345 2506 Et
1372 2471 1469 2507 sicut
1492 2477 1580 2506 tunc
1602 2481 1731 2506 omnes

485 2649 509 2677 3.
532 2651 576 2677 A:
596 2652 667 2676 sunt
686 2649 779 2676 deest.
855 2658 879 2684 7.
904 2650 941 2676 B:
964 2649 994 2676 in
1011 2649 1093 2677 odio.
1169 2657 1201 2676 11.
1224 2650 1266 2676 A:
1290 2649 1341 2676 Sic
1360 2649 1449 2676 enim.
1524 2656 1562 2675 12.
1585 2648 1622 2675 [ὃς
1644 2650 1730 2675 terra

415 2684 482 2714 lilii.
581 2693 623 2718 ¹4-
646 2685 685 2711 B:
710 2685 842 2711 illorum.
933 2685 973 2711 τό.
996 2684 1113 2711 Codd.:
1135 2683 1251 2710 viderit
1328 2682 1368 2710 18.
1392 2683 1430 2710 ss:
1451 2682 1538 2710 iuxta
1559 2690 1727 2710 numerum.

417 2718 461 2745 30.
494 2721 538 2746 A:
571 2719 601 2746 in
628 2720 777 2746 manibus.
903 2718 948 2753 34.
983 2719 1022 2746 B:
1055 2718 1257 2752 Evangelista
1277 2718 1371 2751 dicit;
1401 2718 1441 2745 ib.
1472 2719 1516 2745 A:
1548 2725 1614 2745 esse
1634 2717 1727 2744 deest.

418 2753 459 2780 35.
483 2753 569 2781 Cood
594 2763 599 2780 ε
622 2762 686 2781 cum
708 2754 802 2781 deest.

496 2836 542 2867 16.
571 2838 671 2868 Dent.
698 2838 829 2877 XXXII,
856 2837 887 2877 8,
914 2850 944 2880 ⁴)-
1021 2847 1071 2879 2⁴)-
1102 2837 1216 2868 Lucae
1244 2837 1283 2876 V,
1310 2835 1340 2867 6.
