1986 3289
155 244 227 278 124
741 243 858 273 Ol'US
886 244 1223 275 EVANGELlCUM
1255 245 1335 275 ΗΒ.
1365 245 1416 275 lll.
1474 233 1582 286 [CAP-
1606 243 1742 270 XXXIV.

879 344 1015 387 CAP.
1047 346 1286 386 XXXIV.

179 447 382 482 chrysostom
491 441 658 477 Videtur
690 441 809 476 istun]
843 451 1024 477 sanctum
1060 443 1175 490 plane
1209 443 1483 490 prenosticare
1516 445 1585 480 has
1618 454 1745 481 sectas

157 482 401 543 sigrrnesseteonlffige
435 508 608 546 quatuor
653 498 730 534 iam
781 508 995 546 regnantes
1039 509 1076 535 et
1121 500 1348 548 specialiter
1385 510 1513 537 sectas
1556 503 1745 548 fratrum;

162 551 395 621 esgiessissliymihe
434 570 507 604 pro
548 556 659 592 cuius
699 556 904 593 evidencia
944 557 1153 594 considera
1193 567 1342 594 statum
1377 559 1543 595 ecclesie
1574 560 1654 596 iam
1688 560 1747 596 in-

230 620 330 647 friars.
433 613 573 650 stantis
619 623 655 651 et
702 615 924 662 apostolica
962 616 1081 651 verba
1121 615 1236 652 huius
1281 616 1409 653 sancti
1454 617 1517 653 hic
1557 617 1664 654 dicta
1710 625 1780 657 et5

433 672 527 708 alibi
560 673 609 708 ad
644 673 713 708 has
747 680 887 711 sectas,
927 675 974 709 Et
1008 673 1263 710 considerata
1304 674 1512 722 prioritate
1546 675 1744 712 dictorum

431 730 548 766 huius
582 730 709 766 sancti
742 729 782 766 in
816 739 921 767 statu
955 731 1120 767 ecclesie
1159 741 1250 779 post
1290 732 1565 769 ascensionem
1599 733 1746 770 Christi

431 801 513 824 non
560 787 706 824 mirum
752 788 782 824 si
828 788 948 824 fueris
1001 789 1251 828 ammiratus.
1304 790 1500 826 Precessit
1546 790 1650 827 enim
1703 800 1746 828 ut

431 846 672 894 supponitur
704 857 774 894 per
809 845 915 882 mille
955 859 1082 883 annos
1121 848 1193 883 hec
1232 857 1430 895 tempora,
1471 860 1555 884 cum
1590 849 1666 884 iam
1698 850 1747 885 sit

430 917 551 940 annus
598 904 823 941 millesimus
860 905 1150 941 trecentesimus
1188 906 1445 960 octogesimus
1483 914 1654 954 quartus.
1699 909 1746 943 Et
1767 926 1804 946 10

431 974 473 997 ex
506 962 635 998 verbis
668 961 784 998 huius
817 962 943 998 sancti
977 971 1014 998 et
1048 975 1091 999 ex
1124 963 1284 999 racione
1318 976 1407 999 cum
1442 964 1620 1011 practica
1644 964 1745 1000 mili-

430 1019 606 1056 tancium
642 1019 902 1067 contingente
935 1030 1048 1068 potes
1072 1021 1191 1068 plane
1215 1021 1357 1057 elicere
1381 1023 1487 1069 quod
1512 1034 1593 1058 non
1615 1023 1741 1058 solum

431 1077 469 1113 in
515 1090 649 1115 errore
694 1086 963 1126 conceptuum
1004 1079 1065 1115 vel
1102 1080 1315 1115 verborum
1355 1080 1423 1115 sed
1463 1079 1671 1127 potissime
1703 1080 1743 1116 in

431 1148 564 1172 errore
609 1136 686 1173 vite
731 1144 809 1173 stat
854 1135 1003 1173 heresis
1049 1149 1126 1185 qua
1172 1139 1401 1173 sacerdotes
1447 1137 1648 1174 declinant
1693 1139 1742 1173 ab

176 1185 385 1249 ἓὲξξῇὶῖἶξξξι
430 1193 664 1230 imitacione
718 1193 859 1231 morali
913 1194 1067 1231 domini
1118 1197 1208 1231 Jesu
1262 1194 1422 1231 Christi.
1477 1195 1586 1232 Sicut
1637 1195 1800 1234 enimxfi

222 1256 325 1291 living·
429 1265 567 1288 omnes
607 1253 766 1289 hereses
806 1261 1033 1300 repugnant
1066 1252 1141 1289 sibi
1174 1254 1490 1300 quodammodo,
1537 1265 1627 1289 cum
1660 1253 1743 1301 ipse

430 1309 479 1346 sit
524 1310 655 1358 prima
698 1310 844 1348 veritas
890 1319 927 1347 et
972 1310 1064 1347 fidei
1110 1310 1274 1347 ecclesie
1318 1311 1641 1358 fundamentum,
1686 1311 1744 1347 sic

430 1368 560 1405 omnis
601 1380 711 1405 error
750 1369 790 1405 in
831 1367 910 1406 vita
950 1377 1147 1416 repugnat
1180 1368 1254 1404 sibi
1287 1369 1605 1417 quodammodo,
1652 1382 1742 1405 cum

428 1437 547 1462 nemo
593 1436 698 1463 errat
743 1426 782 1463 in
827 1427 1017 1472 moribus,
1065 1426 1145 1478 nisi
1186 1428 1233 1462 de
1266 1435 1416 1475 quanto
1454 1439 1534 1462 non
1567 1427 1743 1463 imitatus

428 1484 548 1520 fuerit
602 1484 811 1521 dominum
864 1487 996 1521 Jesum
1043 1484 1262 1520 Christum.
1316 1487 1363 1520 Et
1410 1497 1529 1532 quam
1584 1484 1742 1533 spissim
1761 1501 1802 1522 20

428 1543 580 1579 vadunt
620 1542 692 1579 iste
732 1551 838 1579 secte
871 1551 1046 1591 quatuor
1078 1555 1148 1590 per
1180 1542 1262 1578 vias
1303 1542 1413 1587 alias,
1456 1542 1687 1590 incipiendo
1721 1555 1743 1578 a

429 1613 534 1648 papa
567 1613 693 1649 usque
727 1602 777 1637 ad
809 1601 972 1637 fratrem
999 1602 1046 1636 de
1068 1609 1175 1637 secta
1206 1599 1436 1644 novissima,
1473 1599 1631 1647 cognita
1664 1600 1744 1636 vita

429 1657 589 1702 Christi,
624 1658 734 1695 cuius
764 1658 956 1695 noticiam
981 1667 1176 1707 quantum
1207 1658 1337 1694 sciunt
1359 1657 1585 1706 impediunt
1616 1657 1743 1708 facile,

429 1724 485 1752 est
524 1715 679 1763 videre3
724 1717 814 1753 ideo
854 1718 972 1765 plane
1012 1716 1078 1752 isti
1118 1715 1293 1764 tempori
1328 1724 1496 1764 possunt
1529 1715 1636 1752 dicta
1669 1715 1744 1752 ista

431 1774 663 1822 evangelica
696 1774 902 1823 applicari.
1761 1768 1800 1800 25

166 1835 387 1870 chrysostom:
489 1833 602 1869 Unde
636 1832 906 1869 Crisostomus
940 1833 1041 1869 hanc
1075 1831 1368 1880 exposicionem
1402 1831 1517 1867 huius
1551 1830 1745 1879 evangelii

144 1870 212 1897 Men
234 1874 346 1897 cannot
367 1871 402 1897 be
611 1890 617 1896 .
728 1890 734 1896 .

191 1905 237 1932 led
260 1909 362 1940 astray
430 1899 688 1938 proseqmtur
726 1903 765 1926 ln
805 1891 876 1927 hec
915 1893 1049 1927 verba:
1092 1890 1211 1934 Quem
1252 1902 1302 1926 ex
1328 1896 1445 1939 parte
1483 1902 1555 1925 non
1595 1896 1746 1925 moveat

140 1940 270 2001 *Vi‘tlffissss
288 1939 417 2002 {ffsssstff
428 1948 687 1985 Antichristus
726 1949 883 1997 faciens
935 1961 1053 1997 opera
1105 1947 1253 1983 Christi
1294 1955 1329 1982 et
1372 1946 1665 1993 antichristiani,
1707 1946 1746 1981 id

429 2014 484 2042 est
501 2007 840 2055 pseudoprophete
861 2007 991 2056 officia
1015 2006 1193 2041 universa
1209 2006 1406 2054 explentes
1429 2005 1744 2050 christianorum,

429 2064 503 2100 nisi
521 2065 637 2113 forte
668 2065 775 2100 illum
816 2065 879 2113 qui
909 2064 1130 2101 considerat
1160 2064 1262 2112 quod
1293 2063 1501 2112 Apostolus
1533 2062 1605 2097 ait:
1651 2061 1744 2098 Cum
1762 2069 1804 2101 30

431 2122 528 2157 enim
562 2122 642 2171 ipse
675 2130 832 2158 satanas
864 2122 1125 2172 transfigurat
1156 2133 1196 2156 se
1227 2121 1262 2156 in
1295 2120 1480 2171 angelum
1515 2120 1623 2165 lucis,
1656 2119 1746 2168 quid

429 2192 614 2229 magnum
660 2187 715 2216 est
773 2187 807 2216 et
861 2180 896 2216 si
938 2179 1107 2215 ministri
1149 2179 1228 2214 eius
1269 2178 1600 2228 transfigurentur
1649 2177 1746 2213 sicut

429 2237 600 2274 ministri
630 2238 789 2283 iusticie,
828 2250 991 2287 quorum
1021 2237 1116 2287 finis
1154 2237 1227 2272 erit
1263 2236 1469 2272 secundum
1509 2247 1627 2284 opera
1672 2247 1744 2270 non

429 2296 637 2332 secundum
683 2296 836 2331 schema
883 2294 1176 2331 christianitatis
1220 2306 1366 2330 eorum.
1414 2293 1575 2336 Multos,
1614 2292 1744 2341 inquit,

428 2354 621 2399 seducent,
670 2366 742 2389 non
788 2365 931 2400 omnes,
977 2353 1061 2401 quia
1107 2365 1179 2388 non
1225 2359 1279 2388 est
1316 2350 1582 2388 seducencium
1623 2350 1746 2386 virtus
1762 2356 1802 2389 35

428 2412 497 2447 sed
540 2411 783 2461 negligencia
822 2411 1084 2447 seductorum.
1132 2410 1175 2445 Si
1211 2409 1307 2445 enim
1347 2408 1612 2445 seducencium
1651 2415 1747 2443 esset

432 2469 568 2515 virtus,
615 2481 746 2505 omnes
788 2469 1032 2504 seducerent:
1079 2480 1176 2503 nunc
1213 2475 1338 2503 autem
1378 2479 1428 2503 ex
1466 2478 1508 2502 eo
1541 2465 1642 2514 quod
1673 2477 1744 2501 non

500 2680 524 2698 2.
552 2673 579 2698 A
608 2672 637 2698 in
663 2679 780 2704 marg:
808 2670 984 2702 Jolmmzes;
1017 2670 1038 2697 B
1073 2670 1102 2696 in
1134 2677 1248 2703 marg:
1277 2674 1334 2703 34.
1426 2666 1450 2695 3.
1483 2668 1526 2706 A:
1558 2667 1618 2706 istm
1652 2667 1746 2696 deest.

431 2706 453 2733 5.
476 2707 520 2734 A:
541 2714 625 2733 vera.
733 2706 760 2734 8.
788 2707 833 2733 A:
856 2705 1014 2740 processit.
1105 2712 1134 2738 ς).
1163 2703 1281 2731 Codd.:
1303 2703 1372 2730 sint.
1465 2708 1510 2729 20.
1532 2702 1559 2729 A
1580 2710 1609 2728 in
1632 2709 1745 2740 marg:

433 2740 648 2768 Crisostomus.
732 2748 776 2775 29.
800 2742 838 2767 ss:
861 2740 894 2767 id
913 2743 959 2767 est
972 2738 1241 2774 pseudoprophete
1260 2738 1358 2771 decst;
1391 2737 1432 2764 ib.
1459 2738 1502 2764 A:
1530 2736 1652 2763 diversa
1665 2745 1676 2769 ‚·
1704 2736 1744 2762 ib.

434 2777 476 2802 A:
499 2775 740 2802 christianorum
761 2775 853 2802 deest.
951 2773 995 2801 36.
1018 2775 1045 2800 A
1072 2773 1101 2799 in
1124 2781 1237 2807 marga
1260 2772 1351 2799 Nota.

505 2869 556 2899 27.
584 2860 649 2899 Op.
680 2859 763 2899 Imp.
794 2858 813 2889 l.
843 2869 868 2888 c.
898 2869 928 2900 p.
956 2867 1023 2900 944
1049 2857 1180 2895 (CCll).
1278 2857 1329 2888 30.
1357 2856 1394 2886 ΙΙ.
1422 2855 1499 2885 Cor.
1527 2854 1582 2893 XI,
1616 2863 1663 2893 14.
