1986 3289
191 247 280 276 CAP.
301 239 386 293 vn]
563 251 622 283 DE
650 250 965 283 ANTicHfflsTo
995 252 1079 283 ΜΒ.
1106 251 1130 283 1.
1735 249 1785 288 27

190 358 401 406 dignitates
445 358 607 394 racione
651 358 874 394 sanctitatis
907 358 1077 394 sciencie
1117 367 1237 406 atque
1269 366 1406 394 status.
1452 359 1500 393 Et

190 416 231 452 in
263 417 339 453 isto
372 416 558 452 laborant
603 415 736 451 clerici
781 415 905 452 nostri
939 424 976 452 et
1008 415 1284 464 principaliter
1318 418 1500 452 Romana

191 474 314 510 curia.
359 474 451 510 ldeo
497 483 553 510 est
609 473 743 509 multis
788 473 995 521 probabile
1043 475 1151 522 quod
1196 482 1321 509 status
1355 473 1420 509 ille
1452 474 1500 508 de

191 531 389 568 eleccione
421 544 524 579 pape
556 543 626 580 per
659 530 880 567 cardinales
919 544 940 567 a
973 531 1147 568 Domino
1180 544 1259 567 non
1291 530 1499 579 processit,

159 592 282 625 5cum
315 589 365 625 sit
396 589 512 625 nidus
545 588 760 637 gignitivus
794 588 992 636 superbie.

250 648 436 684 Secundo
479 647 636 683 videtur
679 645 797 682 istum
847 655 1029 683 sanctum
1063 655 1203 687 notare
1236 647 1344 694 quod
1378 647 1500 682 homo
1527 688 1533 700 4
1556 651 1623 679 The
1643 659 1776 690 namez¹

193 704 491 741 racionabiliter
523 705 728 752 aufugeret
752 705 822 740 has
848 704 1151 741 nominaciones
1174 705 1378 754 magister,
1402 704 1503 739 Rabi
1538 686 1778 748 ὶῗέἴῗζῐξέὲῖμ

192 763 253 798 vel
279 770 397 811 pater
430 771 593 811 propter
624 761 847 810 periculum
881 762 1067 810 superbie
1100 774 1172 810 per
1205 762 1407 798 diabolum
1444 762 1501 797 in·
1517 755 1793 818 belssggeffirrffivterly

192 821 452 857 troducende.
486 821 590 856 Ideo>
611 823 669 866 (ut
702 821 878 857 declarat
915 819 1206 856 Lincolniensis
1238 819 1279 856 in
1302 819 1502 867 principio
1733 812 1739 817 '

141 890 179 911 10
194 878 482 923 posteriorum>
516 879 636 914 homo
670 885 706 913 et
738 877 935 926 scriptura
968 890 1058 914 cum
1091 877 1212 925 signis
1246 877 1385 914 ceteris
1420 890 1503 913 mo-

193 945 285 972 vent
316 936 498 972 homines
530 937 579 972 ad
613 935 839 972 doctrinam
873 937 942 971 sed
975 944 1032 972 est
1064 935 1229 972 interius
1262 948 1377 972 verus
1411 937 1504 971 doc-

193 1002 256 1029 tor
288 993 356 1042 qui
389 1002 562 1030 mentem
596 993 798 1029 illuminat
831 1002 867 1030 et
899 993 1106 1030 veritatem
1141 993 1327 1030 ostendit.

251 1053 299 1087 Et
345 1052 420 1088 hoc
464 1052 601 1099 pulcre
645 1052 822 1088 declarat
865 1051 928 1088 hic
974 1051 1245 1088 Crisostomus
1299 1051 1504 1100 quomodo

194 1109 374 1145 Christus
398 1109 560 1146 racione
583 1108 742 1146 deitatis
765 1122 834 1146 sue
857 1109 930 1145 sibi
954 1109 1190 1157 appropriat
1213 1110 1320 1146 istud
1342 1121 1503 1153 nomen,

142 1166 289 1215 15quia
321 1176 430 1204 creat
462 1167 650 1210 animam,
696 1166 869 1203 infundit
912 1166 1126 1203 scienciam
1176 1176 1212 1204 et
1245 1166 1389 1204 excitat
1421 1166 1505 1203 ani-

196 1238 306 1261 mum
341 1226 391 1261 ad
424 1237 674 1262 consensum.
711 1226 797 1261 Hoc
830 1233 963 1261 autem
997 1233 1054 1261 est
1083 1227 1167 1261 Deo
1200 1225 1423 1273 proprium.
1457 1226 1505 1260 Et

195 1283 268 1319 hec
313 1283 488 1319 creditur
531 1283 640 1320 racio
687 1295 811 1331 quare
861 1282 1042 1319 Christus
1086 1283 1316 1319 humanitus
1370 1281 1505 1319 docuit

198 1341 423 1377 doctrinam
447 1353 516 1377 sue
539 1340 791 1387 humilitatis,
825 1340 1075 1388 paupertatis
1099 1349 1136 1377 et
1160 1340 1373 1388 passionis,
1406 1352 1506 1388 quas

196 1411 288 1435 suos
321 1398 538 1446 discipulos
583 1400 790 1435 edocebat.
835 1400 883 1435 Et
928 1400 1000 1435 hec
1033 1399 1142 1435 racio
1175 1411 1298 1447 quare
1330 1398 1414 1446 ipse
1448 1406 1506 1434 est

138 1470 182 1491 20
196 1456 386 1503 magister
416 1456 606 1505 optimus,
641 1456 865 1493 doctrinam
899 1456 1094 1504 optimam
1128 1456 1203 1492 sibi
1226 1455 1504 1504 approprians·

196 1515 310 1551 Unde
341 1514 373 1550 si
404 1514 586 1551 homines
619 1514 687 1551 alii
719 1515 867 1550 habent
899 1514 974 1551 ista
1005 1514 1184 1561 nomina,
1217 1515 1292 1551 hoc
1324 1523 1382 1550 est
1403 1513 1506 1561 peri-

197 1572 331 1609 culose
364 1580 401 1608 et
432 1573 547 1609 valde
580 1572 784 1621 equivoce.

255 1631 368 1667 Unde
399 1631 636 1678 Jeronymus
670 1639 706 1666 et
739 1629 869 1666 Latini
903 1629 1022 1667 ceteri
1056 1642 1144 1666 cum
1171 1632 1292 1667 modo
1315 1628 1506 1678 loquendi

196 1687 348 1735 vulgari
392 1688 585 1724 laudabili
630 1687 723 1724 licet
770 1687 1095 1736 equivocaverint
1145 1690 1194 1724 ab
1238 1689 1313 1724 hoc
1351 1695 1504 1733 sanctO,

141 1745 280 1793 25ipse
312 1754 447 1782 tamen
478 1754 586 1782 tenet
616 1746 721 1782 viam
755 1754 920 1796 rectam,
954 1746 1199 1782 conformem
1235 1745 1437 1793 evangelio
1471 1754 1508 1781 et

197 1815 393 1840 securam.
427 1804 544 1849 Quod
576 1812 685 1852 patet
717 1803 757 1839 in
791 1803 1081 1840 consuetudine
1114 1803 1264 1852 papali,
1297 1816 1387 1840 cum
1423 1803 1506 1851 ipse
1559 1808 1656 1837 Claim
1677 1809 1767 1836 made

197 1860 382 1898 vendicat
435 1862 544 1910 quod
596 1861 645 1897 sit
697 1861 850 1909 primus
902 1861 942 1897 in
986 1861 1200 1907 discubitu,
1256 1870 1299 1897 ut
1341 1870 1508 1897 vocetur
1549 1844 1587 1880 by
1606 1845 1656 1871 the
1676 1844 1768 1879 Pope.

192 1926 310 1968 pater
341 1919 580 1955 beatissimus
624 1932 713 1955 cum
749 1918 1052 1956 condicionibus
1098 1919 1239 1956 ceteris
1271 1918 1335 1956 hic
1368 1920 1508 1967 damp-

197 1976 300 2013 natis
332 1989 354 2013 a
388 1977 559 2013 Christo.
593 1979 642 2012 Et
674 1986 809 2013 tamen
842 1978 917 2013 hoc
950 1977 1046 2014 dicit
1077 1977 1271 2014 vocaliter
1297 1986 1506 2025 tamquam

142 2038 183 2070 30
197 2033 378 2082 ypocrita
412 2036 519 2083 quod
552 2034 600 2070 sit
622 2035 866 2071 immediatus
892 2035 1040 2071 Christi
1060 2036 1228 2071 vicarius
1249 2035 1310 2071 hic
1331 2035 1367 2071 in
1390 2035 1509 2071 terris

199 2100 236 2128 et
280 2091 439 2128 racione
471 2091 784 2140 propinquitatis
828 2094 986 2140 sequele
1024 2094 1144 2130 habet
1180 2094 1287 2129 ultra
1319 2093 1508 2129 mortales

199 2158 353 2186 ceteros
397 2150 713 2198 preminenciam
758 2151 979 2198 potestatis.
1026 2153 1073 2187 Et
1111 2151 1218 2187 istud
1251 2150 1504 2187 mendacium

199 2208 287 2255 plus
338 2207 464 2244 inficit
515 2207 724 2244 ecclesiam
771 2208 1024 2254 militantem,
1077 2222 1198 2257 quam
1252 2208 1505 2245 mendacium

199 2265 435 2312 pontificum
470 2274 506 2302 et
536 2265 814 2313 phariseorum
848 2266 888 2302 in
919 2275 1100 2314 tempore
1134 2266 1282 2304 Christi
1304 2266 1507 2311 infecerat,

145 2327 184 2359 35
201 2331 284 2358 tum
331 2323 425 2371 quia
463 2323 645 2359 diabolus
689 2336 770 2359 non
813 2325 987 2361 audebat
1031 2325 1071 2361 in
1104 2324 1252 2361 Christi
1299 2324 1507 2372 presencia

203 2392 361 2416 movere
406 2381 512 2428 ipsos
557 2382 607 2417 ad
650 2390 802 2418 tantam
836 2382 1078 2429 superbiam,
1124 2391 1207 2418 tum
1254 2381 1380 2418 eciam
1414 2381 1508 2429 quia

203 2450 247 2474 ex
277 2438 445 2475 victoria
479 2447 515 2474 et
548 2438 821 2486 preminencia
854 2440 1001 2476 Christi
1048 2452 1167 2488 super
1200 2439 1404 2476 diabolum
1439 2439 1509 2475 fal—

203 2495 356 2532 sissime
399 2496 593 2532 vendicat
616 2498 822 2533 Romanus
866 2498 1042 2545 pontifex
1090 2499 1198 2545 quod
1232 2505 1394 2545 superat
1426 2509 1508 2532 non

203 2554 331 2589 solum
375 2555 550 2601 prelatos
595 2554 690 2601 legis
722 2554 865 2591 veteris
898 2556 966 2591 sed
1000 2554 1125 2591 eciam
1160 2564 1326 2591 cunctos
1359 2554 1508 2591 Christi

143 2624 188 2656 40
203 2612 417 2658 apostolos,
463 2611 557 2659 quia
599 2620 643 2647 ut
690 2612 785 2648 dicit
817 2612 858 2648 in
895 2612 981 2660 ipso
1020 2612 1218 2660 colligitur
1255 2611 1509 2660 singulariter

201 2668 349 2705 vicaria
381 2668 510 2705 tocius
541 2669 749 2717 potestatis
782 2669 935 2706 domini
966 2672 1057 2706 Jesu
1091 2670 1251 2709 Christi.

273 2841 301 2865 s).
322 2839 351 2866 A
370 2839 399 2865 iu
422 2847 537 2873 marg:
561 2841 587 2865 2,
642 2847 669 2873 7.
690 2839 734 2866 A:
756 2839 891 2874 auferet.
948 2838 975 2873 «Q,
998 2847 1025 2873 o.
1048 2841 1090 2866 A:
1112 2840 1292 2866 inducemle.
1351 2839 1381 2866 16
1403 2848 1440 2873 17.
1463 2840 1505 2867 A:

203 2872 243 2900 Et
262 2874 328 2900 ltoc.
401 2881 445 2908 27.
466 2875 509 2900 A:
530 2875 571 2899 sit
589 2874 681 2900 deest.
