1986 3289
166 219 254 247 CAP-
274 210 344 264 lV·]
539 222 597 253 DE
625 220 936 252 ANTICHRISTO
965 221 1048 252 ΜΒ.
1075 220 1113 251 ΙΙ.

166 330 214 365 de
258 327 518 365 ordinacione
562 327 694 363 divina
728 327 904 373 venient3
959 335 993 363 et
1041 339 1130 362 cum
1165 325 1320 362 iusticie
1352 337 1472 373 pena-

167 399 254 422 rum
288 385 364 422 sint
398 387 502 422 bona
534 397 611 433 que
644 385 818 432 peccatis
851 384 1068 432 suppositis
1111 392 1168 420 est
1200 382 1469 420 necessarium

167 443 337 488 evenire,
386 443 540 479 videtur
584 444 694 490 quod
742 442 878 479 omnia
911 455 987 490 que
1020 441 1201 478 evenient
1233 451 1314 478 tam
1348 453 1471 489 penas

168 514 287 550 quam
321 510 486 549 peccata
519 509 576 536 est
608 500 879 537 necessarium
904 499 1072 536 evenire.
1108 502 1155 535 Et
1188 499 1241 536 ita
1275 512 1364 536 cum
1399 498 1471 535 Dei

134 559 490 607 5predestinancia
522 558 571 594 sit
605 571 725 594 causa
757 557 893 606 gaudii
927 559 1190 603 beandorum,
1235 557 1291 593 sic
1324 565 1366 592 ut
1400 556 1468 592 Dei

167 616 411 664 presciencia
444 625 500 652 est
534 629 654 652 causa
687 615 914 663 punicionis
939 615 1069 651 debite
1102 616 1469 663 dampnandorum,

166 674 320 711 videtur
353 676 459 722 quod
492 673 629 710 omnia
663 673 736 710 ista
769 682 859 709 sunt
891 686 913 709 a
946 675 1029 710 Deo
1063 682 1154 709 ante
1188 672 1327 709 mundi
1361 685 1470 709 exor-

165 732 274 768 dium
308 732 507 768 ordinata.

223 790 297 826 Hic
330 790 466 826 dicunt
510 789 646 825 fideles
679 789 772 826 satis
806 789 999 825 catholice
1039 790 1148 837 quod
1181 791 1286 825 Deus
1319 796 1472 824 eterna—

113 847 254 883 1oliter
286 857 377 884 ante
421 846 559 883 mundi
607 846 939 883 constitucionem
984 846 1144 882 ordinat
1178 854 1321 882 cuncta
1354 847 1470 887 bona,

166 914 202 941 et
247 905 302 942 sic
349 918 392 942 ex
424 905 496 941 Dei
528 905 766 941 ordinancia
815 917 977 941 necesse
1021 913 1077 940 est
1124 913 1266 940 cuncta
1300 903 1469 948 evenire,

164 962 242 1000 sive
276 965 381 1000 bona
403 962 549 1000 fuerint
580 962 660 999 sive
693 964 809 1001 mala.
843 962 967 999 Aliter
998 971 1133 998 tamen
1166 971 1202 998 et
1234 961 1328 998 satis
1362 961 1471 1009 equi-

163 1033 260 1057 voce
284 1023 388 1058 Deus
412 1020 572 1057 ordinat
605 1022 707 1057 bona
730 1020 949 1057 laudabilia
982 1029 1019 1056 et
1051 1020 1167 1056 aliter
1201 1020 1304 1056 mala
1340 1019 1468 1067 culpe.

165 1078 335 1115 Ordinat
359 1078 461 1115 enim
490 1080 711 1115 secundum
746 1078 904 1126 aliquos
938 1079 1045 1114 mala
1077 1078 1207 1126 culpe,
1242 1079 1289 1113 de
1322 1085 1471 1125 quanto

112 1138 147 1170 15
164 1136 257 1172 facit
299 1136 386 1185 ipsa
417 1136 665 1173 universitati
698 1148 766 1172 sue
799 1136 994 1184 proficere
1038 1145 1074 1172 et
1107 1135 1300 1172 rectificat
1332 1147 1469 1171 eorum

164 1206 306 1241 penam
341 1194 611 1243 pulcritudine
650 1206 718 1230 sue
750 1193 917 1240 iusticie,
963 1206 1011 1229 ne
1046 1206 1183 1229 eorum
1224 1192 1471 1240 turpitudine

163 1264 234 1288 sua
266 1252 502 1289 universitas
543 1253 777 1289 maculetur.
823 1254 870 1288 Et
902 1251 957 1288 sic
1002 1264 1081 1287 non
1126 1251 1275 1287 directe
1314 1251 1381 1286 sed
1414 1249 1471 1285 in-

166 1310 315 1346 directe
347 1310 506 1347 ordinat
539 1310 725 1346 dominus
757 1309 832 1346 ista
866 1310 984 1346 mala.

221 1369 269 1404 Et
300 1368 355 1404 ita
386 1377 525 1404 notata
547 1368 622 1404 ista
654 1367 916 1404 distinccione
950 1367 998 1403 ad
1032 1379 1190 1403 sensum
1225 1365 1469 1402 catholicum

108 1437 149 1459 20
167 1426 291 1461 multa
335 1425 521 1462 videntur
553 1427 726 1462 absurda
759 1425 893 1473 pueris
937 1424 1086 1472 pietate
1119 1423 1291 1460 infantili
1324 1422 1470 1460 cecatis

165 1495 240 1530 que
273 1493 467 1531 apparent
490 1483 817 1521 satisrcatholica
850 1483 889 1518 in
923 1481 1192 1518 fundamentis
1226 1480 1318 1517 fidei
1349 1481 1470 1517 stabi-

163 1540 254 1587 litis,
278 1550 321 1577 ut
336 1544 440 1577 Deus
464 1542 623 1578 ordinat
646 1541 840 1577 indirecte
864 1552 1102 1588 quecunque
1126 1548 1290 1587 peccata
1323 1539 1469 1584 futura,

43 1599 125 1643 433¹³
164 1598 266 1635 sicut
308 1599 444 1635 omnia
490 1601 594 1635 bona
639 1612 778 1635 eorum
813 1598 1026 1635 ordinaver
1053 1595 1057 1649 1
1088 1606 1126 1634 at
1159 1610 1204 1633 ac
1237 1598 1285 1633 ab
1319 1605 1469 1642 eterno,

165 1668 246 1692 non
268 1665 404 1694 tamen
428 1657 589 1693 ordinat
613 1658 721 1705 quod
745 1657 811 1692 illa
841 1656 919 1692 sint
943 1655 1166 1692 formaliter
1189 1656 1294 1691 bona
1316 1663 1470 1690 nature.

108 1717 147 1748 25
164 1715 212 1750 Et
244 1715 372 1751 solum
419 1715 514 1751 talia
546 1717 651 1751 Deus
685 1714 835 1750 directe
869 1713 1014 1750 dicitur
1053 1713 1254 1759 ordinare,
1300 1725 1381 1748 non
1413 1711 1472 1747 in-

164 1771 380 1820 telligendo
413 1785 483 1821 per
515 1773 623 1809 illam
648 1771 962 1808 indireccionem
989 1772 1147 1819 culpam
1182 1770 1222 1806 in
1246 1773 1328 1806 Deo
1361 1770 1470 1818 quod

164 1829 380 1878 quicquam
406 1831 568 1867 ordinat
591 1830 707 1866 aliter
731 1843 851 1878 quam
877 1831 1050 1875 deberet,
1085 1829 1151 1864 sed
1177 1829 1286 1876 quod
1319 1829 1468 1864 bonum

165 1888 273 1934 quod
318 1900 361 1924 ex
407 1888 461 1925 eis
505 1888 688 1937 provenit
721 1900 800 1924 non
834 1888 877 1923 fit
909 1887 984 1923 nisi
1028 1885 1239 1923 occasione
1272 1885 1367 1921 mali
1400 1897 1470 1932 per

164 1944 338 1992 graciam
355 1946 428 1982 Dei
447 1946 514 1994 qui
538 1959 618 1982 non
637 1947 835 1994 approbat
857 1945 945 1981 talis
970 1944 1149 1981 criminis
1175 1955 1257 1980 esse
1280 1943 1470 1991 primum.

108 2131 148 2154 ,πο
686 2117 823 2158 CAP.
857 2117 939 2157 IV.

223 2214 412 2262 Sequitur
444 2214 483 2250 in
516 2223 622 2251 textu
654 2213 847 2261 evangelii
881 2213 920 2249 in
955 2214 1025 2249 hec
1057 2214 1194 2249 verba:
1237 2212 1343 2248 Venit
1374 2224 1471 2262 ergo

165 2273 216 2308 ad
253 2273 444 2308 Simonem
490 2273 664 2308 Petrum.
717 2272 768 2307 Et
813 2272 902 2307 dicit
934 2271 968 2307 ei
1009 2271 1170 2306 Petrus.-
1222 2270 1399 2317 Domine,
1433 2277 1471 2305 tu

166 2330 260 2366 mihi
290 2331 399 2365 lavas
426 2331 574 2379 pedes?
606 2330 817 2379 Respondit
850 2329 960 2364 Jesus
991 2336 1024 2364 et
1058 2329 1157 2364 dixit
1190 2328 1248 2364 ei:
1287 2329 1369 2371 Que
1400 2339 1472 2377 ego

167 2388 292 2436 facio,
325 2396 363 2423 tu
388 2388 508 2424 nescis
531 2389 658 2434 modo,
679 2388 775 2423 scies
806 2394 931 2422 autem
951 2393 1099 2435 postea.
1133 2386 1236 2422 Dicit
1259 2386 1292 2421 ei
1314 2386 1473 2421 Petrus:

111 2444 252 2481 35N0n
286 2446 432 2481 lavabis
465 2445 560 2481 mihi
596 2446 714 2494 pedes
747 2445 782 2480 in
816 2452 1001 2480 eternum.
1036 2444 1248 2492 Respondit
1280 2444 1313 2479 ei
1342 2444 1473 2479 Jesus:

167 2504 210 2538 Si
240 2515 311 2539 non
345 2504 476 2539 lavero
510 2511 556 2548 te,
602 2516 674 2538 non
707 2503 860 2538 habebis
888 2510 1042 2551 partem
1078 2514 1238 2537 mecum.
1294 2501 1397 2536 Dicit
1442 2500 1476 2536 ei

168 2561 297 2596 Simon
332 2561 491 2596 Petrus:
536 2561 698 2595 Domine
746 2573 816 2595 non
850 2567 996 2595 tantum
1026 2560 1146 2607 pedes
1179 2571 1294 2602 meos,
1339 2559 1406 2593 sed
1439 2565 1472 2593 et

235 2749 280 2772 20.
303 2743 345 2769 A:
368 2743 609 2777 non—primum
630 2742 728 2769 twice.

239 2827 290 2859 31.
316 2825 395 2857 Joh.
422 2826 506 2865 XIII,
535 2825 659 2856 ὀ-ῐο,

1679 223 1757 261 297

1536 804 1615 831 How
1639 805 1707 832 God

1514 840 1641 867 ordains
1662 840 1731 867 evil.

1485 1371 1585 1398 These
1606 1370 1761 1398 doctrines

1514 1448 1551 1475 ap
1558 1414 1732 1475 prslignded

1502 1475 1742 1549 <watra

1503 1544 1597 1606 θὸἓῖἒέ
1603 1543 1696 1606 ¹521}ssss
1711 1551 1741 1570 ¹¹¹
