1986 3289
233 216 320 245 CAP.
348 207 476 263 xxm]
626 220 685 252 DE
714 218 1030 253 ANTICHRlsTo
1060 220 1142 253 Lm.
1169 219 1192 252 1.

232 328 481 364 Postmodum
521 339 703 364 converse
739 335 826 364 sunt
863 336 998 379 gentes
1036 328 1198 377 quedam
1232 329 1284 363 ad
1327 328 1540 374 Christum,

231 393 493 422 surrexerunt
518 386 666 435 perfidi
693 386 808 422 Judei
836 393 928 435 post
964 386 1161 422 Christum
1201 386 1393 422 adversus
1431 386 1543 422 Chri-

231 444 375 480 stianos
398 444 520 492 ipsam
544 444 723 480 habentes
744 444 1055 494 generacionem,
1077 451 1262 493 quantum
1285 444 1337 479 ad
1358 444 1540 489 animam,

232 513 343 550 quam
392 502 607 537 habuerunt
649 509 785 551 gentes
834 502 898 538 ille
941 514 1012 550 que
1050 502 1165 551 prius
1208 502 1544 551 persequebantur

199 559 384 609 5Judeos,
409 559 546 594 deinde
575 559 740 609 gentiles
774 560 926 608 quidem
960 560 1233 606 crediderunt,·
1264 571 1394 596 omnes
1416 566 1542 595 autem

229 617 344 653 Judei
374 617 610 665 defecerunt,
644 618 709 665 qui
737 618 1070 667 persequebantur
1102 618 1314 654 ecclesiam.
1361 617 1428 653 Ex
1459 617 1544 666 ipsa

231 675 388 710 ecclesia
420 682 681 710 surrexerunt
704 676 861 712 heretici
889 675 953 724 qui
975 676 1307 724 persequebantur
1329 675 1542 721 ecclesiam,

230 733 300 768 sed
329 732 536 782 generacio
560 732 643 781 ipsa
674 740 764 772 stat,
787 734 890 769 Ecce
919 733 1035 769 Judei
1057 740 1091 769 et
1121 741 1257 783 gentes
1274 741 1544 783 persecutores

230 790 469 826 transierunt
500 791 568 826 sed
599 791 808 840 generacio
841 791 926 840 ipsa
955 798 1044 826 stat.
1080 791 1182 827 Nam
1207 792 1254 827 de
1283 791 1544 841 generacione

179 847 439 884 onudeorum
473 855 507 883 et
538 848 739 898 gentilium
772 857 859 885 sunt
891 849 1050 884 heretici
1081 849 1155 884 isti.
1205 849 1312 885 Unde
1349 856 1385 885 et
1417 861 1544 885 mores

230 913 265 941 et
311 906 521 956 perfidiam
572 914 784 954 sequuntur
835 919 982 952 eorum,
1038 907 1136 943 sicut
1187 907 1359 943 diximus
1408 919 1541 955 supra.

231 964 480 999 Postmodum
505 971 540 999 et
554 964 714 1000 heretici
733 972 821 1000 sunt
843 964 1062 1009 transituri,
1079 971 1119 999 ut
1141 977 1213 1000 non
1236 965 1311 1001 sint
1331 965 1542 1001 secundum

228 1022 466 1070 quodmodo
498 1033 579 1057 esse
611 1022 803 1069 videntur,
837 1030 872 1058 et
893 1022 1031 1070 futuri
1059 1030 1147 1058 sunt
1167 1023 1333 1072 gentiles
1355 1029 1390 1058 et
1406 1022 1546 1072 populi

229 1078 468 1115 Anticlzristi.
525 1079 577 1114 Et
627 1080 917 1116 transeuntibus
969 1080 1050 1116 istis
1092 1081 1300 1130 generacio
1352 1081 1541 1117 iustorum

177 1138 213 1171 15
228 1137 343 1172 stabit
374 1137 410 1172 in
433 1137 521 1173 illis.
555 1137 616 1172 De
643 1138 901 1188 generacione
933 1139 1030 1173 enim
1055 1138 1244 1174 iustorum
1277 1145 1390 1174 erunt
1422 1138 1541 1174 eciam

229 1194 287 1230 illi
334 1195 399 1244 qui
430 1195 621 1243 fuerunt,·
671 1203 706 1231 et
756 1196 939 1245 impletur
983 1196 1085 1244 quod
1136 1196 1279 1232 dictum
1324 1203 1404 1234 est:
1455 1196 1542 1231 Non

228 1253 406 1288 transibit
442 1253 650 1301 generacio
689 1254 775 1297 ista,
817 1255 934 1289 donec
974 1254 1099 1289 omnia
1128 1254 1245 1303 fiunt.
1294 1255 1377 1290 Hec
1410 1253 1542 1290 Criso-

230 1318 396 1346 stornus.

704 1436 844 1477 CAP.
878 1437 1066 1477 XXIV.

171 1541 213 1563 20
286 1532 473 1580 Sequitur
524 1531 564 1567 iu
608 1541 714 1568 textu
761 1532 972 1580 evangelii:
1031 1533 1264 1580 Jerusalem,
1307 1532 1539 1578 Jerusalem,

227 1601 297 1638 que
340 1590 481 1626 occidis
519 1591 735 1639 prophetas
779 1598 813 1626 et
858 1590 1011 1639 lapidas
1055 1603 1119 1626 eos
1156 1591 1221 1639 qui
1263 1591 1316 1625 ad
1358 1597 1393 1626 te
1437 1590 1544 1626 missi

226 1655 334 1683 sunt:
356 1648 533 1696 quociens
557 1648 661 1684 volui
692 1660 943 1698 congregare
953 1648 1065 1697 filios
1097 1656 1194 1695 tuos,
1218 1648 1540 1697 quemadmodum

225 1705 375 1755 gallina
414 1713 633 1756 congregat
659 1706 792 1755 pullos
828 1718 917 1742 suos
947 1706 1015 1742 sub
1048 1706 1133 1742 alas
1163 1719 1254 1742 suas
1291 1713 1326 1741 et
1358 1706 1543 1742 noluisti?

228 1763 328 1798 Ecce
359 1763 597 1812 relinquetur
630 1764 733 1799 vobis
766 1764 902 1800 domus
934 1771 1064 1800 vestra
1097 1765 1264 1800 deserta.
1312 1763 1411 1799 Dico
1443 1764 1541 1799 enim

171 1819 211 1851 25
229 1821 350 1857 vobis:
385 1821 471 1857 Non
494 1833 555 1856 me
587 1821 762 1857 videbitis
792 1822 947 1868 amodo,
981 1822 1100 1858 donec
1133 1821 1289 1857 dicatis:
1310 1821 1543 1857 Benedictus

227 1878 291 1925 qui
321 1879 421 1914 venit
452 1879 487 1914 in
520 1879 670 1915 nomine
702 1879 872 1915 Domini.

285 1938 413 1984 Super
445 1949 525 1984 quo
547 1938 802 1984 Jeronymus:
835 1937 1067 1983 Jerusalem,
1097 1949 1169 1973 non
1191 1948 1292 1973 saxa
1324 1944 1360 1973 et
1392 1937 1541 1987 edificia

227 1994 391 2030 civitatis
446 1995 515 2030 sed
570 1995 806 2031 habitatores
857 2002 967 2031 vocat
1023 2007 1137 2044 quam
1201 1995 1330 2043 patris
1383 1995 1542 2045 plangit

227 2052 389 2100 affectu,
411 2052 508 2088 sicut
522 2060 556 2088 et
571 2053 606 2088 in
629 2053 705 2088 alio
722 2053 804 2089 loco
821 2053 987 2103 legimus
1009 2053 1110 2101 quod
1125 2052 1257 2089 videns
1272 2065 1355 2089 eam
1368 2052 1540 2102 fleverit.

171 2110 212 2142 30
228 2110 268 2145 In
319 2121 361 2145 eo
405 2117 530 2146 autem
581 2111 683 2158 quod
730 2111 841 2146 dicit:
897 2111 1086 2154 Quociens
1130 2111 1236 2146 volui
1290 2123 1542 2161 congregare

215 2167 328 2216 filios
349 2175 445 2214 tuos,
476 2180 605 2204 omnes
628 2175 735 2204 retro
760 2168 976 2217 prophetas
998 2181 1019 2203 a
1042 2181 1082 2204 se
1102 2168 1239 2204 missos
1261 2180 1342 2205 esse
1364 2168 1541 2214 testatur,

224 2225 372 2275 galline
403 2238 548 2274 quoque
582 2226 870 2262 similitudinem
905 2226 1185 2276 congregantis
1206 2226 1274 2262 sub
1307 2226 1381 2262 alis
1408 2226 1541 2275 pullos

225 2295 337 2327 suos;
373 2290 408 2319 et
446 2283 482 2318 in
521 2283 677 2319 Cantico
711 2284 1007 2319 Deuteronomii
1042 2284 1231 2333 legimus.-
1276 2284 1381 2320 Sicut
1411 2284 1539 2331 aquila

222 2341 398 2390 protegit
441 2341 570 2376 nidum
609 2353 718 2377 suum
757 2348 792 2377 et
828 2354 947 2390 super
984 2342 1117 2390 pullos
1155 2354 1245 2378 suos
1290 2342 1540 2388 desideravit,

171 2397 211 2430 35
228 2399 451 2446 expandens
482 2399 567 2434 alas
597 2411 701 2445 suas,
741 2399 907 2448 suscepit
939 2406 974 2435 et
1005 2399 1092 2434 tulit
1121 2411 1241 2449 super
1267 2412 1416 2449 pennas
1436 2411 1538 2435 suas.

227 2456 329 2491 Ecce
361 2456 598 2505 relinquetur
631 2456 737 2492 vobis
770 2457 907 2492 domus
929 2464 1058 2493 vestra
1093 2458 1260 2496 deserta.
1294 2457 1382 2493 Hoc
1414 2457 1537 2506 ipsum

227 2521 262 2549 et
294 2525 344 2549 ex
370 2526 538 2562 persona
567 2514 733 2550 Jeremie
765 2514 839 2550 iam
872 2521 960 2550 ante
993 2514 1168 2557 dixerat.-
1199 2515 1353 2563 Reliqui
1383 2515 1537 2550 domum

296 2705 323 2732 (Γ).
345 2707 389 2733 A:
409 2706 492 2741 quia.
548 2704 630 2740 8-9,
652 2706 695 2733 Α;
718 2705 908 2733 Ecce—stat
927 2706 1020 2733 deest.
1078 2714 1119 2734 10.
1140 2706 1181 2733 B:
1202 2706 1338 2741 ipsorum
1357 2704 1536 2732 Jucteorum.

299 2798 352 2820 20,
379 2788 495 2819 Matth.
522 2789 638 2828 XXIII,
667 2790 812 2831 37—3’9.
869 2799 922 2830 27.
950 2789 1088 2820 Comm.
1115 2789 1148 2820 in
1175 2788 1295 2820 Matth.
1320 2788 1342 2819 l.
1361 2798 1389 2819 c.
1408 2799 1440 2829 p.
1465 2797 1537 2830 191.

230 2833 281 2865 28.
310 2835 426 2866 Lucae
451 2835 537 2873 XIX,
564 2834 596 2866 6.
649 2836 700 2867 33.
731 2836 829 2866 Deut.
849 2836 982 2874 XXXII,
1015 2846 1064 2866 11.
1116 2836 1169 2876 37.
1187 2836 1313 2866 Jerem.
1338 2835 1409 2873 XII,
1436 2833 1538 2876 7—8.

1620 1950 1759 1978 Jerome:

1607 1985 1777 2012 Jerusalem

1574 2020 1682 2047 stands
1702 2020 1752 2047 sor
1771 2021 1811 2047 its

1591 2055 1794 2082 inhabitants,
