1986 3289
215 228 303 257 CAP.
329 220 453 273 xxm]
604 231 662 262 DE
690 230 1003 263 ANTicHRISTO
1032 231 1114 262 ΜΒ.
1144 232 1164 262 1.
1739 237 1746 259 1
1768 237 1775 259 1
1797 223 1812 258 3

203 339 288 387 fuit
328 339 364 374 in
397 339 552 384 mundo,
591 338 676 386 quia
711 338 853 374 veritas
884 338 1079 388 evangelii
1108 338 1186 374 eius
1219 338 1346 373 adhuc
1378 337 1806 388 ignota‚Tl1edevilraises

213 397 299 445 quia
350 396 517 445 apostoli
565 396 643 432 eius
681 396 793 432 multi
839 396 976 432 incerti
1030 396 1171 432 multos
1233 396 1527 432 introducebant
1594 382 1766 444 (Jffsigsslsssso

219 454 395 490 Christos
438 455 473 489 in
519 455 718 499 mundum,
770 461 810 489 ut
854 454 1027 490 homines
1072 455 1241 490 volentes
1295 453 1426 490 uenire
1476 454 1527 488 ad
1560 452 1791 478 misleadmen.

219 512 415 547 Christum
452 524 526 560 per
561 512 849 548 similitudinem
890 511 1054 547 nominis
1092 512 1171 548 eius
1210 519 1387 548 errantes
1418 518 1526 547 tran-

182 572 320 606 §seant
351 570 402 604 ad
434 570 627 605 diabolum
662 577 697 605 et
729 570 897 606 volentes
929 570 975 605 ab
1009 581 1051 606 eo
1085 570 1196 605 exire
1227 570 1459 619 impugnant
1491 569 1526 604 in

214 640 310 664 eum.
341 628 677 671 Quemadmodum
709 640 784 663 rex
810 627 845 664 si
874 627 910 662 in
943 628 1041 663 bello
1076 627 1198 663 victus
1230 628 1529 677 atqueszcgatus

213 686 260 721 ab
292 685 368 721 alio
402 698 497 735 rege
528 686 698 721 induerit
729 685 991 721 indumentum
1025 685 1134 736 regis
1166 685 1271 721 illius
1303 685 1462 721 victoris
1495 691 1530 720 et

215 744 251 778 in
284 750 403 792 parte
438 755 507 779 sua
541 744 670 793 erigat
708 743 832 780 simile
863 743 1019 793 signum
1052 743 1165 793 signo
1198 743 1307 794 regis
1339 743 1455 789 illius,
1490 749 1529 777 ut

214 801 319 837 illius
358 802 527 849 populus
575 801 734 838 victoris
783 801 937 837 schema
989 801 1050 837 sui
1096 801 1203 851 regis
1253 800 1442 850 aspiciens
1494 807 1530 836 et

163 872 200 892 10
213 859 368 908 signum
393 859 523 907 partis
555 859 685 908 ipsius,
726 859 814 894 dum
836 866 949 908 putat
980 871 1020 895 se
1051 859 1102 894 ad
1128 858 1333 908 proprium
1368 870 1530 895 currere

216 929 362 967 regem,
402 916 579 952 incurrat
611 917 646 952 in
680 929 815 953 manus
848 917 1072 953 adversarii
1101 917 1180 952 sui:
1211 917 1266 952 sic
1296 924 1331 953 et
1354 916 1531 952 diabolus

213 975 437 1010 subornabit
470 975 667 1011 ministros
698 987 787 1011 suos
817 976 885 1010 sub
918 975 1069 1010 nomine
1097 974 1257 1021 Christi,
1291 982 1330 1010 ut
1363 975 1530 1010 volentes

215 1032 272 1068 ire
308 1033 360 1068 ad
396 1032 594 1068 Christum
635 1033 810 1069 homines
847 1033 1100 1069 similitudine
1140 1032 1302 1068 nominis
1341 1032 1533 1068 tenebrati

215 1091 266 1125 ad
299 1090 492 1126 diabolum
526 1091 724 1127 vaderent.
772 1091 980 1139 Postquam
1015 1103 1106 1126 vero
1140 1090 1276 1126 noticia
1315 1090 1464 1126 Christi
1494 1090 1529 1125 in

164 1151 294 1184 15toto
333 1149 475 1184 mundo
510 1149 708 1197 prevaluit
748 1156 782 1184 et
822 1149 966 1184 veritas
1004 1148 1198 1198 evangelii
1228 1148 1307 1184 eius
1327 1149 1443 1197 facta
1476 1155 1531 1184 est

216 1206 423 1254 manifesta
455 1213 490 1241 et
521 1207 704 1242 mandata
729 1206 1006 1255 discipulorum
1040 1206 1118 1242 eius
1150 1206 1306 1255 impleri
1336 1212 1530 1255 ceperant,

215 1264 290 1299 iam
324 1276 396 1299 non
414 1271 609 1312 poterant,
642 1265 677 1300 si
705 1264 944 1300 submitteret
981 1264 1188 1300 Christum.
1223 1264 1355 1312 Neque
1385 1264 1532 1312 aliquid

215 1322 438 1358 submittere
470 1322 681 1368 videretur,
720 1322 896 1370 quoniam
936 1323 1041 1371 apud
1073 1333 1203 1358 omnes
1229 1322 1372 1371 fideles
1410 1322 1531 1357 mani-

212 1380 344 1427 festus
382 1387 437 1415 est
474 1379 653 1416 Christus
691 1387 726 1415 et
762 1380 1006 1429 evangelium
1046 1379 1125 1415 eius
1162 1386 1197 1415 et
1228 1379 1396 1428 apostoli
1437 1379 1527 1416 eius.

161 1450 202 1471 20
217 1438 294 1473 Sed
337 1438 412 1473 alio
459 1438 572 1474 modo
610 1438 796 1474 submittit
834 1437 1094 1474 Antichristus
1135 1438 1250 1473 verba
1285 1438 1530 1474 diversarum

217 1496 393 1531 heresum
416 1495 648 1541 introducta,
672 1503 711 1531 ut
727 1496 1020 1544 unumquodque
1042 1508 1173 1531 eorum
1198 1496 1312 1541 dicat,
1348 1496 1435 1545 quia
1459 1507 1531 1546 ego

215 1565 298 1588 sum
328 1553 517 1597 Christus,
551 1553 787 1603 unigenitum
822 1554 980 1589 verbum
1013 1553 1098 1589 Dei.
1136 1554 1218 1589 Hec
1246 1553 1529 1590 Crisostornus.

275 1612 330 1646 Ex
368 1610 452 1647 istis
490 1610 623 1647 verbis
662 1611 781 1647 huius
821 1611 948 1648 sancti
989 1624 1078 1647 cum
1119 1611 1224 1648 facto
1271 1611 1532 1659 contingente

219 1668 385 1705 ecclesie
417 1678 530 1717 potes
564 1669 709 1705 elicere
741 1681 812 1717 per
835 1682 933 1717 quas
963 1669 1140 1706 cautelas
1169 1669 1354 1706 diabolus
1378 1669 1532 1706 seducit

163 1730 201 1762 25
218 1726 442 1773 ecclesiam,
477 1736 519 1763 ut
553 1727 711 1774 planius
744 1727 897 1775 patebit
931 1727 1142 1775 posterius.

689 1862 827 1903 CAP.
860 1862 1054 1903 XXXI.

277 1957 466 2006 Sequitur
504 1958 545 1994 in
583 1968 691 1995 textu
731 1958 944 2006 evangelii:
984 1959 1168 1995 Audituri
1205 1959 1293 1995 estis
1331 1960 1460 2008 prelia
1499 1967 1534 1995 et

219 2016 415 2064 opiniones
448 2017 680 2065 preliorum.
729 2017 858 2053 Videte
896 2029 941 2052 ne
982 2017 1200 2054 turbemini.
1240 2017 1403 2067 Oportet
1435 2018 1532 2054 enim

219 2074 286 2109 hec
326 2074 444 2123 fieri‚·
493 2076 562 2111 sed
612 2075 779 2111 nondum
822 2075 940 2124 finis‚·
990 2083 1200 2126 consurget
1249 2087 1347 2125 gens
1397 2083 1533 2112 contra

163 2137 204 2169 30
217 2139 370 2181 gentem
413 2140 448 2168 et
492 2145 656 2183 regnum
696 2133 732 2168 in
778 2145 957 2183 regnum,
1002 2140 1037 2169 et
1080 2141 1192 2169 erunt
1230 2134 1456 2182 pestilencie
1499 2141 1535 2169 et

221 2189 357 2237 fames
389 2197 424 2225 et
455 2198 689 2227 terremotus
715 2202 791 2240 per
822 2191 918 2226 loca.
952 2191 1037 2227 Hec
1064 2199 1191 2228 autem
1221 2192 1347 2228 omnia
1378 2192 1532 2228 inicium

219 2255 306 2283 sunt
339 2248 498 2284 doloris.

279 2306 407 2353 Super
430 2318 509 2354 quo
532 2307 789 2353 Jeronymus:
830 2306 923 2342 Cum
959 2319 1056 2358 ergo
1089 2307 1158 2343 hec
1177 2307 1278 2357 fieri
1308 2307 1532 2353 viderimus,
1616 2314 1752 2341 Jerome:

221 2375 294 2398 non
336 2371 517 2412 putemus
563 2364 660 2400 diem
706 2364 852 2401 instare
896 2365 1028 2400 indicii
1062 2366 1131 2401 sed
1171 2365 1206 2401 in
1246 2373 1396 2415 tempus
1436 2366 1534 2401 illud

290 2528 315 2547 2.
337 2521 454 2548 Codd.:
478 2521 724 2548 introducebant.
797 2522 820 2549 5.
842 2523 890 2550 A:
913 2523 1106 2559 impungunt.
1181 2530 1209 2557 ς).
1230 2523 1274 2549 A:
1296 2522 1357 2550 ille.
1433 2530 1470 2550 12.
1486 2524 1514 2550 A
1533 2534 1539 2549 ε

220 2555 418 2582 subornabat.
528 2557 569 2583 16.
597 2557 643 2583 A:
665 2559 845 2592 temperant.
965 2565 1004 2591 17.
1034 2559 1078 2584 A:
1111 2557 1260 2585 Christos.
1363 2565 1401 2591 17,
1423 2557 1462 2585 18.
1494 2558 1534 2584 B:

224 2590 377 2617 Christum
402 2598 499 2626 neque
516 2591 739 2618 submittentem
759 2600 856 2627 neque
881 2591 1010 2626 aliquid,
1033 2592 1062 2618 si
1087 2592 1243 2619 submittat
1269 2592 1413 2626 quoniam
1440 2592 1533 2626 apud.

221 2624 337 2651 Textus
358 2624 407 2651 hic
427 2630 591 2660 corruptus
612 2630 666 2652 est.
696 2626 728 2653 111
753 2625 812 2661 Op.
840 2626 918 2660 Imp.
941 2626 1067 2661 legitur:
1102 2629 1146 2653 est
1170 2625 1351 2661 manifesta,
1383 2628 1533 2653 mandata

224 2659 444 2694 discipulorum
472 2660 537 2686 eius
564 2660 724 2694 implicare
755 2661 816 2688 iam
836 2668 897 2688 non
928 2664 1065 2695 poterat,
1093 2661 1150 2688 sed
1170 2661 1362 2688 submitteret
1382 2660 1534 2688 Christos.

223 2701 264 2727 ις).
294 2697 337 2720 A:
360 2696 388 2720 et
416 2694 555 2728 apostoli
571 2695 636 2721 eius
655 2695 752 2721 twice.
860 2694 902 2722 23.
930 2697 958 2722 A
978 2695 1008 2722 in
1031 2703 1143 2734 mai-gf
1171 2695 1337 2723 lohannes.
1439 2696 1485 2722 26.
1507 2697 1535 2722 A

223 2728 253 2754 in
275 2736 388 2762 marg.:
420 2728 458 2755 B:
486 2737 538 2764 31.
645 2727 685 2756 31.
716 2730 754 2757 B:
782 2730 886 2757 inicia.
995 2729 1038 2757 33.
1070 2731 1099 2757 A
1131 2738 1161 2756 ln
1191 2738 1306 2764 marg.:
1339 2729 1533 2764 Jeronymus.

223 2761 271 2795 34.
292 2764 339 2789 A:
361 2766 476 2798 tempus
495 2763 592 2790 aliud.

296 2846 348 2884 34.
376 2845 494 2876 Matth.
521 2846 639 2885 XXIV,
666 2845 766 2877 6—8.
796 2847 934 2877 Comm.
961 2847 993 2877 in
1023 2846 1140 2877 Matth.
1168 2846 1188 2878 l.
1216 2857 1243 2877 c.
1270 2857 1302 2888 p.
1335 2849 1405 2890 193.

1377 2903 1397 2935 S
