1986 3289
191 206 279 234 CAP.
301 198 452 252 xmuh]
571 211 629 242 DE
657 211 972 243 ANTICHRISTO
1002 213 1085 243 ΜΒ.
1113 213 1134 243 1.

190 317 258 352 sed
291 316 377 362 plus
400 317 528 363 obest3
559 325 596 352 et
629 318 701 352 hec
731 317 906 353 creditur
936 330 1017 354 esse
1042 318 1151 355 racio
1175 332 1297 367 quare
1321 320 1501 357 christia—

190 373 342 409 nismus
387 373 426 409 in
471 373 616 410 talibus
652 375 1004 421 persecucionibus
1048 376 1170 412 seculi
1216 386 1252 413 et
1285 378 1371 414 aliis
1397 391 1501 414 mor—

189 431 293 467 tibus
325 431 380 467 sic
412 431 588 479 punitur.
641 434 688 468 Et
732 445 821 468 cum
857 442 1015 480 oportet
1061 434 1198 470 omnia
1237 436 1308 471 hec
1342 437 1447 472 dona
1480 450 1500 472 a

191 491 272 525 Deo
305 490 522 536 procedere
567 499 603 525 et
649 503 729 525 non
763 499 819 526 est
853 491 1027 527 medium
1063 493 1112 528 ad
1146 492 1444 540 impetrandum
1479 507 1501 530 a

158 549 272 582 §Deo
306 547 345 582 in
377 547 452 583 hoc
485 546 730 583 adiutorium
766 547 840 584 nisi
879 549 938 585 vel
972 562 1015 585 ex
1044 549 1237 597 dignitate
1270 551 1407 598 populi
1441 553 1501 587 vel

190 617 233 640 ex
265 604 458 652 dignitate
481 604 711 641 huiusmodi
743 606 976 651 sacerdotis,
1010 607 1166 643 videtur
1199 610 1305 655 quod
1339 621 1500 645 necesse

189 671 247 698 est
282 662 630 710 perturbacionem
665 672 701 699 et
741 664 874 711 gracie
907 664 1165 713 caritatisque
1199 666 1425 702 carenciam
1458 667 1500 702 in

187 721 338 768 populo
370 719 555 756 residere.

247 779 360 814 Unde
393 778 615 814 catholicus
638 791 864 826 supponere
898 789 1027 827 potest
1067 780 1151 816 sine
1174 781 1356 828 periculo
1389 783 1497 829 quod

135 836 436 884 1oprelatorum
471 837 531 872 vel
563 838 816 872 sacerdotum
842 837 1025 885 nequicia
1061 847 1117 874 est
1149 838 1189 874 in
1222 851 1342 875 causa
1375 852 1499 887 quare

186 895 358 942 populus
381 907 402 930 a
426 895 509 930 Deo
542 894 660 931 hodie
692 894 748 931 sic
771 895 947 942 punitur.
982 898 1030 932 Et
1063 896 1102 931 in
1134 896 1208 933 isto
1238 897 1500 933 consenciunt

188 951 376 988 Saraceni
422 960 459 988 et
503 951 569 988 alii
613 953 794 999 ydolatre
833 952 1015 989 infideles
1060 966 1132 990 nec
1180 955 1310 991 sciunt
1355 955 1499 1003 prelati

186 1009 311 1046 nostri
357 1011 501 1046 docere
535 1010 766 1058 oppositum
813 1010 914 1047 sicut
957 1024 1031 1048 nec
1075 1011 1209 1048 sciunt
1253 1015 1361 1061 quod
1394 1015 1499 1049 Deus

186 1067 297 1104 audit
330 1076 367 1104 et
398 1068 572 1115 complet
619 1068 817 1116 promissa
861 1069 900 1104 in
934 1069 1189 1106 oracionibus
1231 1080 1267 1106 et
1299 1070 1498 1118 suffragiis

134 1132 263 1173 15que
295 1125 538 1173 promittunt
571 1126 746 1162 ecclesie.
793 1125 904 1163 Sicut
949 1127 1054 1163 enirn
1088 1128 1175 1164 falsi
1209 1128 1313 1176 magi
1346 1129 1497 1176 promi-

185 1192 322 1219 serunt
366 1185 532 1220 seducto
576 1185 727 1232 populo
773 1186 880 1232 quod
914 1184 1066 1221 amicus
1105 1198 1197 1222 suus
1234 1195 1416 1222 mortuus
1449 1186 1498 1222 sit

186 1241 401 1277 translatus
435 1242 484 1277 ad
532 1243 640 1287 deos,
687 1241 742 1278 sic
775 1251 942 1289 possunt
988 1243 1169 1279 moderni
1209 1252 1369 1291 satrape
1401 1244 1497 1280 false

186 1298 334 1346 fingere
367 1300 474 1347 quod
498 1302 602 1336 Deus
636 1299 849 1347 complevit
871 1313 983 1336 suam
1009 1301 1269 1347 sentenciam,
1302 1301 1394 1338 licet
1416 1314 1497 1338 non

185 1356 233 1392 sit
268 1356 472 1393 evidencia
504 1358 564 1393 vel
597 1357 705 1394 racio
739 1359 846 1405 quod
880 1359 986 1394 Deus
1019 1357 1075 1394 sic
1108 1358 1240 1395 faciat.

130 1431 169 1451 20
244 1416 359 1451 Unde
387 1414 537 1451 dictum
572 1424 629 1451 est
662 1415 833 1452 fideliter
865 1417 972 1464 quod
1008 1416 1201 1464 fingentes
1225 1418 1273 1453 de
1296 1419 1379 1452 Deo
1413 1417 1496 1453 sine

185 1471 455 1520 inspiracione
500 1482 536 1509 et
580 1472 664 1510 sine
704 1473 865 1510 racione
908 1473 1106 1521 scripture
1150 1476 1257 1522 quod
1291 1477 1397 1510 Deus
1441 1475 1496 1511 sic

185 1529 304 1566 faciat
348 1530 622 1567 antichristive
667 1543 707 1567 se
739 1531 846 1579 ipsos
891 1531 1155 1579 magnificant
1199 1544 1320 1580 supra
1352 1534 1495 1577 Deum,

184 1587 278 1635 quia
323 1587 460 1625 dicunt
503 1601 543 1624 se
587 1588 687 1625 scire
731 1591 839 1637 quod
888 1591 992 1626 Deus
1035 1589 1161 1626 nescit
1205 1599 1242 1626 et
1287 1590 1424 1626 dicunt
1456 1603 1496 1626 se

185 1657 326 1693 cogere
359 1648 486 1682 Deum
533 1647 664 1683 facere
708 1649 816 1695 quod
850 1647 963 1684 aliter
994 1647 1069 1683 nisi
1103 1660 1173 1695 per
1216 1648 1314 1684 istos
1362 1649 1496 1684 hostes

129 1710 167 1740 25
185 1703 257 1739 Dei
290 1705 395 1740 Deus
427 1717 508 1740 non
540 1705 699 1741 faceret.
734 1706 811 1741 Sed
845 1704 912 1741 ubi
947 1704 1074 1742 maior
1106 1705 1380 1753 blasphemia?

242 1760 403 1798 Utinam
450 1774 544 1810 ergo
596 1763 749 1799 seducti
800 1775 870 1810 per
914 1763 1011 1799 tales
1055 1771 1238 1811 satrapas
1282 1763 1376 1811 ipsis
1416 1776 1494 1799 non

184 1820 390 1856 crederent
422 1819 497 1856 nisi
530 1819 605 1868 ipsi
637 1829 795 1868 satrape
840 1822 1029 1857 docerent
1062 1822 1169 1869 quod
1213 1821 1389 1858 referunt
1432 1833 1494 1857 ra-

185 1876 298 1913 cione
331 1876 409 1913 fide
440 1878 501 1914 vel
525 1878 785 1925 experiencia,
820 1887 856 1914 et
889 1878 945 1915 sic
977 1878 1145 1926 perfidia
1169 1878 1322 1915 seducti
1355 1879 1494 1926 populi

185 1944 241 1970 est
265 1934 494 1982 parcialiter
526 1935 565 1971 in
599 1948 718 1972 causa
750 1948 874 1984 quare
906 1945 965 1972 tot
987 1936 1247 1973 seducciones
1279 1936 1320 1973 in
1342 1938 1493 1985 populo

128 1998 167 2029 30
185 1993 304 2028 modo
337 2002 516 2029 currunt.

240 2051 353 2087 Unde
406 2050 576 2087 finaliter
620 2052 798 2088 solebam
832 2051 963 2088 dicere
1007 2052 1177 2088 tacendo
1217 2053 1323 2100 quod
1371 2051 1492 2088 michi

181 2108 338 2144 videtur
380 2108 421 2145 in
461 2109 534 2145 hac
567 2118 679 2156 parte
712 2110 918 2157 probabile
963 2111 1072 2157 quod
1105 2109 1200 2146 talia
1239 2110 1437 2157 promissa
1470 2122 1491 2146 a

181 2166 336 2213 prelato
379 2166 530 2203 cesario
568 2179 649 2203 non
682 2176 773 2203 sunt
805 2167 914 2206 fides.
958 2169 1039 2203 Nec
1083 2168 1211 2203 habeo
1246 2167 1489 2204 evidenciam

182 2223 267 2271 ipsa
306 2236 482 2260 asserere
514 2233 723 2273 tamquam
761 2237 872 2271 vera3
918 2225 1008 2261 ideo
1048 2238 1097 2261 ne
1136 2237 1298 2273 peccem
1352 2234 1492 2261 contra

126 2286 164 2318 35
182 2281 253 2317 Dei
284 2282 530 2318 voluntatem
560 2291 677 2330 atque
710 2282 919 2329 iudicium,
952 2295 1033 2319 non
1066 2285 1196 2319 audeo
1228 2295 1404 2319 asserere
1437 2283 1492 2319 ita

182 2351 277 2378 esse.
311 2341 359 2375 Et
391 2352 527 2376 sensus
560 2340 632 2376 iste
665 2340 820 2376 videtur
853 2353 935 2376 esse
959 2340 1193 2386 catholicus,
1228 2353 1317 2377 cum
1351 2353 1491 2377 secun-

181 2398 276 2432 dum
309 2398 575 2445 Augustinum
600 2410 719 2434 nemo
752 2408 881 2446 potest
913 2400 1074 2435 credere
1105 2398 1181 2434 nisi
1213 2399 1363 2435 volens.
1398 2400 1489 2434 Ideo

181 2455 281 2491 foret
325 2454 443 2491 nimis
488 2456 654 2492 stultum
700 2465 737 2492 et
780 2456 939 2492 infidele
984 2456 1182 2504 prelatum
1233 2455 1307 2492 niti
1348 2468 1489 2503 cogere

181 2525 293 2549 suum
339 2513 541 2548 subditum
586 2522 628 2549 ut
660 2514 736 2550 hoc
768 2515 917 2558 credat,
963 2526 1052 2550 cum
1094 2526 1175 2550 non
1218 2514 1337 2550 habet
1369 2514 1488 2549 fidem

121 2588 164 2618 40
180 2570 240 2606 vel
274 2569 475 2607 racionem
508 2571 568 2607 vel
598 2570 844 2608 evidenciam
878 2571 932 2607 ita
967 2583 1062 2608 esse.
1111 2573 1159 2607 Et
1192 2572 1267 2607 hoc
1300 2571 1400 2607 foret
1432 2580 1484 2618 ty-

181 2627 288 2664 riaca
320 2640 368 2664 ne
392 2629 564 2676 populus
592 2628 759 2665 stolidus
781 2628 995 2665 infideliter
1028 2637 1161 2665 currat
1192 2630 1242 2665 ad
1266 2631 1487 2666 Romanam

246 2840 292 2859 20.
315 2833 357 2859 A:
379 2831 443 2859 Deo
463 2841 520 2859 suz.
610 2840 662 2865 40.
684 2834 728 2859 A:
750 2833 793 2859 ita
816 2832 909 2859 deest.

1716 221 1788 256 ¹77

1521 778 1588 805 The
1610 780 1718 813 people
1738 788 1788 806 are

1539 813 1690 847 punished
1712 814 1760 841 for

1520 848 1570 874 the
1592 847 1782 875 wicltcdness

1532 882 1566 909 of
1583 883 1632 910 the
1653 883 1769 918 priests.

1541 2057 1601 2085 We
1622 2066 1672 2085 are
1693 2064 1746 2087 not

1565 2093 1669 2120 bound
1691 2098 1721 2120 to

1550 2127 1665 2154 believe
1685 2128 1734 2155 the

1542 2162 1695 2197 promises
1715 2163 1750 2191 of

1570 2196 1721 2225 Cesarean

1576 2232 1716 2266 prelates.
