1986 3289
183 188 257 235 196
774 193 891 224 OPUS
918 192 1253 223 EVANGELICUM
1284 192 1366 223 LIB.
1394 193 1447 223 III.
1577 179 1683 233 [CAP-
1704 189 1778 217 LIII.

467 299 682 335 benevolus
707 308 743 334 et
769 301 873 334 Deus
906 311 949 334 ex
982 297 1283 345 omnipotencia
1316 310 1386 334 sua
1419 298 1578 334 ordinat
1609 297 1665 334 ita
1688 310 1783 341 esse,

466 356 719 393 concluditur
767 356 950 392 fidelibus
997 355 1200 392 evidenter
1243 357 1352 403 quod
1385 355 1527 392 melius
1574 365 1630 392 est
1664 356 1786 392 eccle-

466 415 565 451 siam
599 426 684 450 esse
716 414 756 450 in
788 413 857 450 tali
891 413 1163 450 alternacione
1204 425 1324 461 quarn
1358 413 1444 450 sine
1477 413 1611 461 aliqua
1643 426 1783 461 repug-

465 471 609 508 nancia
643 484 836 519 prospere
870 470 1055 507 militare.
1104 471 1214 507 Sicut
1246 471 1350 507 enim
1397 471 1543 507 milites
1576 484 1619 507 ex
1651 484 1786 519 pugna

467 530 541 566 sibi
576 529 896 577 repugnancium
922 538 1097 577 querunt
1130 538 1167 565 et
1200 528 1254 565 ita
1288 528 1432 565 milites
1466 529 1683 565 adversarii
1716 537 1818 576 perf,

467 587 653 624 accidens
687 596 855 635 prosunt
901 586 990 632 illis,
1037 586 1092 623 sic
1126 586 1320 623 exercitus
1365 586 1514 623 diaboli
1548 588 1710 634 prodest
1744 599 1787 623 ex

468 645 541 681 Dei
575 645 710 693 gracia
744 644 909 681 ecclesie
932 644 1136 689 militanti,
1172 653 1208 680 et
1241 644 1296 681 sic
1328 656 1419 681 vere
1452 643 1548 681 dicit
1569 645 1786 692 Apostolus

468 697 576 751 quod
609 702 889 750 predestinatis
934 703 1150 739 timentibus
1183 703 1307 738 Deum
1357 703 1483 738 omnia
1529 709 1788 752 cooperantur

468 762 504 796 in
538 761 689 796 bonum.

205 813 443 877 fxviiilffuoeill
527 820 575 854 Et
608 819 656 854 ad
701 819 806 854 hunc
851 830 1009 854 sensum
1046 819 1162 854 docet
1196 816 1377 853 Christus
1421 816 1588 853 Matthei
1626 818 1689 862 VI,
1740 825 1846 855 1010

182 858 200 885 p
239 871 277 911 bc
298 857 387 911 dmie.
468 889 581 912 suam
616 876 825 912 ecclesiam
859 888 974 912 orare
1014 875 1054 911 in
1087 875 1287 923 peticione
1320 874 1443 911 tercia
1477 876 1638 923 quando
1672 874 1786 911 dicit:

467 934 556 970 Fiat
590 934 767 970 voluntas
799 942 877 980 tua,
923 934 1021 970 sicut
1053 934 1088 969 in
1123 934 1203 970 celo
1237 940 1271 969 et
1303 933 1338 968 in
1371 940 1493 971 terra.
1542 935 1590 969 Et
1623 941 1789 981 propter

470 992 587 1028 istam
635 1004 797 1028 causam
843 991 979 1027 fideles
1012 1004 1093 1028 non
1128 1000 1267 1028 contra
1299 993 1426 1027 Deum
1473 999 1788 1038 remurmurant,

469 1051 537 1086 sed
570 1049 775 1097 pacienter
807 1058 845 1086 et
878 1051 1100 1097 gaudenter
1132 1057 1343 1097 acceptant
1366 1061 1486 1085 omne
1519 1050 1627 1097 quod
1661 1048 1790 1085 evenit

468 1107 637 1144 scientes
682 1108 790 1156 quod
834 1107 940 1143 istud
987 1108 1047 1143 vel
1080 1109 1229 1143 bonum
1276 1119 1319 1143 ex
1351 1106 1419 1143 illo
1464 1116 1521 1143 est
1561 1119 1583 1143 a
1615 1106 1845 1143 Domin015

469 1165 714 1202 ordinatum.
764 1167 812 1201 Et
845 1165 898 1202 ita
945 1165 1094 1201 heresis
1128 1174 1164 1200 et
1198 1164 1388 1201 scismata
1419 1164 1655 1201 Antichristi
1689 1165 1790 1200 rnul-

470 1233 555 1260 turn
590 1232 759 1271 prosunt
784 1223 947 1259 ecclesie
981 1232 1017 1259 et
1049 1223 1277 1271 specialiter
1299 1222 1376 1258 illis
1409 1222 1475 1270 qui
1500 1231 1606 1259 stant
1638 1222 1678 1258 in
1711 1222 1788 1259 fide

470 1281 638 1318 viriliter
672 1290 810 1317 contra
843 1280 969 1317 illum.

197 1334 430 1402 HJtChajffissffiee}
529 1341 577 1374 Et
608 1339 662 1375 ita
696 1347 840 1374 notant
874 1338 1009 1374 fideles
1054 1339 1259 1386 quomodo
1293 1337 1522 1374 notabiliter
1554 1338 1593 1374 in
1635 1338 1790 1374 casibus

247 1405 284 1441 by
304 1404 390 1432 facts.
471 1405 644 1445 quatuor
677 1396 905 1433 verificatur
949 1396 1024 1433 ista
1068 1396 1165 1432 fides
1204 1395 1401 1444 Apostoli,
1454 1395 1584 1443 primo
1617 1397 1665 1432 de
1698 1408 1789 1432 casu
1806 1409 1847 1429 20

473 1454 637 1497 diaboli,
684 1455 860 1490 secundo
906 1454 945 1490 in
991 1463 1157 1502 peccato
1202 1453 1323 1502 primi
1357 1453 1544 1500 hominis,
1597 1453 1720 1490 tercio
1752 1454 1792 1490 in

471 1521 636 1560 peccato
689 1525 761 1560 pro
814 1521 995 1560 tempore
1048 1511 1180 1560 gracie
1231 1521 1267 1548 et
1312 1520 1456 1559 quarto
1502 1513 1549 1547 de
1599 1511 1792 1549 divisione

474 1569 615 1618 capitis
648 1569 899 1606 Antichristi.
947 1569 1024 1606 Alii
1059 1579 1190 1606 autem
1225 1582 1339 1606 casus
1369 1569 1440 1617 qui
1473 1579 1662 1606 venerant
1693 1579 1791 1606 tem—

473 1640 571 1676 pore
604 1637 695 1664 ante
728 1629 870 1675 legem,
915 1637 1098 1676 tempore
1143 1629 1215 1663 sub
1259 1628 1344 1675 lege
1379 1636 1414 1662 et
1447 1636 1628 1675 tempore
1660 1627 1791 1675 gracie

474 1687 640 1721 multum
668 1686 903 1733 profuerunt
936 1685 1113 1730 ecclesie,
1147 1687 1215 1721 sed
1239 1685 1463 1721 declaracio
1495 1684 1660 1721 istorum
1695 1688 1847 1734 qua—25

474 1753 565 1780 tuor
597 1743 743 1779 sufficit
776 1756 849 1791 pro
882 1743 1069 1791 presenti.
1115 1745 1163 1779 Et
1195 1752 1324 1779 toturn
1358 1744 1433 1779 hoc
1473 1742 1687 1779 confirmat
1721 1743 1791 1779 Dei

473 1801 574 1837 filios
618 1803 667 1837 ad
712 1800 916 1837 humiliter
963 1801 1201 1849 paciendum
1245 1810 1281 1837 et
1325 1800 1489 1837 viriliter
1527 1802 1790 1848 operandum.

474 1860 565 1895 Ideo
598 1858 653 1894 illi
687 1858 755 1906 qui
790 1858 985 1906 replicant
1015 1868 1155 1895 contra
1189 1860 1264 1895 hoc
1296 1858 1502 1895 veritatem
1541 1858 1632 1894 fidei
1665 1859 1790 1894 onmia

474 1929 544 1965 que
583 1917 752 1952 evenient
798 1917 844 1952 de
887 1918 1108 1953 necessitate
1141 1917 1311 1953 evenient
1355 1916 1394 1952 in
1427 1929 1571 1952 vanum
1607 1917 1791 1953 laborant

475 1974 665 2010 contrarii
710 1974 784 2010 sibi
841 1973 950 2022 ipsis.
1005 1976 1110 2010 Deus
1155 1974 1259 2010 enim
1313 1974 1541 2011 eternaliter
1592 1974 1792 2010 ordinavit
1808 1978 1849 2009 30

476 2041 640 2068 eventus
686 2032 840 2068 futuros
885 2034 1097 2068 succedere
1136 2045 1235 2080 quos
1280 2041 1438 2080 oportet
1483 2032 1612 2080 ipsum
1647 2032 1687 2067 in
1721 2044 1791 2068 suo

475 2089 615 2126 ordine
648 2089 883 2137 adimplere.

204 2142 445 2204 Calsvesslgfgssglssm
534 2149 626 2183 Ideo
659 2157 816 2184 notaret
861 2148 988 2184 fidelis
1033 2149 1237 2195 quomodo
1270 2148 1487 2183 secundum
1537 2147 1792 2184 condiciones

218 2213 265 2239 me
286 2218 432 2249 common
478 2205 656 2241 caritatis
690 2218 788 2253 quas
822 2205 1006 2253 exprimit
1030 2206 1244 2253 Apostolus
1275 2206 1287 2240 Ι
1317 2206 1409 2241 Cor.
1432 2206 1515 2240 XIII
1550 2206 1672 2241 homo
1704 2205 1792 2252 plus

201 2243 445 2308 goggrtgzssvnntor
477 2264 698 2311 gaudenter
745 2263 927 2309 diligeret
978 2264 1127 2299 bonum
1170 2262 1422 2299 communius
1474 2276 1594 2310 quarn
1642 2265 1789 2299 bonum
1808 2269 1848 2301 35

481 2321 680 2368 privatum
726 2330 761 2356 et
807 2320 862 2357 sic
907 2322 1097 2368 gauderet
1146 2322 1193 2356 de
1226 2320 1309 2356 istis
1344 2320 1561 2366 eventibus,
1625 2333 1714 2357 cum
1749 2332 1792 2356 ex

480 2378 571 2414 fidei
603 2378 811 2426 principiis
844 2380 1063 2415 succedunt
1096 2380 1145 2414 ad
1170 2380 1318 2414 bonum
1351 2377 1479 2414 tocius
1513 2378 1677 2414 ecclesie
1710 2390 1792 2414 ma-

480 2436 550 2471 tris
583 2444 730 2474 nostre.
784 2437 873 2472 Non
927 2436 1149 2484 cogitemus
1194 2436 1314 2484 igitur
1358 2435 1510 2472 solicite
1563 2436 1658 2484 quid
1690 2436 1791 2472 foret

478 2493 592 2530 nobis
640 2494 735 2529 utile
787 2502 854 2530 aut
887 2494 1132 2530 delectabilis
1177 2494 1392 2542 appetitus,
1444 2495 1512 2530 sed
1545 2493 1639 2542 quid
1689 2494 1792 2530 foret

550 2678 573 2705 5.
595 2679 639 2705 A:
663 2681 813 2713 querunt:
834 2679 873 2705 ita
895 2679 980 2712 cod.;
1003 2679 1096 2706 adde:
1117 2679 1263 2715 gloriam.
1364 2687 1408 2711 27.
1441 2680 1469 2706 A
1500 2679 1529 2706 in
1563 2686 1677 2717 marg:
1709 2678 1792 2714 quod

482 2713 586 2739 omnia
616 2721 673 2748 que
693 2713 831 2740 evenient
857 2713 893 2740 de
912 2714 1090 2740 necessitate
1109 2713 1258 2741 evenient.
1348 2712 1389 2741 35,
1412 2714 1455 2740 A:
1477 2721 1567 2748 quam
1585 2718 1684 2740 tW1ce.

557 2807 605 2826 10.
634 2796 734 2827 Rom.
762 2796 847 2835 VIII,
876 2796 928 2827 28.
1003 2798 1055 2837 34.
1083 2797 1105 2827 Ι.
1133 2797 1211 2827 Cor.
1237 2797 1324 2836 XIII,
1349 2798 1450 2837 4-8.
