1986 3289
184 180 203 205 tx)

212 168 234 205 00

242 179 261 205 to

214 753 297 788 Why
320 753 425 782 Christ

196 789 350 816 mentions
370 789 441 824 only

246 823 349 851 works
370 824 405 851 of

205 858 308 893 bodily
328 866 440 893 mcrcy.

264 2255 396 2283 Jeromc.

789 177 906 208 OPUS
932 176 1266 208 EVANGELICUM
1295 177 1377 207 LIB.
1406 177 1458 207 ΙΙΙ.
1513 163 1619 220 [CAP-
1641 174 1777 201 LXXlV.

469 285 588 320 verba
622 292 748 319 textus
782 292 872 319 sunt
905 284 956 319 ad
988 295 1148 318 sensum
1183 282 1425 319 catholicum
1460 283 1705 326 annotanda,
1738 290 1780 318 ut

470 342 601 390 primo
653 350 768 377 vocat
815 341 997 377 Christus
1042 340 1335 388 predestinatos
1380 340 1610 376 benedictos
1655 339 1779 387 patris

472 400 532 436 sui
566 412 665 448 quos
699 398 738 434 in
771 398 1095 446 predestinancia
1128 398 1360 445 designavit,
1405 398 1610 446 possidere
1644 406 1778 433 autem

472 457 567 494 dicit
612 466 703 505 post
746 456 1055 493 tribulacionem
1108 456 1324 492 sessionem
1366 456 1542 504 quietam
1575 455 1616 491 in
1648 455 1779 503 patria

473 529 562 552 cum
598 514 737 551 beatis.
786 514 891 551 Situs
944 522 1078 550 autem
1114 514 1336 562 corporalis
1383 514 1493 562 regni
1540 514 1718 549 celorum
1758 517 1812 549 a5

473 572 613 610 mundi
647 572 800 620 origine
834 581 890 608 est
923 581 1098 620 paratus,
1145 572 1247 609 sicut
1282 581 1318 608 et
1351 572 1558 608 beatitudo
1592 580 1629 607 et
1661 572 1780 606 bean-

474 634 616 668 dorum
640 630 796 667 locacio
828 630 869 666 in
902 630 1040 666 mundi
1073 629 1272 678 principio
1304 630 1344 666 in
1368 629 1440 666 Dei
1473 627 1782 678 preordinancia

474 690 737 738 parabantur.

533 749 665 793 Quare
713 755 845 783 autem
882 746 1062 782 Christus
1103 746 1166 782 hic
1219 745 1389 794 explicat
1434 745 1508 781 ista
1553 757 1616 781 sex
1661 756 1783 791 opera

475 805 694 853 corporalis
728 803 1015 849 misericordie,
1063 817 1151 840 cum
1187 803 1343 840 brevius
1377 812 1510 851 posset
1543 802 1675 839 dicere
1707 801 1784 838 alia
1805 818 1842 838 10

476 863 658 909 meliora,
694 862 771 898 dici
804 871 939 910 posset
973 861 1169 898 catholice
1203 863 1309 910 quod
1344 861 1419 897 ista
1453 869 1544 897 sunt
1577 861 1665 909 plus
1698 872 1784 895 sen-

475 921 605 957 sibilia
640 929 676 957 et
710 921 757 956 de
791 919 967 956 sensibili
998 933 1043 956 ac
1068 919 1269 967 corporali
1293 919 1441 956 iudicio
1465 919 1528 955 hic
1551 925 1783 966 pertractat.

473 979 561 1015 Alia
601 987 733 1015 autem
775 990 898 1026 opera
937 977 1181 1014 insensibilia
1221 976 1585 1026 predestinatorum
1627 984 1664 1012 et
1696 988 1786 1023 pre-

475 1037 665 1074 scitorum
707 1045 822 1073 erunt
866 1035 960 1072 satis
994 1036 1034 1071 in
1078 1035 1211 1072 anima
1245 1035 1299 1071 eis
1339 1044 1445 1073 nota.
1499 1036 1545 1070 Et
1579 1047 1667 1071 cum
1702 1042 1787 1070 tota

475 1095 549 1131 ista
583 1094 770 1131 invitacio
805 1102 841 1130 et
874 1093 1121 1142 glorificacio
1154 1093 1198 1130 fit
1230 1106 1272 1129 ex
1307 1092 1453 1129 Christi
1495 1091 1783 1135 misericordia,
1808 1096 1842 1128 15

475 1153 678 1201 signanter
722 1152 796 1189 ista
829 1164 892 1188 sex
937 1164 1059 1200 opera
1113 1151 1332 1199 corporalis
1379 1150 1652 1187 misericordie
1685 1149 1785 1185 reci-

475 1220 622 1249 tantur.
646 1214 727 1247 Nec
750 1210 1012 1247 sollicitemur
1034 1211 1239 1258 quomodo
1262 1218 1397 1245 tantus
1420 1208 1785 1257 predestinatorum

477 1269 672 1306 exercitus
705 1281 775 1317 per
818 1277 973 1304 tantam
1008 1267 1244 1304 distanciam
1279 1267 1415 1303 audiet
1452 1279 1591 1303 vocem
1625 1264 1785 1310 Christi,

478 1340 567 1364 cum
612 1326 728 1363 facile
761 1326 810 1362 sit
844 1325 1004 1362 Christo
1038 1327 1097 1362 vel
1129 1325 1392 1373 spiritualiter
1429 1325 1490 1361 vel
1524 1322 1788 1372 corporaliter

478 1398 548 1434 per
594 1393 949 1433 quantamcunque
1006 1383 1243 1420 distanciam
1284 1383 1454 1419 voluerit
1507 1380 1787 1430 predestinatis
1805 1394 1845 1415 20

478 1444 596 1480 istam
630 1442 877 1480 sentenciam
912 1442 1122 1489 explicare.

536 1500 726 1549 Sequitur
758 1500 798 1536 in
830 1509 956 1536 textu:
997 1501 1100 1536 Tunc
1123 1500 1221 1536 dicet
1245 1511 1319 1535 rex
1341 1507 1376 1535 et
1403 1499 1475 1534 liiis
1497 1498 1559 1547 qui
1579 1510 1601 1533 a
1622 1496 1790 1533 sinistris

478 1560 557 1595 eius
590 1566 722 1594 erunt.-
753 1559 950 1594 Discedite
980 1571 1002 1593 a
1034 1570 1095 1594 me
1132 1557 1328 1593 maledicti
1362 1557 1398 1592 in
1442 1557 1568 1606 ignem
1602 1562 1789 1600 eternum,

479 1618 542 1666 qui
568 1624 808 1666 preparatus
840 1624 896 1652 est
929 1616 1080 1652 diabolo
1113 1623 1147 1651 et
1178 1615 1329 1666 angelis
1361 1615 1452 1650 eius.
1499 1613 1662 1649 Esurivi
1691 1612 1788 1648 enim

480 1683 514 1711 et
546 1687 618 1711 non
652 1675 811 1711 dedistis
848 1674 966 1710 michi
1002 1674 1253 1720 manducare,
1295 1673 1400 1709 sitivi
1442 1679 1476 1708 et
1520 1684 1592 1707 non
1632 1670 1790 1706 dedistis
1805 1675 1845 1707 25

481 1733 598 1769 michi
629 1733 783 1777 hibere,-
832 1733 970 1781 hospes
1002 1744 1108 1768 eram
1142 1739 1177 1767 et
1208 1743 1280 1767 non
1313 1730 1524 1781 collegistis
1556 1741 1627 1774 me,
1667 1728 1791 1764 nudus

480 1799 515 1827 et
547 1803 619 1827 non
669 1790 921 1840 cooperuistis
965 1803 1037 1834 nze,
1083 1789 1259 1839 infirmus
1302 1796 1336 1824 et
1379 1789 1414 1823 in
1448 1799 1606 1824 carcere
1648 1794 1684 1821 et
1715 1797 1787 1821 non

481 1849 664 1885 visitastis
709 1861 779 1884 me.
847 1849 950 1883 Tunc
1001 1848 1284 1897 respondebunt
1327 1847 1361 1881 ei
1405 1853 1440 1882 et
1484 1845 1559 1894 ipsi
1603 1844 1790 1880 dicentes:

480 1907 646 1942 Domine
678 1907 829 1955 quando
862 1906 1027 1941 vidimus
1065 1913 1101 1941 te
1133 1905 1360 1941 esurientem
1401 1911 1466 1939 aut
1497 1903 1691 1939 sicientem
1725 1908 1789 1936 aut

481 1965 666 2014 hospitem
700 1972 765 2000 aut
797 1965 939 1999 nudum
973 1971 1037 1998 aut
1070 1963 1264 2013 infirmum
1300 1963 1360 1998 vel
1391 1962 1426 1997 in
1459 1972 1618 1997 carcere
1650 1966 1684 1995 et
1717 1965 1848 1996 7101130

481 2022 785 2059 ministravimus
817 2022 912 2058 tibi?
954 2023 1055 2057 Tunc
1088 2021 1333 2070 respondebit
1363 2020 1439 2055 illis
1472 2019 1620 2054 dicens.-
1670 2018 1790 2052 Amen

481 2081 565 2117 dico
590 2080 706 2129 vohis,
730 2080 910 2128 quamdiu
934 2092 1006 2115 non
1028 2079 1183 2126 fecistis
1205 2078 1270 2114 uni
1292 2079 1338 2114 de
1361 2077 1572 2113 minoribus
1604 2076 1689 2124 hiis,
1724 2086 1789 2109 nec

480 2138 597 2174 michi
618 2138 785 2186 fecistis.
832 2138 883 2173 Et
915 2137 1019 2173 ibunt
1052 2137 1105 2172 lzii
1135 2136 1171 2172 in
1203 2136 1433 2185 supplicium
1468 2142 1655 2183 eternum,
1700 2131 1791 2167 iusti

480 2204 607 2232 autem
641 2196 677 2231 in
711 2196 827 2231 vitam
859 2203 1042 2231 eternam.

540 2256 667 2302 Super
700 2266 778 2301 quo
811 2255 1065 2301 Jeronyrnus:
1120 2252 1295 2287 Prudens
1341 2251 1463 2286 lector
1507 2249 1657 2285 intende
1689 2246 1790 2295 quod
1807 2254 1846 2287 35

481 2320 517 2348 et
546 2312 734 2361 supplicia
767 2319 898 2347 eterna
927 2318 1014 2347 sunt
1046 2317 1080 2346 et
1113 2310 1188 2345 vita
1218 2316 1418 2358 perpetua,
1452 2315 1591 2343 metum
1617 2305 1790 2353 deinceps

483 2382 555 2406 non
588 2370 729 2405 habeas
761 2370 975 2404 ruinarum.
1011 2369 1093 2404 Hec
1125 2369 1374 2414 jeronymus.

540 2429 667 2474 Super
701 2440 780 2474 quo
813 2435 920 2462 textu
968 2425 1178 2462 mussitare
1212 2433 1344 2472 posset
1377 2422 1599 2459 catholicus
1633 2422 1680 2457 de
1713 2419 1788 2455 ista

482 2485 690 2521 locucione
712 2487 802 2520 Jesu
835 2484 960 2520 nostri
994 2484 1033 2519 in
1058 2483 1167 2519 finali
1192 2482 1341 2518 iudicio
1374 2490 1506 2517 utrum
1542 2479 1615 2516 erit
1647 2490 1788 2525 corpo—

483 2542 575 2579 ralis
608 2543 667 2579 vel
701 2542 884 2578 mentalis
918 2542 1088 2579 formata
1121 2540 1160 2576 in
1193 2553 1283 2577 aere
1315 2540 1375 2575 vel
1406 2539 1533 2575 solum
1568 2537 1607 2573 in
1642 2544 1784 2572 mente.
1802 2553 1847 2583 40

553 2696 597 2719 21-
620 2689 659 2714 A:
681 2688 805 2714 diaholo
826 2687 921 2714 twice.
1008 2686 1052 2713 28.
1074 2687 1116 2713 A:
1139 2684 1365 2720 respondebunt
1382 2683 1444 2710 illis
1463 2683 1608 2710 dicentes.
1699 2680 1740 2708 35.
1762 2680 1789 2707 A

484 2722 511 2748 iu
536 2731 647 2756 marga
668 2723 858 2756 ,leronymus
951 2720 993 2747 ¹³8.
1015 2723 1040 2747 A
1064 2720 1091 2747 in
1115 2728 1210 2754 marg.
1230 2719 1390 2747 JOllannes

555 2804 606 2825 22.
635 2794 754 2825 Matth.
781 2795 882 2833 XXV,
911 2792 1058 2834 41—46.
