1986 3289
172 232 191 257 2
201 231 249 267 52
777 229 895 259 OPUS
921 228 1255 259 EVANGELICUM
1285 227 1368 258 ΜΒ.
1395 227 1448 257 111.
1512 213 1619 266 [CAR
1642 220 1766 249 LXVH.

463 333 639 369 dominus
662 334 863 383 operarios
884 334 1103 383 iniquitatis,
1126 341 1161 369 et
1183 334 1269 369 licet
1292 333 1463 383 virgines
1485 332 1559 368 sint
1581 339 1615 368 et
1635 344 1767 369 secun-

460 392 548 427 dum
582 392 773 440 duplicem
819 392 1117 442 intelligenciam
1162 392 1208 426 de
1247 391 1425 439 corporis
1453 390 1625 439 puritate
1656 397 1691 426 et
1723 390 1769 425 de

459 449 698 498 consessione
730 461 820 485 vere
855 449 1078 500 glorientur
1104 448 1217 498 fidei,
1262 455 1387 484 tamen
1420 448 1506 496 quia
1539 448 1661 484 oleum
1696 460 1768 483 non

459 508 599 543 habent
641 507 813 551 sciencie,
865 507 1011 555 sufficit
1057 507 1109 542 eis
1145 519 1220 555 pro
1259 518 1359 555 pena
1392 506 1493 555 quod
1536 505 1770 555 ignorantur

459 577 480 600 a
512 577 664 614 sponso.
1788 564 1803 594 5

525 623 691 672 Vigilate
723 622 848 671 itaque
879 622 965 670 quia
1000 621 1151 658 nescitis
1184 621 1282 657 diem
1316 632 1434 670 neque
1465 621 1617 657 horam.
1670 620 1768 655 Pru-

461 681 608 716 dentem
641 692 794 729 semper
829 681 1015 716 admoneo
1049 680 1243 725 Iectorem,
1277 686 1315 714 ut
1348 691 1420 714 non
1452 691 1605 728 semper
1636 690 1769 727 super-

459 738 623 774 sticiosis
666 738 1052 787 interpretacionibus
1096 737 1311 785 acquiescat
1349 744 1384 772 et
1427 748 1497 784 que
1547 736 1772 772 commatice

454 808 530 845 pro
551 795 793 846 fingenciurn
828 795 1014 832 dicuntur
1045 795 1221 840 arbitrio,
1269 795 1337 830 sed
1368 795 1585 830 consideret
1616 794 1769 843 priora,

462 853 586 889 media
619 860 654 889 et
685 853 884 902 sequencia
908 860 942 889 et
965 859 1089 889 nectat
1110 852 1182 888 sibi
1202 852 1381 888 universa
1405 864 1475 900 que
1495 852 1638 901 scripta
1671 859 1767 887 sunt.
1793 861 1831 881 10

519 911 587 947 Ex
618 912 688 947 hoc
720 923 817 961 ergo
856 912 957 959 quod
988 911 1128 959 infert:
1175 910 1341 960 Vigilate
1372 910 1458 959 quia
1491 910 1642 946 nescitis
1674 909 1771 945 diem

463 981 580 1018 neque
612 970 765 1016 horam,
798 969 1067 1019 intelliguntur
1099 968 1278 1004 universa
1312 980 1381 1016 que
1413 967 1525 1013 dixit,
1560 968 1599 1003 id
1626 974 1695 1014 est,
1728 967 1774 1002 de

464 1027 610 1063 duobus
642 1027 705 1075 qui
736 1027 772 1062 in
816 1038 917 1077 agro
948 1034 1036 1062 sunt
1068 1033 1102 1062 et
1135 1026 1181 1062 de
1213 1026 1360 1061 duabus
1399 1025 1627 1061 molentibus
1659 1032 1695 1060 et
1727 1025 1773 1061 de

459 1085 750 1134 patrefamilias
788 1085 852 1133 qui
893 1096 1006 1120 servo
1042 1096 1111 1120 suo
1155 1084 1319 1120 credidit
1356 1083 1613 1119 substanciam
1654 1090 1689 1118 et
1728 1083 1774 1118 de

464 1143 591 1179 decem
626 1142 854 1193 virginibus,
886 1142 969 1178 ideo
997 1142 1211 1190 parabolas
1243 1153 1323 1177 esse
1349 1141 1581 1190 promissas,
1613 1147 1653 1176 ut
1685 1140 1770 1189 quia
1793 1138 1828 1170 15

464 1201 695 1252 ignoramus
738 1212 868 1236 omnes
900 1199 1031 1235 iudicii
1062 1199 1174 1246 diem,
1221 1198 1384 1235 sollicite
1415 1198 1519 1235 nobis
1551 1198 1677 1234 lumen
1709 1198 1773 1234 bo-

465 1271 602 1294 norum
636 1270 795 1307 operum
823 1269 1095 1307 preparemus,
1141 1269 1185 1293 ne
1224 1257 1312 1292 dum
1362 1257 1603 1307 ignoramus,
1656 1256 1775 1291 iudex

465 1316 602 1352 veniat.
639 1317 721 1352 Hec
753 1317 1004 1363 Jeronymus.

203 1380 426 1414 chrysostom:
524 1373 797 1410 Crisostomus
843 1382 980 1409 autem·
1027 1385 1146 1420 super
1190 1371 1265 1408 isto
1310 1380 1415 1408 textu
1467 1371 1523 1407 sic
1575 1370 1772 1419 loquitur:

202 1412 378 1477 ςοῃξζζξξῗ,
400 1449 425 1476 is
466 1432 597 1468 Nichil
623 1432 787 1481 prodest
809 1443 859 1467 ex
881 1431 1103 1467 necessitate
1126 1430 1286 1479 repetita
1309 1429 1499 1478 confessio
1521 1429 1600 1465 eius
1629 1428 1694 1477 qui
1724 1439 1775 1464 ex
1791 1437 1831 1458 20

231 1485 391 1512 valueless.
467 1490 661 1525 voluntate
693 1502 764 1525 non
797 1490 915 1525 semel
946 1489 1144 1537 confessus
1176 1495 1241 1523 est.
1298 1488 1398 1523 Nam
1433 1486 1653 1523 voluntaria
1685 1498 1772 1522 con-

469 1547 596 1595 fessio
629 1555 664 1583 et
711 1547 862 1583 modica
906 1546 1051 1596 sufficit
1084 1547 1180 1592 Deo,
1233 1557 1284 1581 ex
1321 1545 1541 1581 necessitate
1585 1556 1675 1580 vero
1708 1555 1775 1580 nec

466 1617 624 1656 magna.
664 1605 713 1640 At
745 1605 809 1641 ille
842 1604 1077 1654 respondens
1108 1604 1182 1639 ait:
1219 1603 1338 1639 Amen
1373 1603 1457 1638 dico
1490 1602 1607 1649 vobis,
1650 1602 1774 1638 nescio

468 1675 534 1699 vos
566 1663 630 1712 qui
666 1663 765 1699 estis.
823 1663 945 1712 Signa
988 1662 1148 1711 spiritus
1193 1661 1267 1698 mei
1305 1673 1377 1697 non
1423 1661 1532 1697 video
1576 1661 1611 1695 in
1656 1659 1773 1696 vobis.

467 1721 573 1757 Sicut
605 1721 701 1757 enim
745 1721 811 1770 qui
848 1720 1086 1756 immundum
1131 1719 1307 1769 spiritum
1350 1719 1473 1765 habet,
1526 1718 1623 1754 bona
1656 1729 1774 1766 opera
1791 1716 1830 1748 25

473 1779 616 1827 facere
659 1791 731 1815 non
766 1785 905 1827 potest,
951 1778 1004 1814 sic
1035 1777 1101 1827 qui
1132 1777 1318 1827 Spiritum
1365 1777 1546 1813 Sanctum
1595 1776 1775 1811 habetet

468 1849 587 1886 opera
621 1849 693 1872 non
715 1837 821 1885 facit
852 1836 969 1872 mala.
1007 1835 1218 1885 Imaginem
1252 1847 1374 1870 meam
1408 1846 1480 1870 non
1513 1845 1705 1884 cognosco
1738 1833 1773 1868 in

469 1894 585 1930 vobis.
620 1895 757 1944 Imago
789 1901 914 1930 autem
948 1905 1030 1929 mea
1063 1901 1118 1929 est
1149 1894 1302 1942 fugere
1334 1892 1477 1927 malum
1511 1899 1546 1927 et
1577 1891 1684 1940 sequi
1712 1891 1775 1926 bo-

469 1965 556 1988 num
569 1967 579 1987 .·
611 1964 679 1988 vos
710 1959 834 1988 autem
878 1958 1036 1988 econtra
1060 1951 1230 2001 fugistis
1262 1951 1398 1986 bonum
1439 1957 1475 1986 et
1506 1948 1658 1998 operati
1688 1948 1776 1984 estis

469 2010 625 2045 malum.
672 2011 757 2046 Non
797 2009 959 2059 potestis
991 2021 1164 2045 meorum
1211 2008 1373 2043 militum
1402 2007 1554 2056 premia
1601 2006 1777 2055 accipere
1792 2005 1833 2036 30

469 2068 532 2116 qui
563 2068 709 2103 tiranni
739 2067 885 2103 vexilla
912 2066 1094 2116 portatis.
1135 2067 1222 2102 Non
1250 2078 1409 2115 possum
1443 2076 1547 2101 meos
1580 2065 1708 2100 dicere
1739 2064 1774 2098 in

467 2126 602 2174 quibus
634 2125 729 2161 nihil
760 2137 883 2161 meum
917 2136 1122 2174 cognosco.
1158 2125 1241 2160 Hee
1274 2122 1561 2160 Crisostomus.

195 2190 306 2229 ,Belief
323 2190 354 2217 in
375 2190 425 2228 tlte
528 2185 580 2219 Ex
627 2182 700 2219 hiis
747 2183 861 2219 dictis
907 2182 1076 2218 istorum
1130 2189 1362 2217 sanctorum
1416 2181 1627 2216 doctorum
1683 2186 1774 2215 sunt

193 2225 438 2294 'gfogxff'aeffieff'ss
473 2241 595 2277 multa
629 2242 810 2277 notanda
844 2240 1028 2276 fidelibus
1062 2238 1182 2287 digna
1216 2237 1423 2275 memoria.
1470 2237 1636 2274 Videtur
1669 2235 1772 2273 enim

235 2294 362 2356 ishcflss'ffi
383 2298 411 2320 Εἴ
472 2299 803 2346 chrysostomum
839 2297 1051 2345 concipere
1080 2298 1187 2345 quod
1222 2297 1341 2344 paulo
1375 2304 1466 2332 ante
1499 2295 1603 2331 diem
1639 2292 1832 2330 iudicii35

472 2358 637 2392 credant
694 2355 874 2392 homines
931 2354 1127 2391 intencius
1172 2354 1278 2390 illam
1330 2353 1435 2389 diem
1497 2365 1614 2401 quam
1670 2363 1776 2387 nunc

473 2415 658 2460 eredunt3
708 2422 744 2450 et
776 2423 869 2449 tunc
902 2421 1156 2460 augmentata
1206 2412 1281 2447 fide
1315 2413 1362 2447 de
1396 2411 1471 2447 isto
1505 2410 1675 2447 articulo
1709 2408 1775 2445 alii

473 2481 755 2508 convertentur
787 2473 835 2508 ad
861 2470 1094 2515 Dominum,
1129 2478 1293 2517 peccata
1317 2468 1508 2517 preterita
1533 2467 1777 2503 dimittentes

543 2676 567 2705 3.
589 2679 632 2704 A:
652 2685 711 2704 non
733 2677 832 2703 oleum
852 2683 912 2702 non
1021 2675 1061 2702 16.
1084 2674 1122 2701 15:
1142 2675 1325 2708 ignoramus
1345 2676 1376 2700 ut
1394 2673 1540 2699 homines.
1636 2679 1676 2704 19-
1700 2671 1726 2697 Α
1749 2671 1777 2697 in

475 2720 587 2746 marg:
610 2712 827 2739 Crisoslomus.
900 2718 937 2737 21.
962 2711 1005 2736 A:
1027 2718 1080 2737 nec
1099 2710 1198 2735 semel.
1272 2716 1318 2741 24.
1340 2709 1383 2734 A:
1406 2715 1464 2741 que
1484 2708 1564 2733 extis.
1638 2705 1680 2732 35.
1701 2707 1728 2731 Α
1750 2706 1779 2731 in

476 2755 587 2780 marga
609 2747 776 2774 johannes.

550 2840 597 2873 ¹9·
625 2830 692 2871 Op.
718 2830 802 2869 Imp.
829 2829 850 2859 l.
878 2838 957 2870 pag.
984 2827 1061 2870 963.
