1986 3289
152 194 201 228 36
758 200 875 232 opus
901 199 1237 231 EVANGELICUM
1266 198 1348 230 ΜΒ.
1377 198 1430 229 111.
1582 185 1688 241 [CAP.
1709 193 1747 224 x.

979 348 1116 389 CAP.
1150 348 1214 391 X.

178 442 243 469 Our
264 439 391 467 modern

184 476 301 503 scribes
323 475 381 501 and
498 447 634 482 Restat
672 456 889 493 parumper
926 443 1095 480 ulterius
1140 444 1344 480 declarare
1384 445 1590 492 quomodo
1623 444 1752 481 scribe

157 511 324 546 pharisees,
347 509 416 536 how
439 512 475 540 et
507 502 682 551 pharisei
715 501 842 538 nostri
876 502 1070 538 claudunt
1118 514 1284 549 regnum
1320 502 1497 538 celorum
1532 501 1619 538 aliis
1652 515 1752 550 quos

166 545 399 613 {ssgysgffgteussffi
438 561 627 597 dicuntur
670 571 806 608 regere
855 568 892 596 et
924 559 965 595 in
997 559 1286 596 beatitudinem
1337 559 1607 605 introducere,
1662 573 1750 596 cum

439 618 695 655 manifestum
741 617 790 654 sit
836 618 943 666 quod
989 617 1128 653 scribis
1175 626 1212 653 et
1256 617 1450 666 phariseis
1482 617 1578 665 legis
1610 617 1753 654 veteris

440 677 766 725 correspondent.
801 675 914 712 Sicut
948 675 1054 711 enim
1087 674 1144 711 illi
1177 675 1351 712 avaricie
1385 687 1505 712 causa
1538 675 1754 712 noluerunt

439 734 641 772 Christum
675 734 826 782 populo
860 734 1052 780 revelare,
1086 745 1135 769 ne
1167 734 1323 770 lucrum
1358 745 1497 770 eorum
1532 733 1572 769 in
1604 733 1750 770 sacrifi-

441 793 510 829 ciis
544 801 581 829 et
614 791 892 829 oblacionibus
926 790 1190 838 minueretur,
1224 791 1280 828 sic
1314 791 1497 828 moderni
1530 791 1674 839 prelati
1707 793 1754 828 de

440 851 515 888 hiis
549 850 665 887 sectis
699 858 873 898 quatuor
918 849 1062 886 nolunt
1094 849 1221 897 legem
1257 849 1404 886 Christi
1444 849 1594 897 populo
1626 849 1755 898 publi-

441 921 544 953 care,
578 921 628 945 ne
661 908 832 956 populus
862 907 1086 956 percipiens
1111 907 1258 943 Christi
1282 907 1513 956 pauperiem
1548 907 1757 944 subtrahat

441 969 489 1004 ab
536 966 613 1003 illis
646 974 825 1002 terrenas
870 964 1033 1008 divicias
1079 973 1116 1001 et
1156 965 1295 1001 mundi
1340 965 1530 1013 gloriam3
1580 973 1616 1001 et
1655 965 1758 1002 sicut

442 1024 539 1062 dicit
573 1023 858 1071 Crisostomus,
906 1036 995 1059 cum
1042 1022 1242 1071 scriptura
1274 1036 1388 1060 sacra
1421 1023 1470 1060 sit
1503 1035 1667 1073 regnum
1701 1035 1757 1059 ce-

441 1084 582 1129 lorum,
615 1081 743 1130 ipsam
776 1081 957 1118 nituntur
990 1081 1188 1127 claudere,
1222 1093 1271 1117 ne
1303 1082 1476 1129 populus
1510 1089 1547 1117 et
1576 1089 1758 1129 potentes

442 1140 673 1190 specialiter
704 1140 831 1187 ipsam
866 1139 1107 1187 intelligant.

163 1202 264 1241 Tliree
284 1209 368 1249 ways
389 1202 423 1228 0f
502 1201 636 1235 Potest
668 1207 799 1234 autem
834 1197 1032 1245 scriptura
1065 1209 1178 1233 sacra
1201 1205 1238 1233 et
1261 1196 1494 1244 specialiter
1509 1196 1758 1244 evangelium

155 1236 428 1306 talffxsncgritfljitzrxggrd
444 1255 611 1304 intelligi
644 1256 770 1292 tribus
805 1255 947 1301 modis,
981 1254 1113 1303 primo
1146 1254 1412 1302 personaliter
1445 1263 1482 1291 et
1504 1254 1761 1291 fundabiliter

445 1327 518 1363 pro
551 1314 638 1362 ipsa
671 1313 802 1362 prima
834 1313 1000 1350 veritate
1033 1325 1109 1361 que
1143 1321 1199 1349 est
1223 1311 1422 1348 Dominus
1444 1314 1554 1349 Jesus
1578 1312 1760 1349 Christus

446 1373 553 1409 iuxta
586 1371 684 1408 illud
706 1372 793 1408 Joh.
827 1372 873 1417 X,
908 1381 979 1420 35:
1014 1371 1100 1407 Non
1119 1378 1247 1420 potest
1264 1370 1365 1407 solvi
1384 1371 1601 1420 scriptura:
1639 1371 1759 1415 Quem

442 1438 558 1480 pater
601 1429 855 1479 sanctificavit
899 1436 934 1465 et
978 1429 1080 1465 misit
1123 1429 1159 1464 in
1203 1429 1401 1466 mundum.
1457 1429 1643 1465 Secundo
1687 1441 1760 1476 pro

447 1488 541 1537 ipsis
574 1487 808 1524 veritatibus
842 1487 921 1523 sive
962 1486 1109 1523 eternis
1142 1486 1222 1522 sive
1261 1485 1340 1522 alio
1374 1488 1494 1523 modo
1527 1486 1761 1523 necessariis

447 1547 554 1582 iuxta
592 1545 690 1581 illud
723 1547 829 1581 Luce
867 1546 967 1590 XXI,
1016 1544 1085 1580 33:
1137 1544 1269 1580 Celum
1314 1552 1348 1580 et
1379 1551 1486 1580 terra
1531 1545 1760 1591 transibunt,

448 1604 564 1640 verba
607 1611 734 1639 autem
779 1615 863 1639 mea
897 1615 968 1639 non
1007 1602 1237 1639 transibunt.
1284 1601 1428 1638 Tercio
1473 1611 1605 1639 autem
1641 1604 1762 1639 modo

450 1661 574 1709 magis
630 1660 849 1709 improprie
894 1659 1090 1708 accipitur
1134 1659 1332 1708 scriptura
1380 1672 1494 1696 sacra
1544 1672 1617 1708 pro
1667 1660 1763 1708 ipsis

451 1719 656 1756 codicibus
702 1731 779 1767 que
823 1727 915 1754 sunt
951 1719 1185 1755 membrana
1218 1726 1256 1754 et
1288 1717 1516 1754 incaustum
1552 1730 1642 1754 cum
1677 1717 1763 1755 aliis

450 1776 689 1825 ligamentis.
724 1779 772 1813 Et
804 1776 878 1813 ista
911 1775 1110 1824 scriptura
1154 1788 1266 1812 sacra
1312 1775 1493 1812 comburi
1526 1775 1673 1824 poterit
1705 1785 1762 1813 at-

451 1847 527 1883 que
572 1834 717 1883 mergi3
763 1835 830 1871 sed
874 1847 954 1870 non
999 1834 1129 1882 prima
1161 1834 1222 1870 vel
1254 1834 1441 1879 secunda,
1482 1833 1523 1870 in
1555 1846 1633 1882 qua
1666 1833 1764 1870 fides

450 1892 653 1930 viancium
686 1892 926 1929 terminatur
959 1901 995 1928 et
1028 1892 1067 1928 in
1099 1891 1229 1940 patria
1269 1892 1375 1928 clara
1407 1891 1506 1928 visio
1539 1893 1763 1928 beatorum.

197 1953 402 1992 chrysos-‚tom
510 1953 565 1987 Ex
609 1949 693 1987 istis
738 1958 869 1998 potest
914 1950 1042 1987 fidelis
1085 1949 1272 1997 colligere
1326 1961 1449 1997 quare
1495 1949 1764 1986 Crisostomus

162 1988 435 2058 tgaellliiffggzpntmuzef
452 2009 657 2057 signanter
688 2016 804 2045 vocat
827 2008 1067 2056 scripturam
1092 2020 1247 2045 sacram
1272 2020 1436 2058 regnum
1460 2008 1642 2044 celorum.
1677 2010 1765 2056 Ipsa

231 2058 367 2085 Heaven.
454 2067 559 2103 enim
595 2076 651 2103 est
682 2066 745 2103 via
776 2067 836 2103 vel
867 2066 1041 2102 medium
1067 2067 1116 2103 ad
1139 2065 1427 2103 beatitudinem
1452 2065 1764 2114 adquirendam3

454 2134 492 2161 et
524 2137 613 2161 cum
640 2123 823 2161 homines
846 2123 976 2172 ipsum
1001 2123 1231 2173 quesierint,
1263 2136 1374 2160 suam
1398 2123 1626 2171 potenciam
1643 2123 1766 2160 beati-

455 2183 527 2219 fice
559 2182 804 2219 terminabit.

197 2243 263 2270 The
283 2241 399 2269 scribes
513 2242 591 2277 Sed
636 2248 757 2276 restat
801 2239 934 2276 videre
978 2239 1144 2276 ulterius
1188 2240 1392 2288 quomodo
1436 2239 1530 2275 dicti
1569 2238 1696 2276 scribe
1729 2247 1766 2275 et

217 2277 390 2350 kciiffiotffi
456 2298 630 2347 pharisei
684 2299 877 2334 claudunt
929 2297 1110 2334 fidelibus
1163 2297 1268 2333 istud
1321 2309 1501 2345 regnum.
1565 2297 1767 2333 Claudunt

172 2356 191 2375 ¹·
213 2347 436 2416 ffleacissidnegjng
456 2356 617 2405 quidem
651 2356 782 2404 primo
815 2355 1084 2403 impediendo,
1117 2368 1164 2391 ne
1198 2354 1445 2402 evangelium
1474 2354 1656 2391 fidelibus
1679 2366 1766 2402 pre-

456 2414 623 2460 dicetur,
656 2423 699 2450 ut
731 2414 845 2450 hodie
876 2414 1036 2449 multum
1071 2414 1256 2449 horretur
1293 2413 1395 2461 quod
1426 2413 1667 2463 evangelium
1700 2425 1766 2448 an-

455 2472 646 2523 gelicetur
678 2471 737 2508 vel
770 2472 919 2519 populo
964 2470 1203 2519 predicetur,
1245 2479 1286 2506 ut
1319 2479 1426 2518 patet
1460 2471 1506 2506 de
1554 2469 1763 2520 episcopiS,

526 2689 544 2707 1.
567 2681 599 2707 In
621 2681 688 2707 cod.
717 2681 737 2707 Β
766 2681 901 2708 numeris
922 2681 1047 2715 capituli
1068 2680 1162 2707 deest.
1186 2680 1253 2715 Que
1275 2684 1429 2714 secuntur,
1451 2680 1487 2706 ad
1509 2688 1575 2714 cap.
1599 2679 1765 2714 precedens

456 2715 587 2742 adducta
609 2720 688 2742 sunt
765 2715 870 2743 15-16.
893 2717 920 2742 A
942 2715 970 2741 in
987 2723 1099 2749 marg:
1129 2715 1290 2750 Scripture
1308 2722 1401 2741 sacra
1420 2717 1466 2741 est
1484 2722 1615 2749 regnum
1631 2714 1764 2741 celorum

456 2752 485 2776 et
504 2750 656 2784 accipitur
675 2750 770 2777 tribus
791 2750 898 2777 modis.
926 2757 949 2776 1.
1049 2758 1086 2784 17.
1109 2749 1147 2776 B:
1165 2757 1225 2785 pro
1245 2750 1316 2776 ista.
1415 2757 1455 2783 ις).
1482 2750 1508 2775 Α
1536 2749 1565 2776 in
1594 2757 1706 2783 marg:
1736 2756 1763 2775 2.

456 2792 497 2810 22.
526 2786 550 2811 Α
574 2785 602 2811 in
632 2792 742 2818 marg:
774 2792 805 2818 5¹.
829 2784 944 2812 Codd.:
967 2785 1123 2811 transient.
1210 2792 1255 2817 24.
1288 2785 1329 2811 A:
1355 2784 1513 2810 incastum.
1605 2782 1650 2816 34.
1685 2784 1761 2810 Ain

457 2827 569 2853 marg:
600 2828 623 2846 l.
715 2818 754 2853 35,
777 2820 820 2846 36.
842 2821 885 2846 A:
903 2819 1097 2854 predicalur.

1776 926 1814 947 10

1780 1205 1815 1237 15

1779 1505 1819 1526 20

1780 1784 1819 1816 25

1783 2365 1822 2397 35
