1986 3289
216 218 396 271 CAP.1x-]
588 228 647 260 DE
674 228 989 260 ANTICHRISTO
1017 230 1100 261 [ΑΒ.
1129 230 1150 260 1.

217 339 511 381 Romanorum;
545 335 585 370 in
618 347 697 382 qua
730 334 922 371 divisione
956 344 1047 371 sunt
1069 336 1210 372 fratres
1243 345 1281 372 et
1312 345 1419 373 secte
1451 338 1528 374 alie

216 394 339 431 divise
386 395 437 430 ad
481 392 713 429 divisionem
755 393 924 429 istorum
964 393 1203 441 pontificum
1237 396 1526 433 Romanorum.

217 455 317 490 Sunt
349 460 483 488 autem
518 450 634 487 multi
669 462 712 486 ex
744 459 916 499 utraque
948 460 1061 499 parte
1099 451 1356 489 incurvantes
1391 465 1432 490 se
1464 467 1528 491 co-

216 523 301 547 ram
335 522 406 546 suo
439 521 545 557 papa
579 516 617 544 et
650 508 796 544 multos
830 521 873 545 ex
905 518 1018 557 parte
1051 510 1176 546 altera
1202 523 1248 546 ac
1272 510 1372 547 alios
1393 512 1529 548 volen-

183 570 273 605 5tes
306 567 413 616 ipsos
445 567 580 604 iuvare
614 565 892 614 multipliciter
924 575 962 603 et
993 568 1162 604 subdole
1194 569 1471 616 depravantes.

272 628 320 661 Et
354 626 403 661 ad
437 624 741 661 certificandum
776 626 824 660 de
858 624 1051 673 quiditate
1084 625 1196 662 istius
1230 626 1371 675 capitis
1394 628 1529 664 subdit

214 683 431 731 propheta:
466 683 676 732 Longevus
707 690 743 718 et
775 682 1015 719 honorabilis
1046 684 1128 733 ipse
1159 691 1216 720 est
1247 690 1374 734 caput.
1407 687 1464 722 Ac
1496 685 1528 722 si

214 741 441 778 intenderet
474 752 580 788 papa
612 741 763 776 durans
796 753 867 788 per
900 741 1009 777 mille
1042 754 1169 778 annos
1202 754 1225 778 a
1247 750 1430 790 tempore
1453 743 1528 780 Sil-

213 798 332 836 vestri
365 810 491 847 usque
524 799 576 834 ad
609 810 757 846 papam
790 798 1054 836 novissimum
1095 801 1396 837 destruendum.
1441 803 1528 850 Ipse

161 857 253 893 1oin
285 869 356 893 sua
389 854 679 893 communitate
713 865 770 893 est
802 865 884 893 tarn
917 857 1108 905 longevus
1135 870 1257 906 quam
1280 859 1528 896 honorabilis

213 916 348 963 quoad
382 915 594 950 mundum.
629 916 715 961 Ipse
748 924 882 951 autem
906 923 964 951 est
987 924 1107 963 caput
1130 924 1329 952 sectarum
1353 926 1528 965 quatuor

212 973 351 1010 saltem
397 971 588 1008 maniacis
632 971 948 1009 occidentalibus
993 973 1061 1021 qui
1105 973 1146 1009 in
1192 973 1268 1010 fide
1300 986 1371 1022 per
1410 988 1527 1024 argu-

213 1039 348 1067 menta
381 1030 530 1067 diaboli
563 1038 654 1066 sunt
685 1030 852 1077 seducti,
897 1039 941 1066 ut
985 1030 1016 1067 si
1050 1031 1232 1068 Christus
1265 1032 1375 1069 dedit
1408 1035 1526 1071 Petro

90 1092 176 1134 408²
214 1089 342 1125 claves
392 1088 503 1136 regni
532 1085 537 1138 ξ
567 1088 759 1134 celorum,
813 1100 908 1135 ergo
956 1101 1059 1137 pape
1111 1088 1179 1137 qui
1223 1090 1405 1137 graditur
1456 1104 1527 1140 per

161 1146 316 1183 15viam
352 1145 598 1183 contrarium
632 1154 715 1182 tam
750 1145 909 1182 Christo
941 1159 1062 1195 quam
1097 1148 1228 1184 Petro.

270 1207 319 1241 Et
351 1212 547 1253 quantum
582 1204 632 1240 ad
665 1206 836 1241 caudam
871 1203 966 1240 dicit
999 1204 1137 1241 Ysaias
1169 1212 1205 1241 et
1230 1206 1425 1255 propheta
1459 1208 1525 1243 do-

212 1275 299 1299 cens
342 1262 583 1299 mendacium
629 1262 709 1311 ipse
755 1270 810 1298 est
842 1263 981 1299 cauda.
1028 1264 1105 1299 Sed
1139 1275 1262 1311 queso
1295 1263 1358 1300 cui
1391 1274 1526 1313 posset

212 1320 319 1357 istud
349 1322 515 1357 verbum
548 1319 830 1368 propheticum
864 1320 1006 1357 melius
1029 1333 1150 1369 quam
1174 1321 1364 1358 fratribus
1397 1323 1525 1371 appli-

213 1379 307 1415 cari.
341 1378 418 1427 Ipsi
451 1378 557 1415 enim
590 1378 811 1414 fundantur
842 1390 962 1427 super
996 1378 1209 1416 mendacio
1242 1388 1279 1416 et
1302 1381 1525 1428 practizant

157 1451 198 1472 20
212 1436 311 1473 illud
345 1445 426 1473 tam
459 1438 580 1473 verbo
615 1449 736 1484 quam
770 1449 892 1485 opere
924 1449 971 1473 ac
1003 1437 1035 1473 si
1067 1437 1168 1473 foret
1199 1437 1279 1474 vita
1312 1450 1397 1475 sua.

271 1496 387 1531 Unde
438 1494 533 1543 quia
582 1493 778 1542 ypocrisis
824 1503 882 1531 est
926 1495 1234 1531 fundamentum
1284 1495 1360 1532 hiis
1407 1497 1525 1533 sectis

213 1561 399 1601 quatuor,
435 1561 728 1600 consequenter
758 1553 898 1589 Ysaias
931 1553 986 1589 sic
1018 1553 1218 1602 loquitur:
1252 1554 1306 1589 Et
1327 1562 1441 1590 erunt
1461 1556 1527 1604 qui

212 1611 428 1660 beatificant
468 1611 656 1660 populum
690 1611 803 1646 istum
835 1612 1059 1647 seducentes
1096 1619 1131 1647 et
1161 1611 1227 1660 qui
1256 1612 1524 1662 beatificantur

206 1668 444 1718 precipitati,
496 1681 542 1705 ac
593 1668 625 1704 si
670 1668 820 1705 diceret
864 1668 932 1717 qui
975 1678 1121 1705 vocant
1164 1681 1311 1717 papam
1365 1679 1520 1718 patrem

156 1730 195 1763 25
211 1725 486 1763 beatissimum
531 1734 569 1763 et
602 1736 730 1763 sectas
765 1727 834 1763 has
867 1726 908 1762 in
940 1727 1084 1763 merito
1118 1727 1367 1773 excellentes,
1413 1727 1521 1776 ipsos

211 1785 403 1821 seducent
435 1796 506 1832 per
537 1786 656 1821 verba
688 1784 911 1833 ypocritica
943 1793 1064 1833 atque
1088 1784 1312 1830 mendacia,
1347 1785 1387 1822 in
1410 1786 1522 1823 cuius

211 1842 368 1890 signum
402 1851 508 1879 secte
539 1842 612 1879 iste
645 1855 735 1879 cum
768 1855 840 1879 suo
874 1842 1004 1890 capite
1036 1852 1151 1879 erunt
1183 1843 1434 1891 precipitate.

269 1901 440 1949 Propter
470 1901 554 1947 hoc,
598 1900 727 1948 inquit
759 1900 912 1947 Ysaias,
955 1913 1074 1950 super
1117 1901 1414 1938 adolescentulis
1445 1903 1524 1939 eius

211 1970 284 1994 non
318 1958 570 1995 delectabitur
601 1959 792 1995 Dominus
823 1966 859 1995 et
884 1959 1125 2007 pupillorum
1158 1960 1237 1995 eius
1258 1967 1294 1995 et
1317 1959 1522 1996 viduarum

157 2021 197 2053 30
213 2028 284 2052 non
318 2016 574 2063 miserebitur,
621 2017 707 2066 quia
753 2017 875 2053 omnis
897 2017 1090 2068 ypocrita
1135 2024 1191 2053 est
1228 2025 1264 2052 et
1295 2029 1455 2066 nequam
1489 2026 1525 2054 et

212 2074 432 2110 universum
465 2086 507 2110 os
539 2074 705 2110 locutum
739 2082 794 2111 est
815 2075 1038 2111 stulticiam.
1071 2075 1147 2112 Hic
1169 2074 1327 2112 videtur
1350 2077 1523 2123 prophe-

211 2140 291 2168 tam
327 2131 571 2180 coniungere
603 2132 799 2180 populum
832 2133 1041 2169 seductum
1088 2146 1159 2181 per
1189 2133 1286 2170 istos
1319 2133 1523 2181 ypocritas

212 2198 250 2226 et
282 2189 509 2237 specialiter
540 2190 581 2226 in
614 2191 689 2226 hoc
722 2191 830 2238 quod
863 2202 886 2226 a
918 2190 996 2227 fide
1030 2191 1233 2237 deficiunt,
1269 2199 1306 2227 et
1329 2203 1419 2227 cum
1442 2192 1523 2228 sine

199 2248 286 2297 fide
337 2248 568 2297 impossibile
619 2255 673 2284 est
720 2249 879 2297 placere
922 2249 1019 2296 Deo,
1072 2258 1114 2285 ut
1166 2248 1264 2285 dicit
1306 2250 1523 2297 Apostolus

156 2308 195 2340 35
212 2306 462 2342 Hebreorum
494 2307 558 2353 XI,
591 2305 629 2351 ὁ,
656 2314 765 2353 patet
789 2308 897 2354 quod
929 2306 994 2343 isti
1026 2306 1306 2343 miserabiliter
1329 2308 1523 2355 dampna-

212 2364 372 2399 buntur.
406 2363 532 2399 Radix
563 2371 697 2400 autem
730 2364 859 2400 tocius
893 2364 1009 2400 huius
1044 2364 1200 2401 malicie
1240 2373 1297 2401 est
1328 2365 1522 2412 ypocrisis

212 2430 294 2457 tam
327 2421 369 2457 in
402 2421 476 2457 hiis
521 2420 639 2457 sectis
683 2430 856 2469 quatuor
901 2435 1022 2470 quam
1055 2421 1096 2458 in
1128 2422 1279 2470 populo
1312 2435 1383 2470 per
1414 2422 1520 2470 ipsas

211 2480 390 2524 seducto,
424 2479 491 2527 qui
525 2491 691 2515 erronee
723 2488 761 2515 et
792 2479 1016 2516 adulatorie
1048 2479 1124 2516 illis
1158 2479 1283 2516 credit
1315 2488 1352 2516 et
1383 2482 1522 2517 seduc-

212 2536 326 2574 cione
360 2536 570 2585 multiplici
604 2536 851 2573 mendaciter
883 2537 938 2574 eis
971 2537 1191 2585 applaudit.

281 2717 309 2743 6.
331 2717 375 2743 A:
397 2719 425 2744 et
445 2717 538 2744 deest.
680 2725 706 2751 7.
737 2718 765 2744 A
785 2717 815 2744 in
837 2725 951 2752 marg:
980 2716 1071 2745 Nota.
1195 2718 1236 2745 25.
1263 2719 1307 2745 A:
1334 2720 1432 2745 sectas
1453 2718 1518 2745 lzac.

213 2750 255 2779 35.
276 2752 320 2778 A:
337 2754 429 2786 patet
446 2751 541 2779 deest.

283 2845 313 2874 7.
340 2835 381 2865 Is.
408 2835 462 2873 IX,
494 2833 542 2865 15.
598 2834 647 2866 16.
675 2836 715 2866 Is.
742 2836 793 2874 1X,
825 2836 874 2867 15.
926 2845 978 2866 22.
1004 2835 1045 2866 Is.
1073 2835 1126 2873 IX,
1158 2834 1207 2866 16.
1258 2834 1445 2875 28.1s.1X,
1470 2846 1518 2876 17.

1332 2893 1380 2925 3-3(-

1765 221 1810 255 35

1539 1899 1618 1927 How
1641 1900 1712 1930 thev
1732 1901 1800 1927 lead

1537 1935 1587 1962 the
1611 1931 1719 1973 people
1740 1935 1804 1962 into

1585 1970 1767 2006 hypocrlsy.
