1986 3289
137 199 187 242 64

179 320 289 347 Monlffi
310 327 359 345 arc

170 354 324 381 excessivo
345 354 374 380 in

180 393 364 422 sumptuous

224 423 322 449 vaults

154 459 318 491 doorways
339 457 398 484 and

198 493 349 520 kitchens.

162 1165 387 1199 chrysostom:

136 1199 238 1227 These
259 1201 363 1227 words
383 1200 418 1227 of

185 1234 291 1261 Christ
310 1243 361 1261 are

158 1273 259 1307 meant
279 1269 327 1296 for
348 1270 385 1297 all

234 1308 317 1331 time.

742 205 860 236 OPUS
887 206 1222 237 EVANGEMCUM
1252 207 1335 237 Llss.
1362 207 1415 238 lll.
1497 195 1603 249 [CAP-
1626 204 1734 232 XVIII·

427 313 501 348 hiis
535 312 662 348 tribus
696 311 880 359 partibus
913 325 1018 348 nunc
1052 313 1305 349 habundant:
1361 312 1491 361 primo
1536 314 1645 362 quod
1697 313 1737 349 in

427 369 558 406 choris
611 370 737 406 voltas
789 369 863 406 sibi
917 370 1070 406 faciunt
1116 380 1373 418 sumptuosas
1420 384 1465 407 ac
1509 370 1737 419 significant

426 429 533 476 quod
585 429 729 464 nolunt
782 437 823 464 ut
856 428 992 476 gracia
1026 428 1173 464 Christi
1220 428 1408 476 pauperis
1450 430 1666 466 descendat
1698 428 1738 465 in

426 486 506 522 suis
541 485 744 532 cordibus,
779 487 958 522 secundo
994 485 1068 522 sibi
1102 486 1353 523 constituunt
1386 496 1524 534 portas
1557 495 1738 535 sumptu-

426 557 514 581 osas
548 553 585 580 et
616 544 751 590 fortes,
786 557 831 580 ac
864 543 894 580 si
934 544 1030 580 false
1064 543 1318 581 intenderent
1353 546 1461 592 quod
1494 546 1634 581 volunt
1667 547 1772 593 pr05

426 615 498 639 suo
531 610 728 650 perpetuo
762 614 852 638 cum
888 602 1024 638 seculo
1045 603 1294 650 desponsari,
1329 602 1454 639 tercio
1481 602 1634 639 faciunt
1665 602 1739 639 sibi

426 659 620 709 coquinas
654 659 856 696 mirabiles
880 672 925 696 ac
958 661 1071 706 latas,
1106 673 1151 696 ac
1184 660 1215 696 si
1249 660 1427 697 dicerent
1461 662 1568 709 quod
1600 661 1740 698 volunt

426 718 465 754 in
510 717 746 754 esculenciis
780 731 853 766 pro
886 727 1024 755 ventre
1064 720 1266 765 pascendo
1304 730 1424 766 super
1457 718 1555 755 alios
1588 720 1741 755 habun-

426 778 540 822 dare3
580 777 649 813 sed
682 776 823 824 collige
857 788 900 812 ex
933 775 1007 812 hiis
1041 775 1156 813 dictis
1190 785 1226 813 et
1260 776 1438 824 practica
1460 789 1536 825 que
1569 788 1638 825 per
1669 777 1741 813 Dei

426 834 604 882 graciam
640 843 870 883 exequetur,
924 834 1033 883 quod
1074 835 1172 871 tales
1204 847 1285 871 non
1326 843 1419 871 sunt
1457 834 1497 870 in
1531 843 1616 871 toto
1650 847 1740 883 pro·
1762 847 1800 867 10

427 893 557 940 phete‚
592 892 685 929 licet
717 892 757 929 in
791 892 992 941 aliquibus
1026 892 1252 939 prenostice
1284 905 1423 929 verum
1459 892 1611 929 dicant.

903 1063 1041 1105 CAP.
1076 1064 1260 1105 XVIII.

487 1162 757 1199 Crisostomus
792 1170 925 1198 autem
951 1160 1132 1209 sequitur
1164 1160 1460 1208 exposicionem
1485 1160 1581 1196 dicti
1613 1168 1741 1196 textus

430 1219 623 1268 evangelii
656 1221 728 1256 sub
762 1219 837 1255 hiis
870 1219 1018 1255 verbis:
1062 1220 1111 1255 Ve
1129 1219 1233 1255 vobis
1264 1218 1389 1254 scribe
1420 1225 1488 1256 etc.
1529 1218 1605 1262 Qui
1626 1218 1744 1255 consi-

431 1281 543 1316 derat
575 1278 887 1327 consequenciam
918 1285 1006 1313 tunc
1034 1277 1308 1325 phariseorum
1343 1284 1377 1312 et
1409 1277 1522 1312 modo
1555 1276 1745 1326 intelliget
1765 1275 1800 1308 15

430 1338 520 1387 quia
574 1348 646 1372 non
699 1336 823 1372 solum
869 1336 947 1372 illis
992 1335 1092 1371 dix)
1120 1335 1318 1384 phariseis
1361 1335 1430 1370 sed
1462 1342 1496 1370 et
1529 1334 1746 1370 hominibus

425 1396 674 1446 postmodum
699 1394 926 1438 nascituris;
958 1406 1045 1429 nam
1078 1393 1112 1429 si
1142 1394 1193 1428 ad
1225 1393 1312 1429 illos
1343 1393 1448 1429 solos
1479 1392 1547 1427 hec
1570 1392 1743 1437 dixisset,

437 1455 538 1490 dicta
563 1453 736 1501 fuissent
759 1459 905 1487 tantum
939 1459 973 1487 et
1007 1463 1078 1487 non
1101 1451 1259 1499 scripta.
1297 1451 1409 1486 Nunc
1431 1458 1557 1486 autem
1587 1457 1622 1486 et
1645 1450 1745 1486 dicta

432 1519 520 1549 sunt
544 1519 578 1547 et
600 1511 760 1559 scripta,
795 1510 897 1546 dicta
926 1510 1100 1545 videlicet
1117 1516 1287 1558 propter
1309 1509 1409 1553 illos,
1441 1508 1587 1557 scripta
1619 1515 1744 1543 autem

425 1577 593 1620 propter
625 1569 729 1606 istos.
778 1569 878 1603 Nam
925 1575 960 1603 et
991 1567 1025 1603 si
1051 1574 1187 1616 patres
1218 1567 1432 1602 Judeorum
1470 1565 1616 1601 mortui
1646 1572 1804 1612 sunt720

431 1636 557 1664 tamen
590 1627 673 1676 filii
702 1639 836 1662 eorum
871 1626 1016 1671 vivunt,
1056 1625 1119 1674 qui
1143 1625 1359 1674 prophetas
1392 1624 1542 1673 quidem
1577 1631 1611 1659 et
1643 1636 1747 1659 mar-

432 1694 545 1737 tyres
597 1685 739 1730 colunt,
782 1684 895 1734 filios
945 1691 1071 1719 autem
1114 1683 1399 1732 prophetarum
1446 1690 1481 1718 et
1520 1689 1745 1733 marty-rum

426 1750 725 1794 persequuntur.
791 1742 1041 1779 Mortuorum
1081 1748 1303 1777 sanctorum
1353 1741 1520 1776 cultores
1564 1747 1599 1775 et
1643 1739 1747 1775 vivo-

432 1815 517 1837 rum
547 1808 830 1851 persecutores.
883 1800 924 1835 Si
955 1811 1046 1835 vero
1084 1799 1293 1834 trinitatem
1340 1798 1507 1834 eiusdem
1540 1797 1749 1833 substantie

426 1860 656 1909 profitentes
697 1865 899 1908 martyres
927 1857 1038 1906 passi
1072 1864 1159 1892 sunt
1192 1856 1356 1905 qualiter
1400 1863 1465 1891 aut
1516 1867 1635 1904 quare
1686 1866 1749 1890 eos
1764 1854 1803 1887 25

432 1918 543 1966 quasi
583 1924 737 1953 sanctos
769 1916 897 1952 colunt
934 1915 999 1964 qui
1041 1927 1155 1950 unum
1196 1914 1406 1965 ingenitum
1452 1920 1486 1948 et
1519 1925 1631 1948 unum
1667 1912 1747 1947 uni-

431 1976 603 2026 genitum
628 1983 663 2011 et
686 1987 800 2010 unum
826 1973 1013 2022 Spiritum
1039 1974 1220 2008 Sanctum
1254 1972 1515 2008 crediderunt.
1551 1971 1594 2006 Si
1623 1977 1748 2006 autem

434 2041 636 2084 martyres
688 2033 818 2068 colunt
863 2031 973 2080 quasi
1013 2031 1079 2080 qui
1122 2042 1253 2066 veram
1295 2029 1466 2077 confessi
1500 2035 1587 2064 sunt
1608 2028 1747 2078 fidem,

434 2092 601 2141 qualiter
618 2097 909 2139 persequuntur
931 2101 995 2125 eos
1028 2089 1091 2137 qui
1109 2088 1235 2138 fidem
1254 2088 1540 2137 prophetarum
1575 2093 1610 2122 et
1642 2098 1747 2121 mar-

435 2158 571 2201 tyrum
608 2149 849 2198 confitentur.
886 2147 1066 2182 Pharisei
1087 2158 1184 2196 ergo
1209 2146 1370 2181 heretici
1389 2152 1476 2181 sunt
1507 2144 1573 2193 qui
1602 2156 1623 2179 a
1657 2154 1748 2179 vera
1767 2145 1808 2177 30

436 2208 523 2257 fide
551 2205 702 2256 precisi
728 2214 835 2250 sunt;
862 2205 1040 2253 pharisei
1061 2205 1158 2240 enim
1191 2204 1338 2252 precisi
1358 2203 1644 2252 intelliguntur,
1678 2201 1751 2250 ipsi

436 2266 532 2301 euim
586 2273 674 2301 sunt
725 2265 789 2312 qui
840 2263 1041 2314 martyria
1087 2262 1268 2311 edificant
1315 2268 1348 2296 et
1383 2260 1668 2310 prophetarum
1717 2265 1750 2294 et

436 2331 663 2374 martyrum
698 2322 850 2358 nomina
884 2333 1017 2357 eorum
1049 2321 1179 2356 colunt
1203 2327 1238 2355 et
1258 2326 1445 2368 precepta
1469 2318 1749 2366 blasphemant,

437 2381 663 2417 memoriam
699 2381 890 2416 honorant
923 2387 957 2414 et
977 2379 1102 2427 fidem
1132 2384 1412 2425 contempnunt.
1448 2376 1500 2411 Et
1533 2375 1678 2411 dicitis:
1711 2374 1753 2409 Si

429 2440 649 2488 fuissemus
683 2438 814 2474 diebus
842 2445 1003 2486 patrum
1038 2443 1278 2481 nostrorum,
1313 2447 1384 2471 non
1407 2434 1628 2482 fuissemus
1658 2431 1806 2468 socii35

511 2641 529 2659 1.
553 2633 578 2658 Α
601 2632 628 2658 in
652 2638 765 2665 marg:
789 2638 810 2656 1.
885 2628 909 2655 3.
933 2629 969 2654 13:
992 2627 1075 2662 quod
1087 2626 1212 2662 gracia.
1287 2634 1315 2658 4.
1338 2625 1363 2651 Α
1386 2625 1543 2658 in1na1·g.:
1568 2631 1594 2650 ·.>.
1675 2622 1702 2648 6.
1724 2623 1751 2648 Α

439 2668 467 2694 in
492 2675 604 2700 marg:
636 2674 660 2696 ς).
740 2665 766 2691 8.
789 2665 829 2691 Βτ
852 2663 1023 2690 esculentis.
1108 2669 1146 2688 12.
1170 2661 1190 2687 Η
1213 2661 1241 2687 iu
1265 2667 1377 2691 marg:
1402 2658 1446 2685 18.
1528 2666 1568 2692 10.
1593 2659 1628 2683 13:
1651 2660 1752 2695 aulem

439 2703 531 2728 dces-1.
625 2709 670 2727 20.
703 2700 738 2726 13:
768 2698 884 2725 mortui
909 2700 1016 2725 esseut.
1115 2696 1154 2723 25.
1188 2696 1224 2722 13:
1257 2695 1447 2729 confitenter.
1550 2691 1592 2719 32.
1616 2692 1651 2718 13:
1673 2698 1752 2718 enim

439 2739 507 2763 sunl
529 2737 629 2769 decan
652 2735 690 2762 ib.
715 2735 751 2760 13:
775 2736 802 2760 el
823 2733 925 2759 before
942 2731 1169 2767 prophetarum
1190 2731 1285 2757 deest.

516 2821 564 2852 13.
593 2819 659 2859 Op.
688 2818 772 2859 Imp.
800 2817 819 2847 l.
848 2827 874 2847 c.
902 2826 934 2857 p.
963 2814 1160 2846 CLXXXIX
1189 2813 1257 2851 (αἱ.
1284 2813 1341 2842 alt.
1369 2822 1401 2852 p.
1427 2810 1519 2847 8¹50).
