1986 3289
174 179 248 215 168

192 1558 258 1587 The
280 1558 406 1585 modern

182 1595 320 1621 doctrine
338 1601 370 1619 as
391 1598 422 1619 to

190 1629 240 1656 the
260 1629 331 1655 ho<t
351 1628 376 1654 is
398 1636 413 1654 a

243 1665 361 1698 heresy.

761 187 880 217 OPUS
905 186 1239 217 EVANGELICUM
1268 186 1352 216 LIB.
1379 186 1433 217 ΙΙΙ.
1530 174 1637 228 [CAR
1658 183 1765 211 XLVI.

457 300 588 328 motus
612 304 730 339 quem
754 290 932 339 suscipit,
959 299 995 327 et
1018 290 1240 327 subiectum
1265 291 1554 339 predicacionis
1578 291 1766 328 dividitur

456 351 675 386 secundum
721 349 957 385 divisionem
998 348 1290 396 predicacionis
1331 361 1452 397 quam
1498 349 1673 397 suscipit.
1718 352 1766 385 Et

455 419 497 443 ex
530 407 599 443 illo
633 406 770 443 dicunt
809 406 971 455 quidam
1008 408 1115 454 quod
1148 419 1288 442 omnes
1319 407 1459 443 fratres
1500 407 1639 443 mundi
1684 420 1766 444 non

456 466 655 501 docebunt
687 464 898 512 episcopos
930 464 991 500 vel
1025 464 1160 500 fideles
1194 465 1348 512 aliquos
1373 464 1467 512 quid
1501 464 1550 501 sit
1582 465 1767 501 accidens

456 522 540 559 sine
572 522 764 558 subiecto.
812 523 904 558 Ideo
936 523 992 557 Ve
1026 521 1083 557 illi
1116 522 1183 570 qui
1216 522 1333 558 istam
1373 522 1545 558 heresim
1580 531 1617 558 et
1649 522 1764 559 istam

454 580 731 628 ignoranciam
765 579 805 615 in
839 578 1050 616 ecclesiam
1084 579 1314 618 introduxit.
1346 581 1394 615 Et
1418 581 1489 616 hec
1512 580 1621 616 racio
1645 593 1768 628 quare

455 650 528 674 nec
561 651 582 674 a
616 650 721 686 papa
753 650 825 674 nec
858 639 906 673 ab
940 636 1076 685 aliquo
1109 637 1262 674 vivente
1302 637 1401 674 citra
1434 640 1561 674 Deum
1603 638 1768 674 ecclesia

456 695 676 743 susciperet
722 694 916 732 terminos
958 704 1163 731 extraneos
1198 704 1234 731 et
1266 704 1486 743 suspectos.
1535 697 1583 731 Et
1626 695 1681 732 sic
1720 697 1767 731 de

455 753 727 801 opinionibus.
763 755 811 789 Et
843 752 898 789 ita
931 761 1071 789 notato
1105 753 1309 800 evangelio
1343 754 1549 802 quomodo
1583 753 1766 790 Christus

455 812 684 859 frequenter
706 810 967 858 interrogavit
998 811 1205 858 phariseos
1231 820 1267 847 et
1290 811 1500 858 pontifices
1524 811 1765 859 questiones,

456 878 493 905 et
526 869 779 905 taciturnitas
819 870 867 904 ad
909 868 997 904 illas
1030 870 1214 905 movebat
1248 869 1451 905 Christum
1487 869 1767 917 responsiones

455 928 506 963 ad
545 939 635 963 suas
674 926 1012 974 interrogaciones
1046 926 1344 963 racionabiliter
1388 926 1567 973 reticere,
1612 927 1768 963 videtur

455 984 700 1021 racionabile
733 986 841 1033 quod
874 994 1067 1033 queratur
1105 997 1125 1020 a
1166 984 1371 1032 discipulis
1404 984 1638 1020 Antichristi
1672 984 1767 1033 quid

455 1042 505 1079 sit
548 1042 635 1090 ipsa
679 1043 806 1078 hostia
843 1051 1075 1078 consecrata
1115 1043 1164 1078 ad
1207 1044 1329 1090 quod,
1372 1042 1402 1078 si
1435 1042 1692 1078 fundabiliter
1725 1055 1768 1078 ex

455 1113 525 1137 sua
569 1100 761 1148 opinione
806 1102 1047 1148 respondere
1092 1100 1332 1136 nesciverint
1378 1101 1427 1136 ad
1465 1113 1555 1136 suas
1599 1099 1767 1136 interro-

455 1158 654 1206 gaciones,
709 1171 798 1194 cum
845 1158 1146 1194 racionabiliter
1190 1159 1404 1194 tacendum
1461 1158 1590 1203 fuerit,
1643 1166 1768 1194 cesset

455 1216 559 1252 filius
605 1216 769 1252 ecclesie
814 1217 1069 1264 respondere.
1127 1217 1213 1252 Hoc
1260 1216 1363 1252 enim
1410 1217 1526 1252 docet
1580 1215 1769 1263 magister

455 1283 590 1310 noster
614 1274 796 1310 Christus
830 1287 948 1322 quem
983 1275 1173 1310 debemus
1207 1275 1278 1309 sub
1311 1275 1477 1310 obtentu
1510 1273 1769 1310 beatitudinis

453 1341 616 1368 imitar1.

940 1456 1078 1497 CAP.
1110 1455 1286 1496 XLVI.

514 1551 617 1597 Quia
661 1552 701 1587 in
747 1551 945 1599 scriptura
991 1564 1103 1587 sacra
1150 1551 1276 1587 fidelis
1323 1559 1455 1598 posset
1508 1550 1547 1585 in
1596 1559 1767 1598 utroque

455 1619 631 1646 extremo
665 1610 835 1646 deficere
868 1619 905 1645 et
937 1622 1019 1645 esse
1053 1609 1212 1657 parcior
1246 1618 1281 1644 et
1316 1621 1398 1645 esse
1432 1607 1613 1644 diffusior
1645 1621 1765 1656 quam

455 1667 571 1716 exigit
616 1668 819 1715 profectus
865 1668 1042 1712 ecclesie,
1089 1668 1179 1703 ideo
1224 1666 1397 1702 dimissis
1444 1665 1601 1714 punctis
1641 1667 1767 1702 scola-

454 1726 562 1762 sticis
603 1734 639 1762 et
678 1725 924 1773 argumentis
964 1725 1077 1761 istius
1116 1725 1281 1761 materie
1321 1732 1444 1760 restat
1478 1725 1766 1760 declarandum

455 1785 661 1832 quomodo
695 1783 843 1820 heresis
877 1783 989 1819 istius
1024 1783 1189 1819 materie
1224 1792 1279 1818 est
1313 1782 1504 1830 precipua
1528 1794 1768 1830 correspon-

455 1844 551 1878 dens
585 1842 764 1889 dogmati
797 1841 1041 1877 Antichristi.
1076 1843 1175 1877 Nam
1212 1843 1270 1886 (ut
1303 1853 1395 1888 sepe
1435 1840 1592 1887 capitur
1623 1849 1667 1876 ut
1699 1852 1769 1888 per

455 1912 494 1935 se
527 1908 667 1936 notum
703 1899 901 1946 fidelibus)
938 1899 1086 1935 heresis
1121 1907 1176 1934 est
1201 1900 1348 1946 dogma
1381 1898 1538 1943 falsum,
1573 1897 1768 1945 scripture

455 1970 566 1994 sacre
591 1957 851 2003 contrarium,
884 1957 1143 2005 pertinaciter
1166 1957 1428 2002 defensatum,
1455 1964 1491 1991 et
1516 1968 1605 1991 cum
1629 1968 1767 1991 ornnes

455 2015 527 2051 iste
577 2015 770 2063 particule
815 2015 1059 2051 conveniunt
1104 2015 1210 2050 dicto
1258 2014 1383 2050 errori
1428 2016 1475 2050 de
1513 2022 1768 2049 sacramento

456 2073 607 2119 altaris,
644 2073 900 2109 manifestum
935 2072 1091 2109 videtur
1124 2074 1233 2120 quod
1267 2071 1352 2119 ipse
1385 2071 1435 2107 sit
1469 2070 1630 2107 heresis.
1665 2073 1766 2107 Nam

456 2130 718 2167 discurrendo
758 2144 829 2178 per
862 2130 1013 2166 dictum
1048 2130 1297 2179 quadruplex
1330 2128 1608 2165 testimonium
1642 2128 1769 2176 tripli-

457 2198 605 2234 catum,
646 2188 853 2237 quodlibet
887 2189 1047 2225 illorum
1082 2189 1243 2224 doceret
1282 2187 1409 2235 ipsum
1446 2186 1664 2223 hereticum
1701 2186 1769 2234 qui

456 2246 716 2294 pertinaciter
748 2255 910 2294 negaret
943 2258 1088 2294 panem
1123 2255 1158 2282 et
1191 2245 1328 2281 vinum
1362 2253 1596 2281 consecrata
1630 2245 1768 2280 catho-

454 2304 529 2340 lice
563 2317 645 2341 esse
679 2317 823 2352 corpus
857 2304 1005 2340 Christi
1040 2312 1076 2340 et
1109 2303 1366 2351 sanguinem3
1401 2312 1438 2339 et
1473 2315 1563 2338 cum
1597 2301 1769 2350 pertina-

455 2362 552 2398 citer
586 2364 660 2398 hoc
695 2371 813 2409 negat
848 2363 918 2398 hec
953 2370 1061 2398 secta
1095 2361 1356 2410 quadruplex,
1398 2360 1554 2397 videtur
1587 2361 1694 2408 quod
1729 2359 1769 2395 in

454 2421 529 2456 hoc
562 2420 609 2456 sit
644 2420 819 2456 heretica
861 2429 898 2456 et
937 2422 988 2456 ad
1021 2421 1097 2455 hoc
1129 2419 1235 2455 idem
1270 2420 1421 2455 vadunt
1457 2418 1553 2454 fides
1589 2426 1625 2453 et
1658 2417 1769 2453 testi-

455 2478 635 2514 monium
669 2479 973 2526 prophetarum.

526 2712 554 2730 ι-
573 2711 598 2730 2.
619 2704 662 2730 A:
684 2703 1010 2730 molus-*divisionem
1031 2703 1124 2729 deest.
1215 2710 1242 2729 2.
1265 2703 1291 2728 A
1313 2702 1341 2728 ill
1364 2709 1477 2735 marga
1501 2701 1594 2729 Nota.
1681 2699 1704 2727 3.
1727 2701 1766 2727 ss:

455 2746 492 2764 ex
512 2740 579 2764 isto.
695 2740 735 2765 10.
759 2738 934 2773 Bzfuerat.
1042 2744 1086 2764 20.
1109 2739 1152 2764 A:
1178 2736 1254 2771 Cap.
1277 2736 1375 2767 XLV,·
1397 2737 1433 2762 ss:
1456 2735 1515 2768 45.
1626 2744 1667 2762 21.
1688 2736 1716 2762 A
1737 2736 1767 2762 in

456 2781 567 2805 marga
588 2772 763 2805 .lol1annes,·
782 2773 821 2799 ib.
845 2772 882 2799 ss:
905 2773 934 2799 in
956 2774 1097 2807 utraque.
1189 2770 1238 2798 30,
1261 2772 1303 2798 A:
1327 2769 1500 2805 mang'feste.
1592 2769 1640 2804 36,
1661 2768 1705 2804 37.
1728 2770 1767 2796 B:

454 2807 658 2833 testimonium
675 2808 840 2842 populare.

1784 526 1800 558 5

1787 826 1825 846 10

1788 1105 1823 1135 15

1785 1474 1826 1495 20

1786 1789 1824 1820 25

1785 2079 1799 2090 η

1785 2089 1826 2111 30

1786 2366 1823 2378 ‹⁷›-

1786 2376 1826 2399 33
