1986 3289
204 238 291 265 CAP-
320 228 443 281 LXIII]
579 240 637 270 DE
665 238 980 269 ANTICHRISTO
1010 237 1092 268 LIB.
1122 237 1143 268 I.

205 347 320 396 fiant,
354 346 392 380 id
420 353 475 381 est
507 345 667 393 quinque
694 345 896 393 sapientes,
930 344 1060 380 iniusti
1085 350 1210 379 autem
1229 344 1281 379 ad
1301 343 1515 390 sinistram,

203 405 242 439 id
274 411 329 440 est
361 404 522 452 quinque
544 403 770 451 insipientes.
811 403 979 447 Quidam
1006 409 1146 451 putant
1168 402 1266 437 hanc
1281 402 1514 450 parabolam

204 462 255 497 ad
287 473 416 498 omnes
444 461 643 510 pertinere
675 467 709 496 et
731 461 783 496 ad
805 461 996 496 hereticos
1028 467 1064 495 et
1095 461 1146 495 ad
1177 460 1334 505 Judeos,
1364 466 1516 508 preter-

204 532 315 568 quam
339 520 390 554 ad
405 531 597 569 paganos,
631 519 717 567 quia
740 518 797 553 illi
818 519 1011 554 idolorum
1036 518 1188 553 cultura
1222 517 1401 566 corrupti
1431 524 1516 553 sunt

172 584 238 616 5et
271 577 444 627 virgines
476 577 552 612 dici
583 588 654 612 non
683 583 857 625 possunt.
906 576 1001 611 Vere
1033 582 1159 611 autem
1195 588 1261 612 nec
1293 576 1344 611 ad
1374 575 1518 611 Judeos

200 634 370 684 pertinet
402 646 467 670 nec
500 634 699 681 hereticos,
743 634 830 683 quia
879 646 951 669 non
972 641 1143 682 possunt
1173 633 1287 668 Judei
1333 633 1409 669 dici
1440 633 1518 668 vir-

202 693 314 744 gines
344 693 409 742 qui
424 692 600 741 proiecto
624 699 659 727 et
691 691 881 741 crucifixo
903 703 1043 740 sponso
1076 692 1297 727 adulterum
1323 691 1517 727 diabolum

203 757 466 799 susceperunt.
520 750 652 797 Neque
697 750 794 785 enim
828 749 991 785 heretici
1034 749 1205 800 virgines
1239 748 1317 785 dici
1341 755 1517 798 possunt,

204 808 290 856 quia
323 809 397 856 ipsi
442 808 660 843 adulterino
691 819 802 843 sensu
836 807 1014 856 corrupti
1046 807 1311 857 virginitatem
1344 806 1520 843 veritatis

152 883 189 903 10
210 865 360 902 Christi
389 865 610 901 adulterino
643 878 822 901 sermone
855 873 1122 914 corrumpunt.
1172 865 1248 901 Sed
1279 865 1331 900 ad
1363 864 1518 900 christi-

204 936 318 959 anum
346 924 534 972 populum
558 924 823 959 tantummodo
842 923 1023 972 pertinet,
1058 924 1104 959 de
1131 935 1203 972 quo
1221 923 1409 972 scriptum
1444 929 1520 958 est:

205 982 332 1017 Statuz'
363 994 430 1018 vos
482 982 546 1016 uni
578 981 662 1017 viro
697 981 888 1031 virginem
934 988 1080 1017 castam
1126 981 1310 1017 exhibere
1354 980 1518 1018 Christo.

211 1039 339 1075 Timeo
389 1046 515 1075 autem
566 1051 612 1075 ne
653 1039 750 1075 sicut
792 1051 951 1088 serpens
993 1039 1150 1075 seduxit
1199 1038 1327 1074 Evam
1371 1038 1518 1074 astucia

203 1089 286 1142 sita,
329 1097 384 1133 sic
416 1104 721 1146 corrumpantur
764 1109 897 1133 sensus
942 1097 1063 1132 vestri
1093 1110 1114 1132 a
1148 1096 1325 1132 castitate
1363 1108 1432 1145 que
1464 1103 1520 1132 est

152 1155 239 1190 15z‘n
278 1155 444 1191 Christo.
483 1156 608 1190 Fatue
635 1162 761 1190 autem
796 1155 969 1205 virgines
999 1162 1086 1190 sunt
1117 1166 1188 1202 que
1207 1154 1332 1204 fidem
1365 1154 1518 1203 quidem

211 1212 358 1249 Christi
388 1213 581 1263 integram
606 1213 757 1258 habent,
790 1225 908 1261 opera
941 1220 1067 1248 autem
1092 1212 1239 1248 iusticie
1271 1224 1343 1248 non
1367 1212 1517 1249 habent.

203 1270 317 1306 Judei
348 1283 438 1306 uero
483 1278 549 1306 aut
593 1270 752 1306 heretici
782 1283 899 1319 neque
919 1271 1045 1320 fidem
1079 1271 1218 1306 habent
1250 1282 1368 1318 neque
1400 1282 1519 1318 opera

199 1335 363 1377 possunt
418 1328 579 1372 habere;
629 1328 696 1364 sed
754 1329 907 1364 etiamsi
957 1340 1115 1377 operum
1175 1328 1300 1364 oleum
1357 1328 1520 1364 habeant

205 1386 321 1421 nichil
352 1386 405 1422 eis
431 1387 606 1435 prodest,
641 1387 726 1435 quia
762 1387 962 1436 lampades
996 1386 1099 1435 fidei
1141 1398 1214 1422 non
1255 1386 1393 1422 habent
1426 1398 1520 1434 quas

148 1462 189 1483 20
204 1444 428 1480 accendant.

262 1502 387 1537 ‘Tunc
409 1502 534 1538 simile
556 1503 658 1537 erit.³
692 1502 796 1538 Bene
828 1503 960 1547 ‘tunc‚³
995 1502 1081 1549 quia
1115 1501 1267 1537 interim
1293 1515 1365 1538 non
1400 1514 1519 1551 appa-

205 1567 263 1596 ret
295 1572 366 1608 que
392 1560 608 1608 prudentes
640 1567 738 1605 sunt,
786 1571 855 1608 que
877 1560 1008 1607 fatue,
1054 1571 1249 1608 quousque
1281 1567 1370 1596 tunc
1403 1561 1522 1595 multe

195 1618 313 1666 fatue
351 1618 452 1666 fient
496 1618 710 1666 prudentes
751 1624 785 1653 et
818 1618 936 1653 multe
979 1629 1049 1665 que
1088 1617 1267 1653 videntur
1307 1618 1522 1667 prudentes

194 1676 310 1724 fatue
333 1675 568 1725 efficiantur,
593 1676 697 1719 ‘Que
718 1682 950 1724 acceperunt
973 1675 1174 1724 lampades
1196 1678 1316 1715 suas.’
1351 1676 1523 1725 Lampas

149 1740 189 1772 25
206 1733 349 1769 dicitur
367 1733 486 1782 fides,
529 1734 616 1782 quia
649 1733 747 1769 sicut
779 1734 930 1782 lampas
963 1733 1156 1769 illuminat
1189 1734 1345 1770 domum
1380 1734 1416 1769 in
1450 1746 1521 1782 qua

206 1798 273 1837 est,
306 1790 360 1827 sic
384 1790 488 1838 fides
520 1791 712 1826 illuminat
743 1791 911 1827 animam
946 1791 1052 1826 cuius
1084 1798 1151 1827 est.
1186 1792 1423 1827 Accenditur
1455 1793 1523 1828 hec

207 1849 358 1898 lampas
390 1849 481 1898 igne
525 1849 646 1885 divini
689 1849 807 1885 verbi.
869 1849 1032 1884 Verbum
1073 1849 1169 1884 enim
1204 1850 1281 1885 Dei
1316 1849 1420 1899 ignis
1451 1857 1520 1897 est,

205 1906 303 1942 sicut
336 1907 426 1942 dicit
458 1907 670 1943 Dominus:
702 1907 835 1957 Ignem
871 1906 957 1942 veni
977 1907 1129 1943 mittere
1160 1907 1196 1942 in
1230 1915 1391 1943 terram.
1426 1908 1519 1943 Item

208 1964 353 2000 dicente
384 1964 592 2013 Apostolo:
634 1964 752 2000 Fides
791 1976 841 2000 ex
873 1964 1020 2010 auditu,
1065 1965 1222 2001 auditus
1258 1978 1330 2014 per
1362 1966 1520 2001 verbum

150 2030 191 2062 30
207 2022 292 2058 Dei.
328 2022 529 2071 Accipiunt
552 2022 724 2059 homines
757 2022 855 2057 hanc
888 2022 1121 2071 lampadem,
1156 2024 1308 2071 quando
1333 2024 1522 2060 venientes

206 2080 258 2115 ad
294 2079 492 2116 Christum
521 2093 596 2129 per
627 2081 850 2117 sacerdotes
881 2080 1073 2129 accipiunt
1106 2081 1292 2116 traditam
1316 2081 1389 2117 sibi
1420 2083 1521 2117 veri-

207 2137 296 2173 tatis
329 2138 558 2181 doctrinam,
591 2145 657 2173 aut
690 2134 809 2188 (sicut
831 2138 931 2174 alius
948 2135 1082 2190 putat)
1118 2139 1276 2174 verbum
1298 2139 1401 2188 fidei
1422 2140 1523 2188 quod

207 2195 423 2244 accepimus
445 2196 666 2232 accedentes
695 2197 747 2231 ad
773 2196 972 2232 Christum
998 2197 1155 2232 lucerna
1188 2197 1280 2243 eius,
1312 2197 1521 2233 secundum

207 2253 309 2301 quod
340 2253 527 2302 scriptum
562 2261 637 2289 est:
681 2253 859 2290 Lucerna
887 2254 1051 2303 pedihus
1083 2255 1176 2290 meis
1210 2255 1367 2291 verbum
1401 2262 1521 2291 tuum.

151 2316 190 2350 35
214 2311 347 2347 Oleum
381 2318 437 2347 est
469 2311 646 2347 doctrina
678 2312 924 2348 sacerdotum
958 2319 1024 2348 aut
1055 2319 1274 2348 ceterarum
1307 2313 1522 2362 scriptura-

208 2381 307 2414 rum,
340 2369 517 2416 quoniam
550 2369 649 2405 sicut
682 2370 853 2416 lucerna,
888 2370 961 2406 nisi
990 2370 1347 2407 subministraveris
1380 2371 1520 2415 oleum,

207 2426 480 2476 extinguetur:
529 2427 627 2463 sicut
675 2428 832 2463 verbum
865 2428 968 2477 fidei
1014 2428 1138 2464 nostri
1178 2429 1281 2477 quod
1324 2429 1522 2465 credentes

277 2654 302 2673 2.
323 2648 367 2674 A:
389 2647 468 2674 hanc
487 2647 581 2675 deest.
691 2656 717 2683 7.
739 2649 777 2676 B:
800 2649 932 2676 alterum
951 2649 1118 2676 diabolum.
1228 2657 1256 2683 ς).
1277 2650 1324 2677 A:
1345 2650 1521 2677 adulterino

208 2681 300 2708 deest.
375 2682 417 2709 16.
437 2683 480 2709 A:
503 2681 619 2710 Christi
636 2683 732 2710 deest.
803 2683 845 2710 25.
866 2686 910 2710 A:
931 2683 1012 2710 sicut
1030 2683 1123 2710 deest.
1198 2683 1243 2712 28.
1264 2685 1310 2711 A:
1334 2684 1410 2712 dicit
1427 2685 1520 2712 deest.

208 2714 251 2751 37.
273 2715 312 2743 B:
334 2716 548 2752 extinguitur;
567 2717 607 2744 ib,
629 2718 677 2745 A:
698 2717 760 2745 Dei
776 2718 886 2745 nostri.

285 2821 333 2842 12.
360 2811 399 2842 11.
427 2811 507 2843 Cor.
535 2813 588 2850 XI,
617 2822 646 2851 2,
675 2813 704 2845 Β.
770 2812 821 2844 28.
851 2813 965 2844 Lucae
991 2814 1061 2853 XII,
1093 2824 1142 2857 19.
1194 2824 1245 2856 29,
1273 2814 1374 2845 Rom.
1401 2815 1442 2854 X,
1474 2825 1521 2856 ¹7-

211 2858 264 2897 34.
292 2857 419 2888 Psalm.
447 2858 592 2898 CXVIII,
632 2858 703 2890 105.

1724 240 1801 278 237

1556 408 1634 435 This
1656 409 1780 443 parable

1584 443 1701 478 applies
1722 448 1753 471 to

1538 478 1703 505 christians
1723 479 1807 515 only,

1567 513 1650 540 since
1670 513 1763 548 Jews,

1566 547 1695 574 heretics
1716 548 1775 576 and

1546 590 1582 616 pa
1607 590 1662 609 ans
1685 587 1798 610 cannot

1617 626 1631 643 e
1652 618 1748 645 called

1605 653 1735 688 virgins,

1553 1511 1737 1547 Exposition
1759 1513 1793 1540 of

1552 1549 1602 1576 the
1617 1550 1740 1585 parable
1760 1550 1791 1577 in

1624 1585 1725 1612 detail.
