1986 3289
206 200 294 228 CAP.
317 191 427 245 XLV-J
578 204 637 235 DE
665 203 980 235 ANT1CHR1sTo
1009 205 1093 236 Lis.
1120 205 1143 236 1.

203 318 367 357 negaret
400 309 526 345 fidelis
559 308 764 346 racionem
797 309 1027 346 huiusmodi
1060 309 1115 346 sic
1144 310 1372 346 formatam.
1408 310 1511 346 Satis

204 367 367 415 quidem
420 376 478 404 est
530 376 886 416 quantumcunque
940 367 1098 404 modica
1157 367 1355 415 particula
1406 367 1511 404 illius

204 424 332 461 hostie
366 434 595 462 consecrate
627 425 677 461 sit
700 425 843 462 virtute
866 427 1080 462 verborum
1104 425 1267 462 Domini
1291 425 1513 473 figuraliter

202 482 334 530 ipsum
368 496 511 532 corpus
545 484 595 519 ad
627 495 786 519 sensum
822 483 1056 531 expositum.
1090 485 1138 520 Et
1161 483 1217 520 sic
1241 483 1336 520 dicit
1357 482 1511 531 logicus

171 541 310 589 §quod
345 553 488 589 corpus
522 540 668 577 Christi
700 540 750 577 sit
782 541 822 577 in
853 540 939 589 ipsa
972 541 1119 587 hostia3
1152 542 1220 578 sed
1252 554 1332 578 non
1367 553 1511 589 corpus

200 600 261 634 vel
300 599 515 635 materialis
555 598 783 635 substancia
822 599 861 635 in
900 599 987 647 ipsa
1026 599 1169 636 hostia.
1216 601 1297 636 Nec
1330 599 1511 647 sequitur

201 669 346 705 corpus
371 657 516 693 Christi
542 665 598 693 est
621 670 702 693 non
736 669 881 705 corpus
914 657 953 693 in
986 656 1072 705 ipsa
1106 657 1251 704 hostia,
1286 669 1379 705 ergo
1411 656 1509 692 illud

202 727 346 762 corpus
390 714 552 751 Domini
597 723 653 751 est
698 727 779 751 non
824 727 981 763 corpus,
1027 714 1128 751 sicut
1173 724 1283 763 patet
1327 716 1375 751 de
1418 726 1509 763 rege

200 781 357 809 terreno
402 772 470 821 qui
518 781 574 809 est
618 772 841 809 virtualiter
885 782 922 809 et
966 772 1245 821 potencialiter
1289 774 1339 809 ad
1385 773 1509 809 multa

148 845 186 866 10
200 839 348 877 puncta
399 831 458 866 sui
502 830 680 878 imperii3
734 839 771 867 et
814 839 950 867 tamen
1002 844 1083 867 non
1136 840 1193 867 est
1245 830 1510 878 corporaliter

199 887 361 933 ibidem,
407 890 475 924 sed
520 898 577 925 est
624 901 703 925 non
749 888 1014 937 corporaliter
1057 889 1117 925 vel
1162 888 1510 925 dimensionaliter

198 945 360 982 ibidem.
395 948 443 982 Et
476 959 567 983 cum
599 959 679 983 non
712 955 770 983 est
802 947 913 983 color
945 959 988 982 ex
1021 946 1096 983 isto
1129 947 1367 983 concludere
1400 947 1509 995 quod

199 1003 272 1040 iste
304 1016 369 1040 rex
401 1013 581 1041 terrenus
615 1004 664 1041 sit
696 1017 777 1041 non
809 1004 1073 1053 corporaliter
1095 1005 1156 1040 vel
1188 1017 1269 1041 non
1291 1003 1508 1040 dimensio-

198 1061 356 1108 naliter,
397 1062 491 1110 quia
533 1062 564 1098 si
606 1071 663 1099 est
695 1075 776 1098 non
810 1062 1169 1109 dimensionaliter‚
1209 1071 1304 1098 tunc
1337 1071 1394 1098 est
1426 1074 1509 1098 non

147 1119 544 1157 15dimensionaliter
591 1120 739 1157 alicubi
784 1128 821 1156 et
864 1133 934 1168 per
974 1132 1222 1169 consequens
1265 1119 1406 1156 nullibi
1452 1128 1510 1156 est

199 1177 558 1218 dimensionaliter.
593 1180 670 1215 Sed
702 1179 800 1215 tales
834 1178 1127 1215 controversias
1160 1177 1344 1226 relinquo
1367 1177 1507 1225 logicis

198 1243 234 1271 et
268 1235 469 1284 sophistis.

254 1295 302 1329 Et
341 1293 601 1329 conformiter
644 1293 945 1342 intelligendum
993 1303 1049 1330 est
1087 1294 1194 1342 quod
1233 1292 1506 1341 subpositacio

198 1359 234 1387 et
267 1351 530 1399 personalitas
564 1351 878 1399 distinguuntur,
919 1365 1009 1388 cum
1044 1351 1207 1388 cuilibet
1240 1363 1310 1398 per
1342 1363 1382 1387 se
1415 1352 1506 1387 sub-

142 1408 345 1445 20stancie
388 1409 490 1446 inest
527 1409 798 1457 suppositacio
842 1419 1049 1458 tamquam
1098 1409 1335 1446 naturaliter
1379 1408 1506 1445 inexi-

196 1475 315 1512 stens,
360 1468 428 1503 sed
467 1467 730 1515 personalitas
768 1480 849 1504 non
887 1467 988 1504 inest
1026 1467 1266 1504 naturaliter
1302 1466 1378 1503 nisi
1418 1479 1505 1515 per-

197 1537 292 1560 sone
339 1537 415 1573 que
459 1534 516 1561 est
556 1525 770 1562 racionalis
803 1525 1051 1571 substancia3
1091 1525 1130 1561 in
1163 1537 1334 1573 persona
1368 1533 1505 1561 tamen

197 1594 273 1630 que
307 1591 363 1618 est
395 1582 516 1619 simul
547 1583 785 1620 naturaliter
824 1596 994 1631 persona
1028 1592 1065 1619 et
1098 1582 1364 1631 suppositum,
1403 1582 1505 1618 sicut

196 1640 360 1676 inferius
405 1650 462 1677 est
504 1642 740 1678 naturaliter
784 1654 899 1678 suum
945 1641 1141 1689 superius,
1182 1649 1240 1677 est
1278 1640 1383 1677 idem
1418 1653 1505 1688 per-

140 1702 179 1734 25
196 1698 386 1735 sonalitas
430 1708 467 1735 et
510 1699 796 1747 suppositacio,
843 1700 997 1747 Corpus
1040 1708 1176 1736 tamen
1221 1698 1369 1734 Christi
1414 1711 1506 1734 con-

197 1756 348 1792 ceditur
371 1758 421 1793 ad
444 1769 604 1793 sensum
630 1758 867 1806 equivocum
893 1770 976 1793 esse
998 1769 1171 1805 persona
1195 1765 1231 1793 et
1253 1755 1505 1804 suppositum

197 1813 416 1861 disparium
451 1824 700 1851 naturarum.
734 1817 782 1851 Et
815 1815 869 1851 ita
901 1824 993 1851 sunt
1027 1815 1134 1851 mille
1157 1813 1506 1862 suppositaciones

196 1871 237 1907 in
261 1873 334 1909 hoc
357 1882 609 1909 sacramento
643 1882 679 1909 et
704 1874 778 1909 due
801 1873 1160 1921 suppositacione3‚
1185 1871 1337 1909 scilicet
1361 1884 1507 1920 suppo-

196 1929 336 1966 sitacio
360 1943 530 1978 persone
555 1931 700 1967 Christi
735 1940 771 1967 et
794 1931 1068 1979 suppositacio
1101 1930 1229 1967 hostie
1262 1939 1504 1975 consecrate,

141 1992 181 2024 30
196 1987 297 2024 sicut
329 1988 368 2024 in
391 1989 567 2036 qualibet
600 1998 796 2034 creatura,
830 1999 873 2025 ut
896 1999 952 2025 est
975 1989 1015 2025 in
1039 1989 1105 2025 illa
1130 1988 1288 2025 trinitas
1311 1988 1504 2033 increata,

194 2045 250 2082 sic
288 2055 346 2082 est
382 2046 422 2082 in
462 2046 528 2083 illa
566 2047 671 2083 trina
704 2047 970 2095 personalitas
1003 2059 1283 2095 personarum.
1330 2047 1379 2083 Et
1412 2058 1504 2082 cum

194 2103 262 2140 illa
294 2104 559 2151 personalitas
591 2104 640 2141 sit
672 2105 959 2152 suppositacio,
1001 2114 1058 2141 est
1090 2104 1195 2141 trina
1227 2104 1504 2152 suppositacio

194 2160 234 2196 in
274 2161 451 2210 qualibet
489 2171 685 2207 creatura,
725 2175 863 2199 verum
902 2171 1040 2199 tamen
1077 2175 1159 2200 non
1192 2170 1249 2198 est
1280 2161 1504 2198 formaliter

194 2219 283 2255 talis
321 2220 595 2267 suppositacio
639 2220 680 2256 in
725 2221 903 2269 qualibet
946 2229 1142 2266 creatura,
1190 2233 1280 2256 curn
1321 2219 1506 2268 supposi-

139 2276 299 2313 35taei0
338 2277 505 2325 requirit
544 2291 617 2326 pro
656 2278 835 2315 subiecto
868 2278 1155 2324 substanciam,
1196 2286 1239 2314 ut
1272 2277 1504 2314 accidencia

194 2347 275 2371 non
307 2344 398 2371 sunt
431 2336 638 2383 supposita
672 2338 721 2372 ad
754 2338 859 2372 hunc
893 2348 1069 2372 sensum.

251 2394 569 2440 Verumptamen
602 2393 703 2430 sicut
736 2395 881 2442 duplex
914 2403 971 2430 est
1003 2394 1242 2439 subiectum,
1276 2393 1332 2430 sic
1356 2394 1502 2441 duplex

195 2449 340 2486 dicitur
384 2462 467 2487 esse
511 2451 776 2499 suppositum.
822 2452 998 2500 Aliquod
1038 2451 1143 2488 enim
1186 2460 1243 2488 est
1275 2452 1500 2488 subiectum

194 2508 548 2544 transmutacionis
601 2518 637 2545 et
689 2509 854 2557 aliquod
916 2509 1140 2546 subiectum
1194 2509 1501 2557 predicacionis.

136 2578 180 2609 40
195 2565 427 2602 Subiectum
450 2566 804 2603 transmutacionis
823 2566 1012 2604 dividitur
1028 2569 1245 2604 secundum
1269 2567 1503 2604 divisionem

265 2722 288 2750 5.
322 2723 364 2750 A:
403 2723 463 2750 ista
500 2723 615 2750 lzostia.
752 2731 793 2756 14.
820 2723 864 2750 A:
897 2723 1083 2758 quia—non
1109 2724 1374 2751 dimensionaliter
1406 2725 1500 2752 deest.

195 2764 234 2790 21,
255 2765 297 2784 22.
325 2759 369 2784 A:
391 2758 421 2784 in
441 2766 474 2785 se
488 2766 643 2797 persone..
747 2765 793 2792 29.
822 2759 866 2784 A:
895 2758 997 2785 bestt'e.
1087 2767 1137 2791 40.
1172 2760 1199 2786 A
1221 2758 1251 2786 in
1280 2767 1393 2794 marga
1414 2757 1497 2786 Nota

193 2809 357 2837 subiectum
366 2794 542 2862 ὕξῖξὲῖξῖἔεῖ
537 2800 627 2854 {251²ng
631 2801 640 2819 ¹
643 2800 667 2819 S·

1727 199 1797 244 167

1544 619 1679 657 *Christe
1701 620 1783 657 body

1542 662 1568 680 is
1589 659 1642 681 not
1687 660 1786 682 resent

1541 688 1570 715 in
1590 689 1640 716 the
1682 694 1730 716 ost
1750 699 1782 717 as

1570 731 1586 750 a
1607 725 1744 751 material

1577 759 1754 786 substance.

1566 1301 1753 1330 Distinction

1591 1337 1726 1365 between

1545 1372 1773 1407 suppositation

1520 1407 1578 1433 and
1595 1407 1794 1444 personality;

1577 1442 1627 1468 the
1647 1442 1736 1469 latter

1547 1475 1673 1511 belongs
1693 1477 1765 1512 only

1565 1515 1596 1537 to
1617 1511 1745 1539 rational

1599 1546 1717 1581 beings.

1537 2411 1615 2439 Two
1635 2411 1726 2439 kinds
1747 2412 1779 2438 of

1591 2446 1722 2481 subject:

1624 2489 1643 2509 ι.
1665 2481 1699 2508 of

1529 2515 1779 2551 transmutation‚

1619 2558 1644 2577 2.
1665 2550 1701 2577 of

1557 2584 1760 2620 predication.
