1986 3289
146 203 220 249 178

152 369 221 396 (lod
244 370 269 396 is
291 377 400 396 noaret·

149 410 179 431 to
199 414 234 432 us
254 405 325 431 than
349 413 407 439 any

173 444 246 470 such
270 442 392 477 prolate.

181 1251 232 1278 Lct
253 1258 288 1276 us
310 1248 399 1283 judge

170 1288 253 1313 them
276 1285 313 1320 by
334 1284 412 1310 their

160 1322 264 1348 works
279 1320 337 1346 and
354 1323 433 1346 trust

179 1361 210 1383 to
230 1356 279 1383 the
300 1354 410 1387 simple

154 1399 260 1418 means
282 1389 432 1424 provided

210 1427 247 1462 by
269 1425 385 1453 Christ.

750 206 868 237 OPUS
894 204 1232 236 EVANGELICUM
1260 203 1344 234 LIB.
1371 203 1424 234 111.
1513 191 1619 245 [CAI'.
1642 201 1747 229 XLIX.

435 315 587 351 curiam
633 313 694 349 vel
739 312 916 360 prelatos
961 309 1170 346 interiores
1220 322 1292 357 pro
1336 308 1662 346 absolucionibus
1714 318 1752 346 et

435 371 523 408 aliis
558 369 755 418 suffragiis
797 368 1071 417 spiritualibus
1104 367 1384 415 impetrandis.
1418 369 1524 403 Deus
1557 366 1661 403 enim
1696 377 1752 404 est

437 429 666 477 presencior
696 427 848 463 cunctis
887 425 1119 462 hominibus
1160 437 1280 473 quam
1315 425 1489 472 prelatus
1522 424 1753 461 huiusmodi

437 496 565 536 potest
599 498 702 533 esse;
735 497 807 521 nec
840 492 971 532 potest
1004 484 1179 531 prelatus
1210 482 1276 519 ille
1310 485 1436 519 Deum
1472 495 1613 530 cogere
1645 483 1754 532 quic-

437 558 557 593 quam
592 545 688 580 dare
720 555 793 579 nec
821 541 1062 579 necessitare
1094 540 1170 578 nisi
1209 540 1371 577 racione
1405 540 1535 577 meriti
1567 549 1610 576 ut
1648 543 1787 585 Deus5

437 605 502 639 det
547 601 698 650 aliquid
751 600 884 637 alicui.
949 601 1048 636 Cum
1096 611 1188 646 ergo
1221 601 1327 634 Deus
1371 611 1452 634 non
1499 607 1628 646 potest
1660 600 1754 635 dare

437 660 654 709 quicquam
690 657 844 695 homini
867 658 973 694 ultra
1007 659 1082 693 hoc
1115 657 1224 705 quod
1258 656 1400 704 dignus
1430 656 1563 702 fuerit,
1598 665 1634 692 et
1667 656 1755 693 talis

437 719 614 767 prelatus
647 716 863 753 infideliter
896 714 1104 763 captivans
1137 714 1319 750 subditos
1352 727 1433 750 non
1466 714 1574 762 ipsos
1607 713 1647 750 in
1680 715 1756 750 hoc

439 775 658 824 dignificat‚
712 774 869 811 videtur
914 774 1022 821 quod
1070 770 1171 809 foret
1220 771 1364 808 melius
1411 772 1615 808 hominem
1652 781 1756 809 stare

439 833 548 870 domi
592 842 629 870 et
676 831 819 869 mereri
864 832 971 879 apud
1005 833 1133 867 Deum
1180 829 1253 866 sibi
1288 838 1512 877 presentem
1546 842 1667 878 quarn
1707 831 1757 866 ad
1779 853 1816 874 10

438 892 637 940 prelatum
684 891 805 926 talem
840 889 880 925 in
913 901 1035 925 causa
1075 887 1306 924 huiusmodi
1339 888 1537 925 laborare.
1591 888 1685 924 Ideo
1718 887 1758 924 in

440 949 644 997 evangelio
690 949 859 984 docetur
912 947 1119 995 quomodo
1165 945 1346 982 Christus
1391 946 1490 982 tales
1545 945 1758 994 opiniones

440 1019 628 1043 erroneas
660 1006 878 1042 refellebat.
913 1004 1106 1041 Diabolus
1139 1016 1234 1051 ergo
1258 1003 1299 1039 in
1329 1015 1503 1052 persona
1525 1003 1759 1040 Antichristi

441 1064 571 1101 illudit
615 1064 656 1100 in
690 1063 767 1100 fide
812 1062 998 1099 fidelibus
1031 1071 1068 1098 et
1100 1061 1328 1109 specialiter
1361 1070 1528 1109 propter
1560 1062 1757 1098 defectum

442 1124 698 1160 sacerdotum
743 1120 811 1169 qui
859 1121 979 1157 talem
1024 1119 1235 1168 perfidiam
1284 1121 1558 1167 reprobarent.
1618 1119 1760 1155 Videat
1780 1133 1817 1164 15

444 1181 565 1229 igitur
610 1180 837 1215 mundanus
885 1179 1093 1226 quomodo
1126 1177 1411 1225 decepcionem
1456 1177 1497 1213 in
1530 1176 1762 1214 mel-candia

444 1237 730 1286 temporalium
779 1236 956 1273 evitaret.
1012 1237 1145 1281 Quare
1184 1247 1277 1283 ergo
1310 1248 1391 1272 non
1439 1236 1527 1283 plus
1561 1235 1763 1284 diligendo

448 1297 617 1333 salutem
662 1307 731 1331 sue
780 1294 915 1331 anime
965 1293 1249 1342 decepcionem
1289 1293 1330 1330 in
1374 1293 1606 1330 mercandia
1649 1293 1763 1342 spiri-

449 1354 617 1391 tualium
652 1352 989 1390 concernencium
1022 1353 1192 1388 salutem
1227 1364 1295 1387 sue
1336 1351 1469 1389 anime
1500 1364 1582 1388 non
1622 1351 1760 1388 evitat?

449 1415 497 1449 Et
528 1412 583 1449 sic
607 1424 696 1448 cum
723 1423 846 1459 opera
868 1410 947 1447 vite
971 1409 1159 1455 hominis,
1194 1409 1295 1446 sicut
1319 1409 1500 1446 Christus
1532 1410 1572 1445 in
1604 1422 1644 1446 se
1676 1409 1763 1458 ipso
1779 1433 1823 1455 20

449 1470 633 1519 precipit,
664 1471 805 1506 darent
838 1468 971 1514 fidem,
1005 1480 1087 1504 non
1119 1468 1221 1504 foret
1255 1468 1350 1504 fides
1383 1469 1452 1504 sed
1486 1469 1533 1504 de
1565 1467 1765 1515 probabili

447 1529 590 1565 falsum
626 1529 673 1564 de
707 1538 951 1575 quocunque
990 1525 1059 1562 tali
1095 1526 1250 1573 prelato
1284 1527 1393 1573 quod
1425 1525 1509 1573 ipse
1542 1526 1645 1562 foret
1676 1538 1764 1573 pre-

447 1587 551 1623 latus
585 1595 651 1622 aut
684 1584 865 1621 minister
898 1583 1064 1620 Domini
1097 1583 1160 1620 cui
1193 1584 1364 1632 populus
1397 1585 1620 1620 adhereret.
1660 1585 1766 1619 Deus

449 1644 554 1681 enim
608 1643 742 1692 posuit
793 1643 833 1679 in
878 1641 954 1679 ista
999 1654 1187 1678 mensura
1232 1641 1323 1678 fidei
1369 1654 1437 1678 sue
1476 1641 1765 1678 sufficienciam

449 1703 557 1750 quod
621 1703 743 1738 homo
792 1709 925 1749 posset
969 1712 1040 1748 per
1096 1712 1226 1748 pauca
1283 1699 1415 1736 media
1470 1708 1591 1747 atque
1634 1698 1766 1736 facilia
1783 1712 1823 1745 25

450 1760 584 1797 venire
617 1761 667 1796 ad
700 1759 888 1807 patriam.
922 1760 1015 1795 Ideo
1049 1757 1152 1794 inter
1183 1757 1281 1794 alias
1305 1758 1480 1794 cautelas
1513 1757 1663 1793 diaboli
1696 1758 1768 1794 hec

451 1827 508 1854 est
546 1830 626 1853 una
671 1818 780 1865 quod
827 1829 897 1864 per
930 1816 1103 1863 prelatos
1148 1815 1237 1852 illos
1282 1815 1455 1852 cesarios
1499 1815 1594 1851 facit
1626 1816 1766 1851 rudem

451 1876 645 1925 populum
681 1874 899 1911 infideliter
944 1875 1105 1911 credere
1150 1875 1258 1921 quod
1292 1886 1373 1909 non
1405 1873 1489 1909 sine
1532 1886 1604 1909 suo
1651 1872 1766 1921 spiri-

453 1934 550 1970 tuali
584 1933 773 1980 suffragio
807 1932 856 1968 sit
888 1933 1114 1969 salvandus.
1169 1934 1216 1967 Et
1249 1931 1338 1968 talis
1372 1930 1631 1967 difficultacio
1663 1931 1767 1967 facta

455 1991 724 2028 communiter
758 1999 923 2039 propter
957 1989 1184 2038 cupidinem
1221 1998 1278 2026 est
1311 1989 1459 2026 heresis
1493 1988 1717 2025 manifesta.
1784 1997 1825 2029 30

940 2125 1078 2167 CAP.
1114 2125 1294 2165 XLIX.

515 2226 650 2260 Restat
694 2223 827 2259 videre
872 2223 1079 2270 quomodo
1124 2230 1201 2257 tres
1248 2230 1380 2268 partes
1412 2229 1621 2268 sequentes
1655 2232 1767 2256 evan-

459 2281 548 2329 gelii
598 2290 689 2317 suut
723 2281 934 2328 glosande3
982 2279 1077 2316 dicit
1117 2279 1221 2315 enim
1257 2278 1438 2315 Christus
1471 2278 1510 2314 in
1543 2277 1767 2314 remedium

459 2339 575 2375 huius
628 2330 912 2386 pestilencialis
957 2336 1209 2373 seduccionis
1254 2335 1421 2373 diaboli:
1482 2336 1585 2372 Tunc
1628 2336 1691 2384 qui
1733 2335 1768 2370 in

456 2398 577 2433 Judea
622 2404 708 2432 sunt
730 2396 896 2446 fugiant
927 2396 979 2431 ad
1022 2402 1180 2441 montes,
1214 2402 1248 2430 et
1286 2395 1351 2443 qui
1381 2395 1416 2430 in
1449 2401 1546 2430 tecto
1579 2406 1652 2429 non
1685 2394 1768 2429 τίθε-
1787 2405 1826 2440 35

458 2455 616 2491 scendat
648 2455 785 2490 tollere
817 2454 963 2502 aliquid
996 2454 1040 2489 de
1073 2454 1187 2489 domo
1224 2465 1306 2495 sua,
1338 2460 1374 2488 et
1405 2452 1469 2500 qui
1498 2452 1533 2487 in
1565 2463 1667 2501 agro
1698 2463 1770 2487 non

460 2519 684 2549 revertatur
735 2512 872 2548 tollere
911 2512 1076 2547 tunicam
1122 2523 1244 2546 suam.
1299 2510 1422 2545 Cuius
1475 2508 1769 2557 exposicionem

532 2706 640 2738 18—19.
657 2705 700 2731 A:
715 2704 946 2731 sue-salutem
958 2704 1051 2730 deest.
1126 2702 1163 2730 31.
1181 2704 1225 2730 A:
1244 2702 1319 2737 Cap.
1341 2701 1391 2729 XL
1400 2702 1481 2729 VIII:
1503 2700 1610 2736 13:49.
1684 2699 1726 2727 32.
1742 2701 1770 2727 A

462 2741 490 2767 in
514 2747 628 2774 marg:
648 2739 811 2766 johannes.

533 2824 584 2862 34.
614 2822 731 2852 Marth.
760 2823 877 2861 XXIV,
912 2820 1053 2854 16—18.
