1986 3289
218 198 457 252 CA1³.XXX1.]
594 211 653 242 DE
681 210 996 243 Auricumsro
1025 210 1108 242 ΜΒ.
1136 210 1158 242 1.

218 319 341 355 multe
373 318 599 367 spirituales
643 318 873 366 pestilencie
911 331 982 366 per
1011 317 1338 366 pseudochristos
1367 319 1528 355 descen-

219 377 403 413 dencium
450 378 499 413 ad
538 376 737 413 infernum
778 385 815 413 et
854 377 978 413 fames
1018 376 1209 413 audiendi
1242 376 1435 424 evangelii
1467 376 1529 413 vel

219 434 311 471 fidei
343 435 583 471 orthodoxe„

1740 205 1811 240 115

276 495 318 528 In
362 492 474 529 cuius
519 491 767 529 evidenciam
813 492 983 529 ludicria
1028 501 1065 529 et
1105 491 1319 529 mendacia
1358 491 1528 528 fratrum
1544 499 1610 527 The
1631 500 1814 536 buffoonery

185 550 375 599 §plebem
408 559 499 598 post
530 563 756 587 sermonem
790 550 1055 598 spoliancium
1091 550 1312 587 simoniace
1335 549 1529 586 libencius

218 617 310 644 sunt
332 608 482 655 audita,
508 616 545 644 et
567 607 819 656 predicantes
843 608 1093 656 evangelium
1124 609 1314 657 informa
1338 615 1372 644 et
1395 608 1528 658 lingua

211 667 302 715 plus
334 665 572 717 intelligibili
601 675 693 702 sunt
725 666 916 714 depressi,
957 679 1049 703 cum
1081 666 1237 711 fratres,
1279 665 1458 714 episcopi
1493 673 1530 701 et

217 724 276 760 sui
317 724 545 772 complices,
592 725 811 761 abhorrent
851 725 958 773 quod
999 724 1248 773 evangelium
1288 723 1329 759 in
1360 723 1529 771 Anglico

218 791 497 830 cognoscatur.
538 783 645 818 Istud
685 790 820 819 autem
860 782 1008 819 malum
1051 782 1277 819 audivimus
1317 781 1358 817 in
1391 781 1530 817 diebus

165 852 202 872 10
216 840 363 876 nostris
396 840 436 876 in
468 839 624 888 Anglia.

1610 535 1644 562 of
1660 535 1751 562 friars

1580 569 1734 603 preferred
1755 574 1785 596 10

1637 605 1728 631 sober

1590 639 1767 673 preaching.

274 900 354 934 Nec
378 897 543 934 dubium
569 897 666 946 quin
689 897 763 934 ista
785 907 877 934 sunt
900 897 1020 934 inicia
1044 898 1229 934 dolorum
1256 896 1527 945 periculorum
1544 904 1611 931 The
1632 909 1711 931 sects
1732 904 1808 930 have

216 956 368 1001 anime3
409 968 482 992 nec
521 956 647 992 solum
689 955 730 991 in
762 969 843 992 uno
877 969 982 992 anno
1014 956 1075 992 vel
1107 968 1187 992 uno
1227 956 1360 992 seculo
1393 955 1530 1003 genuit

216 1013 399 1050 diabolus
431 1014 538 1050 istud
571 1014 720 1051 malum
756 1015 825 1050 sed
857 1013 1078 1051 successive
1107 1026 1178 1062 per
1199 1014 1321 1061 longa
1344 1023 1529 1060 tempora

216 1080 253 1108 et
292 1080 419 1108 sectas
460 1080 632 1120 quatuor
671 1080 776 1108 secte
817 1072 965 1109 Christi
998 1071 1219 1108 contrarias
1252 1071 1439 1119 produxit
1471 1070 1530 1107 in-

164 1130 200 1162 15
216 1130 455 1166 sensibiliter
478 1131 635 1166 hereses
658 1129 886 1177 graviorum
924 1130 1107 1166 heresum
1143 1129 1380 1166 inductivas.
1415 1130 1529 1165 Unde

216 1187 421 1236 signanter
454 1188 550 1224 dicit
573 1187 753 1224 Christus
786 1187 826 1223 in
858 1187 1059 1235 principio
1093 1189 1203 1236 quod
1235 1187 1409 1222 audituri
1439 1187 1530 1223 estis

94 1244 177 1288 416¹³
210 1246 338 1296 prelia
371 1253 406 1282 et
443 1246 638 1295 opiniones
665 1241 669 1297 Ι
694 1246 927 1294 preliorum.
972 1245 1088 1281 Multi
1127 1245 1235 1281 enim
1275 1244 1452 1293 episcopi
1492 1253 1529 1280 et

1589 939 1722 973 brought
1742 939 1772 965 in

1602 973 1747 1001 heresies.

215 1304 357 1340 fratres
403 1317 492 1340 cum
541 1303 711 1340 seculari
756 1303 922 1339 brachio
960 1304 1179 1339 defendunt
1218 1304 1327 1351 quod
1371 1302 1526 1342 licitum
1554 1321 1689 1356 fflshops
1710 1321 1800 1348 claim

217 1370 275 1398 est
313 1370 349 1398 et
383 1361 635 1398 meritorium
674 1361 913 1409 generaliter
952 1360 1192 1409 presbyteris
1239 1372 1525 1408 compugnare,
1543 1356 1816 1418 {vssiusshisningihizo

1622 1412 1628 1424 ‚

160 1433 201 1453 20
215 1429 259 1456 ut
281 1428 388 1468 patet
404 1421 450 1456 de
465 1419 720 1467 Norwycensi
736 1419 926 1467 episcopo
950 1432 1039 1456 cum
1059 1418 1193 1455 multis
1211 1418 1525 1467 presbiterorum

215 1477 426 1526 generibus
480 1487 517 1514 et
568 1477 797 1526 specialiter
848 1477 1038 1514 fratribus
1090 1477 1130 1513 in
1183 1489 1304 1513 causa
1356 1476 1527 1513 Romani

216 1535 393 1584 episcopi
452 1535 682 1572 Flandriam
743 1536 967 1571 invadente.
1022 1537 1070 1571 Et
1129 1536 1179 1571 ad
1233 1535 1308 1571 hoc
1360 1534 1531 1571 formate

215 1594 373 1630 fuerant
419 1593 672 1641 indulgencie
717 1602 832 1630 antea
872 1592 1066 1638 inaudite,
1112 1601 1149 1629 et
1188 1593 1329 1629 fratres
1372 1593 1530 1640 plebem

215 1651 422 1688 stimulant
465 1651 507 1688 in
552 1652 631 1688 suis
678 1651 936 1700 opinionibus
975 1652 1082 1699 quod
1126 1650 1222 1687 talia
1266 1650 1393 1698 prelia
1440 1659 1532 1687 sunt

160 1713 199 1745 25
215 1709 325 1746 licita
373 1722 415 1746 ex
452 1710 582 1746 verbis
621 1718 658 1746 et
695 1709 883 1758 operibus
923 1708 1020 1757 legis
1060 1708 1227 1754 Christi;
1273 1709 1340 1745 sed
1373 1721 1532 1756 semper

217 1767 343 1816 magis
375 1767 597 1803 timendum
633 1776 690 1803 est
723 1769 770 1803 de
802 1766 937 1815 preliis
975 1766 1249 1815 spiritualibus
1283 1775 1320 1803 et
1351 1766 1530 1814 ipsorum

217 1825 474 1874 opinionibus
508 1825 613 1862 circa
646 1825 780 1863 fidem.

276 1883 545 1920 Crisostomus
597 1892 729 1919 autem
776 1895 895 1930 super
939 1882 1017 1918 isto
1072 1890 1181 1918 textu
1234 1882 1289 1918 sic
1336 1881 1528 1930 loquitur:

224 1942 327 1977 Tunc
373 1942 522 1990 quidem
569 1941 829 1990 corporaliter
880 1953 922 1976 ea
977 1940 1124 1976 dicebat
1166 1941 1296 1989 prelia
1340 1940 1531 1976 audienda

161 2010 202 2042 30
217 2011 287 2047 que
319 2007 454 2036 contra
485 1999 647 2035 Judeam
678 1999 919 2048 preparabat
948 1998 1161 2047 imperator
1183 1999 1394 2034 Romanus.
1428 1998 1530 2033 Nam

216 2057 313 2093 sicut
345 2057 443 2093 solet
462 2057 561 2107 fieri
591 2057 626 2092 in
653 2057 934 2106 preparacione
956 2056 1057 2102 belli,
1092 2056 1181 2091 dum
1205 2056 1404 2106 eliguntur
1419 2056 1530 2105 prin-

216 2115 328 2163 cipes,
374 2116 462 2150 dum
502 2115 708 2164 deputatur
746 2121 781 2150 et
820 2121 1091 2165 congregatur
1129 2114 1336 2161 exercitus,
1380 2114 1531 2149 audicio

217 2173 388 2209 maxime
431 2173 555 2208 currit
597 2173 649 2208 ad
696 2185 759 2208 eos
791 2173 981 2208 adversus
1031 2184 1123 2221 quos
1148 2179 1400 2221 preparatur.
1455 2172 1532 2208 Sed

211 2238 417 2279 postquam
464 2231 665 2281 ingressus
709 2238 764 2266 est
803 2230 999 2266 exercitus
1037 2231 1073 2265 in
1110 2230 1289 2276 Judeam,
1332 2230 1430 2266 sicut
1461 2241 1530 2265 ex·-

162 2289 343 2337 35posuit
372 2289 572 2337 Joseplms,
617 2300 689 2324 uon
721 2288 849 2324 statim
889 2289 940 2323 ad
969 2288 1185 2324 Jerusalem
1226 2287 1434 2337 applicavit
1464 2287 1532 2323 sed

217 2347 269 2381 aa'
312 2347 483 2382 civitates
526 2346 703 2395 singulas
748 2346 919 2396 regionis
962 2346 1078 2393 illius,
1130 2354 1165 2382 et
1217 2346 1370 2382 diversa
1418 2345 1532 2394 prius

215 2412 327 2454 gesta
350 2411 436 2440 sunt
458 2405 555 2440 bella
580 2411 614 2439 et
637 2404 808 2452 plurime
840 2403 1014 2440 civitates
1037 2411 1163 2452 capte;
1193 2411 1228 2439 et
1249 2404 1305 2439 sic
1327 2403 1532 2439 novissime

215 2461 430 2498 Jerusalem
493 2462 638 2497 obsedit
699 2461 905 2499 exercitus.
969 2462 1058 2498 Ideo
1112 2462 1271 2497 mandat
1334 2461 1531 2497 Christus.-

287 2664 310 2692 3.
332 2667 375 2692 A:
391 2665 469 2700 fide.
560 2671 588 2697 9.
610 2665 657 2691 A:
685 2667 924 2700 cognoscantur.
1003 2672 1119 2691 ’Σο-22,
1141 2665 1185 2691 A:
1215 2672 1280 2691 cum
1299 2663 1531 2699 multis—epis-

217 2701 289 2735 copi
306 2701 411 2743 dees'u
465 2707 511 2732 22,
531 2698 575 2726 23.
598 2700 635 2726 13:
664 2698 972 2760 (melgorio-ficerunt
989 2699 1190 2734 indulgencie
1209 2701 1322 2726 autem.
1386 2698 1429 2726 28.
1452 2701 1479 2725 A
1501 2699 1530 2724 in

217 2743 330 2769 marg:
356 2735 572 2762 Crzsostomus.
666 2733 703 2761 31.
760 2744 765 2761 :
786 2734 916 2770 eligunt.
1009 2730 1053 2760 38.
1075 2735 1119 2760 A:
1142 2733 1277 2760 obsedet.

301 2839 353 2871 29.
380 2829 447 2871 Op.
475 2830 565 2870 Imp*
587 2828 609 2860 1.
636 2839 662 2860 c,
689 2839 720 2870 p.
747 2838 811 2871 942
841 2828 942 2870 (CC).

1599 1426 1749 1453 Flanders

1605 1461 1746 1488 crusade.

1568 1888 1791 1925 chrysostom:

1557 1923 1702 1960 Literally
1722 1925 1806 1952 these

1557 1960 1662 1986 words
1683 1960 1805 1994 applied

1563 1999 1593 2021 to
1614 1994 1664 2021 the
1684 1994 1801 2022 Roman

1577 2029 1789 2063 preparations

1570 2064 1618 2090 for
1638 2065 1790 2099 attackmg

1619 2098 1744 2126 Judaea,
