1986 3289
200 171 279 218 298
810 179 973 211 OPERIS
999 179 1281 211 EVANGELICI
1309 180 1393 211 ΜΒ.
1419 180 1476 211 1v.
1617 166 1796 223 [CAP.1V.

487 297 622 321 manus
666 292 700 320 et
744 292 870 334 caput.
916 285 1021 320 Dicit
1058 285 1093 321 ei
1120 285 1251 321 Jesus:
1300 286 1377 330 Qui
1407 286 1507 322 lotus
1539 293 1594 322 est
1626 298 1699 322 non
1744 286 1797 322 in-

488 343 595 394 diget
627 343 701 378 nisi
731 350 770 378 ut
797 343 918 392 pedes
951 343 1053 378 lavet
1083 344 1152 379 sed
1183 351 1239 379 est
1271 344 1435 379 mundus
1467 351 1580 380 totus.

278 408 391 436 Peter's
546 402 675 448 Super
707 412 786 448 quo
820 400 1085 448 Augustinus:
1137 402 1232 436 Cum
1273 402 1427 437 lavaret
1459 401 1650 438 Dominus
1680 402 1799 450 pedes

210 447 453 472 remonstrance.
487 458 780 507 discipulorum,
811 459 910 494 venit
932 459 984 494 ad
1007 459 1200 494 Simonem
1228 459 1386 494 Petrum
1417 466 1451 495 et
1475 459 1566 495 dicit
1587 459 1622 494 ei
1641 461 1797 496 Petrus:

486 516 672 552 Domine:
711 516 764 550 Tu
798 516 891 551 mihi
929 516 1038 552 lavas
1060 517 1210 565 pedes?
1247 517 1341 561 Quis
1376 517 1474 552 enim
1509 529 1581 553 non
1614 521 1831 566 expaves-5

487 581 589 610 ceret
613 573 743 609 lavari
763 574 836 609 sibi
858 574 978 623 pedes
1000 587 1021 609 a
1045 575 1122 610 Dei
1140 574 1261 624 filio?
1299 575 1487 618 Quamvis
1510 575 1799 625 itaque-magne

487 631 635 680 suisset
678 632 840 667 audacie
886 632 1154 668 contradicere
1196 644 1352 668 servum
1388 632 1555 676 domino,
1607 633 1797 668 hominem

486 690 584 736 Deo,
629 696 756 725 tamen
802 690 873 725 hoc
905 690 1046 725 Petrus
1067 691 1211 738 facere
1242 690 1377 726 maluit
1409 702 1522 739 quam
1552 690 1715 739 perpeti,
1761 697 1800 725 ut

486 747 557 782 sibi
594 747 714 795 pedes
758 747 987 783 lavarentur
1030 760 1051 783 a
1098 748 1268 784 Domino
1312 756 1347 784 et
1390 748 1488 785 Deo.
1542 748 1622 784 Nec
1658 755 1800 797 putare

487 805 666 840 debemus
689 806 759 841 hoc
782 805 939 841 Petrum
974 805 1075 841 inter
1097 813 1244 842 ceteros
1267 805 1516 853 formidasse
1548 813 1661 854 atque
1692 818 1800 841 recu·
1821 820 1858 841 10

485 875 604 909 sasse,
658 875 740 898 cum
775 863 815 898 id
846 864 914 898 alii
956 871 1044 899 ante
1087 864 1210 912 ipsum
1260 864 1420 899 libenter
1458 864 1518 899 vel
1548 863 1802 912 equanimiter

486 920 558 956 sibi
577 920 676 970 fieri
702 921 984 970 permisissent.
1017 922 1188 957 Facilius
1210 921 1348 971 quippe
1378 922 1432 958 sic
1454 921 1698 971 accipiuntur
1729 922 1800 957 ista

488 979 604 1014 verba
650 979 855 1029 evangelii,
909 979 995 1028 quia
1037 992 1121 1015 cum
1167 980 1307 1016 dictum
1350 986 1469 1015 esset:
1524 979 1633 1029 Cepit
1666 980 1802 1016 lavare

483 1037 603 1085 pedes
649 1037 928 1087 discipulorum
962 1044 998 1073 et
1029 1045 1241 1087 extergere
1285 1037 1426 1073 lintheo
1471 1048 1543 1085 quo
1587 1044 1673 1073 erat
1707 1049 1800 1086 pre-

487 1094 643 1141 cinctus,
686 1095 823 1130 deinde
852 1095 1091 1131 subiunctum
1131 1102 1207 1131 est:
1251 1095 1357 1131 Venit
1394 1107 1492 1144 ergo
1525 1095 1577 1130 ad
1609 1095 1800 1131 Simonem
1822 1098 1858 1130 15

487 1151 660 1197 Petrum,
703 1153 812 1201 quasi
842 1153 1033 1202 aliquibus
1065 1153 1139 1188 iam
1174 1153 1331 1189 lavisset
1362 1160 1397 1189 et
1423 1160 1514 1202 post
1546 1165 1609 1189 eos
1642 1153 1803 1189 venisset

486 1210 538 1245 ad
564 1210 751 1259 primum.
792 1211 887 1254 Quis
919 1211 1016 1247 enim
1050 1211 1193 1247 nesciat
1220 1211 1392 1260 primum
1425 1211 1688 1259 apostolorum
1722 1223 1804 1247 esse

486 1268 746 1304 beatissimum
771 1269 962 1304 Petrum?
994 1269 1070 1305 Sed
1101 1281 1174 1305 non
1207 1269 1257 1305 ita
1291 1269 1583 1319 intelligendum
1617 1276 1672 1305 est
1702 1269 1804 1317 quod

482 1333 572 1375 post
604 1326 755 1374 aliquos
786 1327 838 1362 ad
870 1327 977 1362 illum
1019 1327 1181 1374 venerit,
1224 1327 1293 1362 sed
1324 1327 1426 1375 quod
1468 1327 1514 1362 ab
1547 1327 1614 1363 illo
1647 1327 1802 1375 ceperit.

494 1384 658 1427 Quando
703 1396 801 1435 ergo
829 1386 949 1433 pedes
992 1385 1258 1434 apostolorum
1294 1385 1429 1420 lavare
1473 1385 1583 1433 cepit,
1620 1385 1719 1420 venit
1752 1385 1803 1420 aa'
1819 1397 1861 1417 20

488 1454 571 1477 eum
605 1454 627 1477 a
659 1454 732 1491 quo
765 1443 872 1491 cepit,
907 1443 947 1478 id
979 1450 1046 1489 est,
1080 1443 1132 1478 ad
1161 1444 1333 1489 Petrum,
1367 1450 1402 1478 et
1435 1443 1533 1478 hunc
1556 1443 1696 1478 Petrus
1728 1454 1799 1490 quo

489 1500 607 1535 eciam
640 1500 795 1549 quilibet
828 1512 960 1537 eorum
994 1500 1228 1550 expavisset,
1262 1500 1421 1549 expavit
1452 1507 1565 1549 atque
1596 1500 1670 1535 ait:
1722 1501 1802 1536 Do-

488 1558 587 1593 mine
619 1565 657 1593 tu
690 1558 808 1594 michi
829 1559 938 1595 lavas
965 1559 1116 1607 pedes?
1154 1558 1258 1602 Quid
1280 1570 1329 1604 es,
1366 1558 1435 1593 tu?
1467 1558 1557 1606 quid
1580 1565 1635 1594 est
1658 1558 1803 1594 michi?

493 1615 713 1665 Cogitanda
744 1624 833 1652 sunt
861 1617 997 1665 pocius
1029 1629 1141 1665 quanz
1177 1617 1350 1663 dicenda,
1397 1628 1441 1651 ne
1463 1616 1578 1664 forte
1621 1617 1722 1664 quod
1753 1627 1803 1651 ex

489 1673 561 1709 hiis
596 1674 722 1709 verbis
766 1674 1006 1722 aliquatenus
1039 1675 1199 1724 dignum
1241 1674 1403 1722 concipit
1435 1674 1576 1717 anima,
1629 1686 1700 1709 non
1734 1675 1859 1710 eac-25

486 1732 601 1779 plicet
634 1732 782 1782 lingua.

547 1790 624 1825 Sed
656 1790 856 1838 respondit
886 1790 997 1826 Jesus
1035 1797 1070 1825 et
1109 1790 1207 1825 dixit
1241 1790 1294 1825 ei:
1344 1790 1458 1834 Quod
1489 1802 1562 1840 ego
1584 1789 1710 1838 facio,
1763 1796 1801 1824 tu

488 1847 609 1883 nescis
640 1848 768 1894 modo,
801 1848 897 1884 scies
928 1855 1053 1883 autem
1083 1855 1231 1897 postea.
1265 1848 1346 1884 Nec
1368 1855 1495 1884 tamen
1528 1847 1592 1883 ille
1625 1846 1805 1883 dominici

491 1905 599 1953 facti
627 1906 830 1941 altitudine
861 1906 1075 1942 exterritus
1108 1905 1301 1955 permittit
1321 1905 1421 1955 fieri
1459 1905 1561 1954 quod
1592 1917 1662 1941 cur
1682 1905 1802 1954 fieret

488 1963 709 2013 ignorabat,
756 1964 825 2000 sed
865 1975 981 2012 usque
1023 1964 1075 1998 ad
1105 1976 1195 2000 suos
1232 1964 1350 2012 pedes
1382 1963 1564 1999 humilem
1604 1963 1800 1998 Christum
1818 1966 1860 1998 30

487 2021 613 2057 adhuc
645 2034 717 2057 non
751 2022 833 2057 vult
855 2021 999 2067 videre,
1031 2033 1104 2057 non
1130 2029 1258 2070 potest
1288 2021 1486 2057 sustinere.
1522 2021 1609 2056 Non
1642 2020 1801 2066 lavabis,

487 2079 618 2128 inquit,
664 2079 781 2115 michi
817 2080 937 2128 pedes
974 2079 1010 2114 in
1049 2086 1235 2118 eternum.
1294 2079 1397 2123 Quid
1439 2086 1494 2115 est
1531 2079 1566 2114 in
1599 2078 1803 2115 eternum?

488 2137 707 2185 Numquam
741 2138 813 2173 hoc
838 2138 992 2186 feram,
1026 2149 1230 2185 numquam
1256 2137 1410 2185 paciar,
1443 2148 1647 2185 numquam
1677 2136 1800 2172 sinam

488 2195 571 2238 hoc,
610 2195 748 2244 quippe
779 2195 815 2230 in
854 2202 1025 2231 eternum
1059 2207 1131 2231 non
1153 2195 1206 2244 fit
1236 2195 1339 2244 quod
1370 2206 1574 2243 numquam
1597 2194 1661 2244 fit.
1700 2194 1803 2229 Tunc

487 2253 665 2289 salvator
707 2265 847 2304 egrum
893 2253 1144 2289 reluctantem
1194 2254 1239 2288 de
1282 2253 1400 2301 ipsius
1450 2252 1587 2288 salutis
1626 2251 1801 2301 periculo
1819 2254 1858 2288 35

489 2318 713 2347 exterrens:
752 2311 794 2346 Si
826 2323 898 2347 non
931 2311 1064 2347 lavero
1097 2318 1144 2357 te,
1186 2311 1317 2359 inquit,
1362 2322 1434 2346 non
1468 2310 1622 2346 habebis
1647 2316 1800 2358 partem

489 2380 649 2406 mecum.
684 2369 739 2404 Ita
774 2368 915 2404 dictum
950 2376 1024 2404 est:
1069 2369 1112 2404 Si
1144 2381 1215 2404 non
1257 2368 1389 2404 lavero
1422 2376 1469 2415 te,
1514 2380 1598 2404 cum
1633 2368 1680 2402 de
1709 2367 1803 2403 solis

483 2426 646 2475 pedibus
699 2434 900 2476 ageretur,
953 2427 1146 2474 quomodo
1192 2426 1269 2461 dici
1309 2426 1482 2462 adsolet:
1538 2425 1678 2461 Calcas
1729 2437 1801 2471 me,

489 2485 641 2532 quando
683 2485 766 2520 sola
806 2485 943 2533 planta
991 2485 1178 2520 calcatur.
1231 2484 1280 2519 At
1324 2484 1390 2519 ille
1427 2496 1561 2520 amore
1599 2490 1635 2519 et
1666 2482 1803 2519 timore

491 2722 520 2747 *b
554 2687 583 2748 l}
605 2689 632 2714 A
653 2688 819 2748 intimarga
842 2688 1041 2725 Augustinus.
1158 2697 1184 2723 7.
1207 2689 1250 2715 A:
1273 2688 1396 2714 homme
1416 2688 1457 2714 in.
1567 2687 1608 2714 16.
1629 2687 1674 2714 A:
1695 2686 1799 2722 quali,-

491 2731 496 2748 1
525 2743 529 2748 .
586 2732 591 2749 :
614 2731 682 2749 uem
700 2743 707 2749 .

562 2795 590 2825 3.
617 2795 649 2824 S.
679 2794 861 2835 Augustini
891 2794 909 2824 l.
939 2804 967 2825 c.
995 2804 1071 2836 pag.
1099 2793 1178 2826 655.
