1986 3289
169 230 256 258 CAP.
277 222 357 275 LX.]
575 233 633 264 DE
662 233 976 265 ANTICHRISTO
1004 233 1088 265 [ΑΒ.
1115 234 1137 265 Ι.

227 342 355 388 Super
408 353 487 388 quo
532 341 789 387 Jeronymus:
835 339 1042 389 Perspicue
1086 340 1250 376 ostendit
1292 339 1485 377 Dominus

169 410 288 447 quare
318 410 438 447 supra
483 397 601 433 dixit:
632 398 693 433 De
727 397 787 433 die
818 404 943 433 autem
978 397 1043 433 illa
1077 410 1186 434 nemo
1218 398 1334 444 novit,
1368 410 1486 447 neque

171 456 283 507 filius
316 456 482 492 hominis
525 466 643 503 neque
675 455 809 505 angeli
849 455 923 491 nisi
948 463 1064 504 pater
1106 456 1224 503 solus,
1276 457 1379 504 quod
1410 468 1483 492 non

172 512 358 563 expediat
388 514 489 549 scire
519 513 719 562 apostolis,
758 521 798 549 ut
823 513 991 562 pendule
1023 514 1308 563 expectacionis
1339 514 1484 550 incerto

138 579 153 611 5
169 584 323 620 semper
355 584 439 607 eum
464 572 625 607 credant
648 583 729 607 esse
752 578 954 606 venturum
979 583 1087 619 quem
1112 572 1310 622 ignorant,
1333 573 1485 620 quando

172 636 355 666 venturus
386 629 456 673 sit,·
503 636 538 664 et
569 641 642 665 non
677 629 777 664 dixit
810 629 895 677 quia
934 630 1124 666 nescimus
1155 642 1229 679 qua
1269 630 1367 665 hora
1401 642 1487 666 ven-

171 694 281 723 turus
324 687 373 723 sit
403 687 608 733 Dominus,
651 687 720 723 sed
757 686 908 723 nescitis
935 687 1202 736 premissoque
1241 688 1487 737 patrisfami-

173 746 221 781 lie
252 745 431 794 exemplo
461 757 531 780 cur
563 745 722 781 reticeat
744 745 1092 781 consummacionis
1125 746 1223 782 diem
1248 746 1490 795 manifestius

175 804 283 840 docet
316 802 462 839 dicens:
496 802 633 838 Estote
659 802 794 851 parati
824 803 910 851 quia
943 803 1095 839 nescitis
1118 804 1257 839 boram
1281 816 1353 852 qua
1376 804 1489 854 filius

122 867 159 887 10
174 861 340 896 hominis
373 868 557 896 venturus
589 868 654 896 est.
690 862 773 896 Hec
805 861 1057 908 Jeronymus.

230 918 398 954 Videtur
442 918 562 954 istum
609 927 793 954 sanctum
839 930 883 954 ex
914 931 1103 967 processu
1147 919 1340 967 evangelii
1373 919 1488 956 huius

174 977 415 1012 concludere
455 977 662 1025 quomodo
696 976 879 1012 Christus
913 977 1030 1013 docet
1063 977 1327 1014 saluberrime
1360 978 1487 1014 homi-

172 1046 241 1070 nes
273 1033 456 1082 vigilare3
490 1033 591 1070 sicut
615 1035 720 1070 enim
756 1034 975 1081 corporalis
997 1034 1131 1083 vigilia
1155 1044 1212 1071 est
1235 1035 1488 1083 experreccio

172 1104 361 1128 sensuum
396 1094 447 1128 ad
480 1091 682 1129 sensibilia
706 1091 1014 1129 circumstancia
1047 1095 1386 1141 cognoscendum,
1420 1096 1488 1130 sed

120 1149 393 1197 15spiritualis
425 1149 558 1198 vigilia
592 1159 650 1186 est
696 1150 840 1186 mentis
875 1151 1105 1198 expereceio
1145 1152 1195 1187 ad
1229 1151 1353 1188 animi
1386 1152 1489 1199 peri-

174 1209 263 1245 cula
298 1210 577 1256 cognoscenda
612 1217 648 1244 et
681 1208 908 1256 specialiter
941 1210 1048 1257 quod
1082 1210 1204 1245 homo
1237 1209 1371 1246 videat
1411 1210 1488 1246 fide

172 1265 281 1313 vigili
315 1266 433 1303 fidem
480 1267 528 1302 de
562 1266 625 1302 die
658 1266 808 1305 iudicii.
862 1269 963 1302 Nam
997 1266 1105 1303 iuxta
1144 1267 1250 1303 dicta
1284 1267 1381 1304 fides
1414 1267 1490 1304 ista

176 1333 234 1360 est
265 1324 572 1361 fundamentum
607 1326 750 1360 domus
783 1324 1001 1372 spiritualis
1036 1324 1169 1361 anime
1203 1325 1315 1361 cuius
1348 1326 1491 1362 funda-

176 1391 355 1418 mentum
390 1382 595 1418 humilitas
629 1391 686 1418 est
719 1391 958 1419 sementum.
1003 1384 1187 1428 Quatuor
1220 1392 1351 1419 autem
1386 1384 1491 1431 pari-

118 1452 159 1474 20
176 1448 257 1476 etes
296 1449 386 1477 sunt
418 1440 584 1477 virtutes
629 1449 804 1489 quatuor
844 1440 1080 1484 cardinales,
1134 1440 1286 1477 scilicet
1319 1441 1490 1488 iusticia,

175 1498 409 1546 prudencia,
462 1497 657 1535 fortitudo
711 1507 747 1534 et
791 1498 1077 1546 temperancia.
1141 1500 1310 1535 Tectum
1357 1509 1489 1536 autem

176 1555 292 1592 huius
326 1557 468 1592 domus
502 1558 635 1604 quoad
678 1555 914 1592 meremium
951 1565 1007 1592 est
1040 1569 1129 1605 spes
1163 1557 1422 1594 beatitudinis
1455 1567 1492 1594 et

176 1613 333 1652 caritaS.
379 1615 673 1662 Tegumentum
709 1623 865 1651 constat
909 1623 1041 1650 autem
1076 1627 1119 1651 ex
1153 1614 1269 1651 dictis
1311 1624 1347 1652 et
1379 1629 1492 1664 prac-

176 1670 255 1708 tica
300 1673 507 1720 quomodo
553 1672 614 1708 fur
659 1672 844 1708 diabolus
877 1673 1003 1708 latens
1056 1672 1096 1708 in
1145 1673 1320 1710 tenebris
1353 1686 1493 1721 pecca-

120 1729 310 1765 25torum
357 1730 396 1765 in
442 1730 704 1767 fundamento
753 1730 845 1766 fidei
893 1729 1037 1766 nititur
1081 1731 1292 1779 perfodere
1325 1733 1491 1768 domum

176 1786 307 1823 istam.

235 1845 507 1882 Crisostomus
530 1853 664 1881 autem
699 1858 818 1893 super
842 1845 917 1882 isto
950 1854 1057 1882 textu
1090 1845 1145 1882 sic
1168 1846 1368 1895 loquitur:
1408 1848 1493 1892 Qua

177 1903 273 1938 enim
308 1904 463 1940 racione
507 1904 650 1939 homini
691 1904 938 1940 absconditus
982 1911 1036 1940 est
1070 1905 1149 1940 dies
1196 1905 1333 1941 mortis
1364 1905 1494 1954 ipsius.

185 1961 365 1997 Videlicet
408 1969 449 1997 ut
492 1974 646 2010 semper
694 1962 920 2010 benefaciat,
964 1974 1119 2011 semper
1169 1970 1331 1999 mortem
1384 1975 1494 1999 suam

121 2020 352 2068 Bosperans.
398 2019 547 2055 Eadem
593 2020 747 2056 racione
786 2028 821 2056 et
864 2021 910 2056 ab
950 2020 1124 2056 omnibus
1162 2021 1377 2057 hominibus
1429 2022 1495 2057 ab-

177 2077 373 2113 sconditus
394 2084 450 2113 est
473 2077 552 2113 dies
574 2078 760 2113 adventus
789 2078 946 2124 Christi,
993 2078 1168 2115 videlicet
1200 2086 1239 2114 ut
1276 2091 1345 2115 sua
1377 2091 1495 2129 gene-

179 2134 284 2171 racio
315 2135 489 2171 salvetur
518 2135 640 2171 sciens
670 2136 875 2171 adventum
909 2135 1041 2184 ipsius,
1072 2137 1141 2172 sed
1173 2149 1303 2173 omnes
1335 2138 1425 2172 dum
1459 2137 1495 2173 in

178 2192 343 2242 singulis
365 2193 572 2241 quibusque
592 2193 914 2244 generacionibus
928 2194 1115 2230 adventus
1144 2194 1294 2231 Christi
1312 2202 1496 2243 speratur

180 2257 215 2285 et
250 2250 418 2286 nescitur
458 2252 624 2299 quando,
673 2258 712 2286 ut
746 2251 922 2287 continue
956 2252 1149 2287 timeatur.
1196 2253 1286 2288 Ideo
1331 2253 1496 2289 interro-

125 2307 361 2359 3Sgantibus
392 2320 433 2344 se
465 2309 660 2357 discipulis
690 2309 790 2345 suis:
842 2309 1008 2345 Domine
1050 2310 1084 2345 si
1126 2310 1161 2345 in
1207 2318 1381 2359 tempore
1425 2310 1496 2347 hoc

182 2366 360 2402 restitues
392 2378 555 2416 regnum
582 2367 718 2411 Israel,
752 2367 972 2416 respondit:
1004 2367 1090 2403 Non
1114 2375 1170 2404 est
1193 2376 1362 2404 vestrum
1386 2381 1497 2405 nosse

181 2430 360 2473 tempora
394 2424 454 2460 vel
486 2432 677 2460 momenta
721 2437 792 2473 que
818 2431 936 2473 pater
963 2425 1094 2474 posuit
1126 2426 1161 2461 in
1194 2438 1263 2462 sua
1289 2433 1493 2475 potestate.

251 2617 271 2636 1.
292 2610 321 2636 A
340 2609 370 2636 in
388 2618 500 2645 marg.:
522 2611 713 2646 Jeronymus.
792 2619 826 2638 11.
848 2611 921 2638 Ain
937 2619 1051 2646 marg:
1071 2611 1242 2639 Johannes.
1316 2612 1354 2640 15.
1378 2611 1495 2640 Codd.:

181 2662 394 2697 expergeccio.
517 2670 556 2697 17.
578 2664 605 2689 A
626 2662 655 2689 in
673 2670 786 2697 marg:
812 2662 926 2697 Vigilz'a
947 2662 1060 2698 duplex
1089 2647 1104 2713 {
1126 2646 1312 2716 ξὲζῗίῗῖῖἕῧξ·
1393 2663 1435 2692 32.
1451 2665 1495 2692 A:

180 2713 299 2740 scilicet
315 2721 428 2741 omnes.
519 2712 566 2747 34,
588 2713 629 2741 35.
650 2716 694 2742 A:
722 2715 794 2742 Ideo
815 2715 896 2742 intus
916 2715 1111 2751 rogantibus.

234 2806 259 2827 1.
288 2796 427 2829 Comm.
454 2797 488 2828 in
514 2797 633 2829 Matth.
674 2798 693 2829 1.
721 2809 748 2829 c.
782 2809 859 2840 pag.
896 2809 971 2830 201.
1069 2809 1123 2841 27.
1151 2799 1250 2841 Opus
1283 2800 1368 2841 Imp.
1408 2799 1429 2831 1,
1468 2810 1497 2831 c.

184 2852 261 2884 pag.
288 2842 365 2885 957.
465 2844 514 2876 35.
546 2845 621 2875 Act.
648 2845 671 2884 I,
698 2843 729 2884 6,
757 2854 788 2886 7.

1694 237 1768 264 221

1567 350 1705 378 Jerome:

1523 385 1629 412 Christ
1650 386 1751 412 shews

1524 421 1595 455 why
1615 420 1665 447 the
1685 420 1744 447 dav

1516 463 1580 481 was
1600 459 1654 482 not
1673 459 1703 481 to
1724 451 1760 482 be

1576 490 1700 517 known.

1525 931 1593 959 The
1614 929 1752 966 spiritual

1591 967 1703 999 house;

1563 1001 1651 1028 Faith
1671 1001 1721 1027 the

1543 1035 1738 1068 foundation,

1532 1070 1680 1106 Humility
1699 1070 1751 1096 th:

1573 1109 1703 1136 cement,

1547 1140 1670 1168 Virtues
1689 1140 1740 1166 the

1602 1175 1683 1209 wall,

1556 1210 1646 1245 Hope
1667 1209 1725 1236 and

1540 1245 1667 1279 Charity
1687 1244 1736 1271 the

1605 1279 1684 1307 roos.

1536 1858 1757 1895 Chry:sostom

1526 1893 1709 1928 Advantage
1729 1893 1763 1920 of

1536 1933 1589 1955 not
1609 1928 1760 1963 knowing

1555 1963 1606 1990 the
1626 1963 1685 1999 day
1704 1962 1739 1989 of

1562 1997 1731 2034 judgment.
