1986 3289
192 205 270 253 256

186 555 253 583 The
274 556 329 583 five
350 556 461 584 talents

194 626 209 653 fi
216 591 333 652 νῐὲἒεῗῖἀῂ
337 599 365 664 {i
371 591 420 652 ii?
430 625 464 653 of

234 660 285 688 the
306 660 412 694 Splrlt.

221 1955 287 1982 The
308 1956 405 1983 lord's

187 1990 351 2025 departure
372 1990 456 2026 may'

209 2026 242 2052 be
261 2026 348 2052 taken
371 2028 419 2053 tor

253 2060 384 2087 Christ's

225 2096 398 2123 ascensiou.

244 2403 378 2432 Jcrome:

783 215 900 246 OPUS
927 215 1260 246 EVANGELICUM
1290 215 1371 246 1⁴13.
1400 215 1452 245 ΙΙΙ.
1516 203 1623 257 [CAR
1646 213 1781 240 LXVIII.

478 321 613 357 fideles
646 320 941 368 predestinatos
973 330 1061 369 post
1085 320 1359 357 ascensionem
1391 321 1523 357 dando
1556 320 1632 357 illis
1665 321 1784 358 caris-

479 386 587 414 mata
621 378 789 424 diversa,
836 378 938 414 sicut
985 387 1094 426 patet
1128 378 1167 414 in
1212 379 1403 415 descensu
1444 378 1579 415 Sancti
1612 378 1784 427 Spiritus

478 448 597 484 super
630 448 722 472 suos
755 436 987 484 discipulos.

535 496 704 530 Possunt
727 502 860 530 autem
894 502 1033 531 notare
1056 493 1233 542 quinque
1266 494 1417 530 talenta
1450 494 1682 542 quintuplex
1715 495 1783 531 do-

475 565 570 588 num
605 551 742 588 Sancti
766 544 938 600 Spiritus
972 553 1081 600 quod
1113 551 1189 588 illis
1223 551 1384 599 copiose
1417 551 1550 588 divisit
1582 551 1623 588 in
1657 553 1816 590 eccle-5

475 609 532 646 sia
556 609 771 658 primitiva,
805 609 957 646 scilicet
979 609 1240 658 sapienciam,
1274 609 1534 655 intellectum,
1569 609 1781 647 scienciam

474 676 512 704 et
543 667 733 716 pietatem
758 680 847 704 cum
871 667 1105 704 fortitudine
1127 667 1340 716 operandi3
1372 679 1445 704 nec
1478 675 1534 704 est
1567 669 1675 716 quod
1707 669 1782 705 ista

476 725 653 774 quinque
685 726 745 762 vel
779 727 870 771 duo,
926 727 1063 762 decem
1110 734 1178 762 aut
1210 734 1384 774 quatuor
1428 726 1603 762 habeant
1635 726 1781 774 qualis-

474 796 631 832 cunque
675 783 832 820 numeri
885 784 1104 820 racionem.
1159 783 1340 820 Christus
1385 791 1519 819 autem
1573 796 1656 820 esse
1699 797 1780 821 non

473 841 604 889 potuit
637 850 825 890 acceptor
848 853 1126 890 personarum,
1161 841 1254 890 quia
1286 850 1382 877 tunc
1406 842 1518 877 daret
1551 841 1781 878 hominibus
1801 857 1839 878 10

473 898 859 948 dispariterquoad
912 899 1117 947 propriam
1173 898 1407 947 dignitatem
1455 900 1562 947 quod
1607 908 1663 935 est
1698 902 1780 936 Deo

471 957 731 1006 impossibile,
777 970 867 994 curn
900 957 984 1005 ipse
1017 969 1169 1005 ponens
1215 957 1352 993 omnia
1384 957 1424 993 in
1458 969 1657 1002 mensura,
1710 970 1780 994 nu-

472 1028 583 1052 mero
616 1025 653 1051 et
685 1016 864 1063 pondere
887 1016 954 1052 dat
977 1015 1197 1063 unicuique
1229 1015 1449 1051 secundum
1473 1015 1778 1052 ordinacionem

472 1086 584 1110 suam
620 1081 799 1110 eternam
848 1073 1053 1121 propriam
1099 1073 1333 1121 dignitatem
1381 1081 1418 1108 et
1450 1074 1669 1109 secundum
1704 1074 1780 1110 hoc

471 1144 631 1168 necesse
663 1140 721 1168 est
751 1140 793 1167 ut
827 1131 1006 1168 conferat
1039 1131 1115 1166 illis
1148 1130 1345 1179 graciam3
1379 1143 1450 1167 nec
1483 1139 1614 1179 potest
1647 1131 1687 1167 in
1721 1144 1778 1168 se·
1800 1136 1835 1169 ις’)

472 1191 603 1226 cundo
636 1191 806 1226 adventu
839 1189 894 1225 sic
918 1189 1121 1226 racionem
1146 1190 1193 1225 de
1223 1188 1301 1224 illis
1335 1188 1537 1237 requirere
1571 1188 1646 1225 nisi
1670 1188 1778 1236 prius

471 1247 526 1284 eis
560 1247 713 1284 dederit
745 1248 852 1283 dona
884 1259 968 1287 sua.
1022 1248 1069 1282 Et
1100 1255 1196 1283 nota
1240 1247 1348 1295 quod
1380 1248 1451 1283 hec
1494 1248 1614 1283 verba
1647 1247 1778 1283 Criso-

471 1305 590 1342 stomi
635 1306 683 1341 de
715 1304 953 1341 necessitate
993 1313 1135 1341 nature
1174 1317 1253 1340 non
1287 1313 1512 1352 repugnant
1550 1303 1778 1341 necessitati

470 1362 742 1400 ordinacionis
788 1363 934 1408 divine,
988 1364 1055 1399 sed
1101 1371 1266 1411 possunt
1310 1362 1478 1410 intelligi
1523 1363 1570 1399 de
1615 1361 1778 1399 racione

471 1421 718 1458 necessitatis
751 1434 873 1469 quam
907 1429 1068 1468 oportet
1092 1419 1295 1457 hominem
1331 1421 1477 1457 habere
1510 1420 1551 1456 in
1583 1429 1776 1468 quantum
1796 1436 1837 1457 20

471 1480 606 1517 homo.
641 1481 688 1515 Et
722 1487 874 1515 certum
909 1487 966 1514 est
998 1479 1105 1526 quod
1138 1478 1193 1514 sic
1233 1478 1493 1526 intelligendo
1526 1481 1631 1514 Deus
1664 1478 1778 1515 liber·

471 1537 570 1573 rime
603 1536 805 1573 distribuit
829 1536 984 1572 homini
1017 1536 1092 1573 ista
1126 1538 1242 1581 dona,
1276 1536 1492 1584 unicuique
1515 1548 1607 1573 vero
1639 1548 1778 1572 secun-

470 1597 564 1631 dum
590 1595 794 1643 propriam
819 1594 1021 1641 virtutem,
1055 1594 1148 1642 quia
1181 1595 1399 1630 secundum
1431 1593 1636 1642 propriam
1661 1606 1777 1642 capa—

470 1653 631 1689 citatem
657 1653 766 1689 dedit
789 1652 1019 1689 hominibus
1043 1665 1114 1688 sua
1138 1652 1353 1688 carismata
1377 1661 1570 1700 quantum
1596 1651 1776 1688 homines

470 1711 629 1747 fuerant
662 1720 746 1746 tum
781 1722 960 1759 capaces.
997 1711 1172 1746 Verbum
1207 1718 1338 1746 autem
1373 1710 1479 1746 istud
1512 1717 1547 1746 et
1572 1710 1778 1759 profectus
1793 1714 1832 1746 25

468 1776 523 1805 est
554 1769 681 1805 statim
727 1777 858 1816 potest
903 1769 959 1805 sic
992 1767 1159 1815 intelligi
1205 1769 1313 1805 salvo
1359 1767 1506 1804 iudicio
1542 1767 1696 1804 meliori
1729 1769 1776 1804 de

469 1826 701 1863 ascensione
733 1826 897 1877 Christi,
944 1839 1032 1863 cum
1067 1834 1226 1873 tempus
1258 1839 1372 1862 suum
1414 1825 1632 1871 advenerit,
1684 1838 1773 1861 cum

468 1897 547 1921 non
580 1884 628 1920 sit
677 1884 863 1932 possibile
907 1884 1037 1932 ipsum
1072 1884 1231 1920 tardare
1274 1896 1343 1931 per
1375 1883 1528 1920 instans
1560 1883 1665 1919 ultra
1699 1882 1776 1919 exi-

468 1942 650 1990 genciam
686 1942 872 1981 racionis,
905 1943 997 1978 Ideo
1020 1954 1101 1978 non
1126 1941 1305 1987 dubium,
1340 1940 1435 1989 quin
1468 1941 1570 1977 sicut
1594 1940 1775 1977 Christus

468 2013 549 2037 non
593 2000 766 2037 tardavit
811 2000 850 2036 in
895 2001 970 2036 hoc
1004 1999 1137 2035 seculo
1170 2000 1274 2036 ultra
1308 2012 1427 2047 quam
1462 1998 1598 2035 debuit
1630 2011 1702 2035 nec
1734 1998 1773 2034 in
1790 2005 1832 2035 ’50

467 2058 679 2096 velocitate
712 2070 898 2094 ascensus
932 2057 1065 2094 debita
1099 2057 1331 2105 expectavit,
1378 2057 1432 2093 sic
1464 2069 1537 2093 nec
1570 2057 1610 2092 in
1643 2055 1772 2092 distri-

468 2117 626 2152 buendo
660 2115 873 2152 carismata
920 2115 999 2152 suis
1052 2114 1269 2165 discipulis,
1323 2127 1412 2151 cum
1448 2117 1551 2150 Deus
1585 2127 1627 2150 ex
1661 2122 1773 2162 parte

467 2173 526 2210 sui
559 2182 703 2210 cuncta
735 2173 828 2210 fecit
860 2175 909 2210 ad
943 2173 1121 2221 regulam
1154 2182 1197 2210 ut
1229 2185 1427 2221 suppono.

525 2231 714 2279 Sequitur
752 2231 792 2267 in
838 2240 945 2267 textu
978 2230 1165 2267 Matthei:
1218 2231 1319 2267 Abiit
1363 2237 1487 2266 autem
1520 2230 1584 2278 qui
1613 2229 1773 2278 quinque

465 2290 608 2325 talenta
660 2296 860 2338 acceperat
903 2296 937 2325 et
970 2296 1151 2338 operatus
1195 2296 1250 2325 est
1281 2289 1317 2324 in
1362 2289 1414 2324 eis
1447 2295 1480 2323 et
1513 2288 1686 2323 lucratus
1717 2293 1772 2323 est
1788 2292 1828 2325 35

465 2347 541 2382 alia
574 2347 745 2396 quinque.

523 2406 651 2452 Super
684 2418 763 2452 quo
785 2407 1039 2452 Jeronymus:
1073 2404 1244 2453 Acceptis
1276 2404 1441 2440 terrenis
1471 2403 1643 2439 sensibus
1675 2402 1770 2438 cele-

463 2463 576 2498 stium
629 2463 701 2498 sihi
745 2462 922 2498 noticiam
977 2462 1188 2511 duplicavit
1234 2473 1284 2497 ex
1327 2461 1516 2498 creaturis
1554 2460 1771 2511 intelligens

531 2662 577 2688 ες).
600 2655 643 2681 A:
665 2654 787 2681 dubium
807 2654 888 2689 quia.
980 2653 1018 2681 31.
1039 2654 1083 2681 A:
1105 2653 1279 2681 volocitale.
1383 2652 1427 2687 37.
1448 2654 1476 2680 A
1495 2653 1524 2680 in
1547 2660 1659 2687 marg:
1680 2653 1768 2680 ,lero-

463 2697 579 2722 aymus.

534 2771 586 2803 25.
613 2771 731 2802 Matth.
757 2772 860 2811 XXV,
893 2772 927 2803 15
1045 2773 1097 2811 ¹:34.
1124 2771 1242 2802 Matth.
1268 2772 1371 2811 XXV,
1405 2770 1451 2801 is).
1550 2772 1601 2808 37.
1630 2771 1766 2802 Comm.

461 2818 492 2848 in
520 2817 638 2849 Matth.
665 2818 685 2848 1.
713 2828 740 2848 c.
768 2828 844 2858 pag.
873 2816 951 2849 206.
