1986 3289
219 227 306 254 CAP.
334 219 457 271 LXVI-j
591 230 647 260 DE
675 228 988 260 AN‘rffiHRlsTo
1017 228 1099 258 ΜΒ.
1129 228 1149 258 1.

218 336 438 384 intelligere
472 348 610 372 omnes
651 343 687 371 et
725 335 901 383 singulos
934 334 1182 370 iudicandos.
1239 336 1388 370 Omnes
1423 333 1527 370 enim

218 393 273 429 illi
306 394 467 430 fuerunt
489 393 529 428 in
553 406 623 429 sua
648 392 922 429 adolescencia
956 404 1082 440 prope
1105 401 1253 428 statum
1279 391 1527 437 innocencie,

219 460 255 487 et
289 464 378 488 cum
412 463 550 488 omnes
591 452 817 487 habuerunt
851 450 1095 486 desiderium
1138 450 1321 486 naturale
1355 450 1404 485 ad
1438 451 1529 485 bea-

218 509 430 546 titudinem
478 518 515 545 et
548 508 713 545 omnino
746 508 787 544 in
820 508 882 544 die
916 507 1067 553 iudicii,
1107 521 1187 544 non
1221 507 1367 543 mirum
1415 507 1446 543 si
1479 508 1529 543 ad

185 570 376 603 §sensum
410 567 515 603 hunc
549 566 824 615 parabolicum
851 565 1099 613 dampnandi
1132 565 1331 602 salvandis
1365 564 1528 612 singulis

217 624 350 661 taliter
384 633 694 673 conquerantur.

275 683 546 719 Crisostomus
597 691 730 718 autem
785 693 906 729 super
950 681 1024 717 isto
1069 689 1177 717 textu
1221 680 1276 717 sic
1329 680 1525 728 loquitur:

216 740 478 791 Extinguitur
510 741 661 789 lampas
693 739 868 782 hominis,
901 740 1052 787 quando
1074 739 1180 788 fides
1212 739 1292 775 eius
1325 738 1453 788 deficit
1484 751 1529 774 ac

217 799 407 847 desperat.
443 798 548 834 Sicut
571 798 666 833 enim
700 797 765 846 qui
796 797 886 833 bene
911 797 983 833 sibi
1013 797 1186 833 conscius
1209 804 1263 832 est
1284 796 1529 846 fiducialiter

164 869 200 889 10
216 863 250 891 et
282 856 585 906 magnanimiter
636 855 719 906 agit
763 862 798 890 et
829 855 1151 903 quemadmodum
1197 855 1231 890 si
1272 854 1354 902 quis
1398 854 1527 902 infuso

215 914 297 949 oleo
331 914 451 949 addat
483 914 610 949 lumen
646 914 801 949 lucerne
839 913 893 949 sic
926 920 960 948 et
997 911 1063 948 ille
1095 912 1409 948 consideracione
1441 924 1528 961 ope-

215 984 300 1007 rum
334 984 493 1007 suorum
527 972 714 1008 honorum
747 970 989 1019 semetipsum
1025 971 1224 1019 confortat
1263 977 1297 1005 et
1318 969 1420 1019 fidei
1460 982 1528 1005 sue

214 1029 323 1064 addit
353 1029 570 1065 audaciam.
610 1029 686 1073 Qui
706 1036 833 1063 autem
856 1028 928 1064 sibi
949 1028 1050 1064 male
1081 1028 1254 1064 conscius
1276 1035 1343 1074 est,
1375 1039 1529 1076 semper

209 1087 470 1135 pusillanimis
514 1099 559 1122 ac
591 1087 747 1122 timidus
779 1093 846 1122 est.
899 1086 951 1121 Et
982 1086 1306 1135 quemadmodum
1339 1086 1527 1121 subducto

164 1147 198 1180 15
216 1145 297 1180 oleo
332 1145 518 1180 minuitur
562 1145 688 1180 lumen
734 1144 901 1189 lucerne,
953 1144 1007 1180 sic
1039 1151 1075 1179 et
1113 1144 1177 1179 ille
1215 1143 1528 1179 consideracione

215 1214 374 1250 operum
407 1215 567 1238 suorum
601 1202 793 1239 malorum
826 1209 943 1237 semet
982 1201 1105 1250 ipsum
1139 1201 1340 1250 confundit
1378 1208 1412 1237 et
1445 1200 1526 1250 infi-

215 1260 364 1295 delitati
393 1272 460 1296 sue
486 1260 615 1295 adhuc
647 1260 911 1309 dzffidenciam
945 1259 1064 1295 addit.
1100 1260 1189 1295 Ideo
1222 1271 1319 1309 ergo
1353 1259 1528 1294 timentes

208 1325 433 1366 peccatores
476 1319 527 1353 ad
557 1325 710 1354 sanctos
750 1317 894 1353 dicturi
922 1324 1030 1353 sunt:
1080 1318 1183 1352 Date
1228 1317 1333 1353 nobis
1367 1317 1412 1352 de
1444 1317 1526 1352 oleo

215 1383 357 1420 vestro,
390 1376 460 1412 lzoc
482 1383 550 1422 est,
586 1387 653 1411 vos
673 1375 799 1411 sancti
827 1375 893 1424 qui
914 1375 1060 1410 habetis
1093 1387 1212 1424 opera
1236 1375 1354 1425 larga
1378 1374 1527 1410 iusticie

93 1433 176 1476 428·¹
213 1433 451 1483 szffficiencz‘a
496 1433 602 1470 vobis
629 1429 633 1485 Ι
662 1445 735 1469 non
767 1433 891 1469 solum
939 1433 990 1468 aa'
1021 1433 1258 1468 evadendum
1286 1444 1425 1481 penam
1459 1432 1527 1468 sed

213 1491 331 1527 eciam
354 1492 407 1527 ad
426 1491 599 1542 gloriam
628 1492 948 1539 consequendam,
971 1491 1262 1527 accommodate
1285 1490 1391 1526 nobis
1414 1490 1525 1525 auxi-

214 1549 305 1584 lium
338 1561 497 1598 operum
531 1550 717 1585 bonorum
752 1556 985 1595 vestrorum,
1026 1548 1065 1584 id
1096 1556 1164 1594 est,
1197 1548 1421 1584 intercedite
1448 1560 1524 1596 pro

214 1607 320 1643 nohis
344 1607 616 1656 peccatoribus
647 1607 699 1642 ad
721 1607 946 1651 Dominum,
979 1606 1064 1654 quia
1096 1606 1246 1642 iusticia
1281 1612 1409 1641 vestra
1442 1606 1524 1653 suf—

213 1664 354 1714 ficiens
385 1672 440 1701 est
473 1672 507 1701 et
540 1677 606 1701 vos
636 1665 747 1714 glori
776 1677 866 1700 care
903 1672 938 1700 et
970 1676 1037 1700 nos
1070 1676 1274 1700 excusare.
1324 1664 1407 1699 Hec
1441 1663 1524 1699 Cri-

156 1724 196 1756 25
211 1730 426 1758 sostomus.

267 1779 435 1816 Videtur
457 1779 576 1816 istum
601 1788 784 1816 sanctum
808 1779 975 1816 innuere
997 1780 1107 1827 quod
1130 1778 1206 1814 ista
1231 1778 1359 1814 diccio
1384 1779 1524 1826 damp-

211 1839 437 1874 nandorum
485 1839 535 1874 ad
573 1846 731 1874 sanctos
776 1837 825 1873 sit
871 1837 990 1886 paulo
1038 1845 1129 1873 ante
1162 1836 1280 1872 finale
1312 1835 1522 1882 iudicium,

211 1908 301 1932 cum
345 1904 440 1932 tunc
484 1896 689 1932 habebunt
733 1895 893 1943 reprobi
946 1894 1111 1943 quidam
1146 1893 1440 1930 conscienciam
1475 1894 1523 1929 de

210 1965 281 1990 sua
313 1953 550 1990 infidelitate
584 1962 621 1990 et
654 1953 849 2001 perversis
882 1952 1084 2001 operibus,
1125 1952 1228 1988 sicut
1260 1960 1370 2000 patet
1403 1960 1440 1987 et
1472 1953 1523 1987 ad

155 2010 383 2048 zolitteram
424 2012 472 2047 de
512 2010 711 2057 hereticis,
759 2010 827 2059 qui
860 2010 900 2046 in
934 2009 1102 2047 materia
1135 2011 1183 2046 de
1222 2009 1352 2046 hostia
1386 2022 1521 2046 conse-

211 2078 320 2106 crata
358 2070 499 2105 nolunt
550 2070 719 2117 prodere
758 2069 877 2105 fidem
919 2081 1045 2115 suam,
1092 2068 1185 2116 quia
1231 2078 1321 2103 curn
1366 2067 1522 2104 Veritas

210 2135 382 2163 testatur
413 2126 488 2163 sibi
521 2126 708 2163 omnibus
743 2126 885 2172 modis,
921 2125 1091 2163 convicti
1125 2127 1173 2162 de
1205 2125 1373 2162 veritate
1407 2137 1520 2162 evan-

210 2184 334 2231 getica
378 2193 415 2221 et
459 2184 659 2232 desperati
704 2186 751 2221 de
783 2197 854 2220 sua
898 2183 1132 2232 ignorancia
1179 2183 1318 2219 timent
1350 2184 1521 2231 prodere

210 2255 322 2279 suam
356 2242 567 2290 perfidiam
591 2251 950 2290 quantumcunque
982 2243 1090 2289 large
1123 2254 1144 2277 a
1178 2241 1360 2277 fidelibus
1394 2241 1519 2277 eciam

153 2300 402 2337 35militibus
436 2301 730 2337 conducantur.
764 2301 841 2336 Sed
875 2299 1011 2336 fideles
1034 2301 1180 2336 debent
1214 2299 1253 2335 in
1287 2299 1362 2335 isto
1387 2311 1521 2347 exper-

209 2357 358 2404 giscere
393 2367 429 2394 et
463 2358 676 2394 confortati
717 2357 757 2394 in
790 2358 866 2394 fide
900 2357 1063 2394 Domini
1109 2357 1205 2393 istos
1248 2356 1445 2393 hereticos
1478 2369 1520 2392 ex

209 2416 353 2452 timore
385 2416 460 2452 isto
493 2416 623 2452 servili
658 2415 906 2452 convincere.

267 2473 456 2522 Sequitur
490 2474 529 2509 in
561 2482 668 2510 textu
701 2473 775 2510 isto
799 2473 985 2509 Matthei:
1020 2473 1321 2522 Responderunt
1347 2473 1520 2522 pruden-

208 2538 264 2567 tes
296 2532 483 2568 dicentes.-
528 2532 587 2567 Ne
618 2532 733 2580 forte
771 2544 843 2568 non
875 2531 1047 2581 sufficiat
1092 2531 1197 2566 nobis
1241 2538 1275 2566 et
1308 2530 1425 2575 vobis,
1474 2530 1523 2565 ite

277 2732 302 2758 7.
323 2724 351 2750 A
370 2724 400 2750 in
417 2731 531 2757 marga
555 2723 771 2750 Crisostomus.
847 2732 874 2751 o.
896 2724 940 2750 A:
962 2722 1101 2750 conscius
1116 2722 1210 2749 deest.
1284 2720 1327 2749 23.
1348 2723 1393 2749 A:
1412 2730 1522 2756 peeca-

1516 2763 1525 2776 θ

209 2759 440 2785 toribus.deest.
531 2759 577 2785 ¹26.
600 2759 626 2785 A
648 2759 675 2784 in
700 2766 813 2792 marg:
834 2757 1000 2784 Jolmnnes.
1093 2756 1134 2784 32.
1158 2757 1201 2783 A:
1223 2757 1389 2784 coniuncti.

280 2852 310 2882 7.
338 2842 404 2883 Op.
433 2842 514 2883 Imp.
541 2842 563 2872 l.
591 2852 617 2872 c.
646 2851 722 2882 pag.
751 2840 827 2873 362.
926 2840 977 2873 38.
1004 2840 1122 2872 Matth.
1149 2841 1252 2880 XXV,
1280 2850 1311 2882 9,
1344 2850 1393 2871 10.

1570 685 1791 722 Chrysostomr

1555 721 1602 748 To
1623 722 1676 748 ask
1696 721 1744 748 for
1764 722 1803 748 oi]

1571 756 1597 783 is
1617 760 1647 783 to
1669 757 1723 791 beg
1744 757 1793 783 the

1555 790 1754 818 intercession
1776 792 1811 818 of

1607 825 1657 852 the
1678 826 1747 856 just.

1564 1796 1631 1824 The
1652 1797 1790 1824 doctrine

1625 1832 1660 1859 of
1676 1833 1727 1859 the

1572 1866 1771 1893 consecrated

1633 1902 1712 1928 host.
