1986 3289
48 2315 131 2353 421a

173 237 261 264 CAP.
283 228 409 281 XLIV]
549 239 608 270 DE
634 239 949 271 ANTICHRlsTo
977 240 1059 271 ΜΒ.
1086 240 1109 271 1.
1697 234 1764 268 ¹61

172 345 401 381 humanitas
434 353 491 381 est
523 353 658 381 eterna
692 353 728 380 et
761 346 869 393 quod
902 344 988 392 ipsa
1028 345 1176 382 creavit
1214 347 1409 382 mundum
1444 355 1482 383 et
1575 353 1672 382 What
1692 355 1718 382 is

170 416 211 440 se
243 403 391 451 ipsam3
424 411 462 439 et
494 402 550 439 sic
583 403 630 438 de
654 402 741 438 aliis
774 403 1099 439 conclusionibus
1124 403 1340 441 infideliter
1363 404 1481 452 repli-
1503 390 1761 452 tffiegigzgtdezgefs

171 461 282 497 catis.
329 459 598 497 Conformiter
645 459 790 496 dicitur
834 462 883 496 ad
923 461 1018 497 istos
1061 462 1353 510 paralogismos
1398 462 1480 498 dia·
1507 460 1766 529 ssgtpqgcssgssssffly

171 518 250 555 boli
292 518 437 566 quibus
478 517 603 554 credit
643 518 883 554 concludere
917 520 1025 566 quod
1066 532 1210 567 corpus
1243 519 1393 557 Christi
1425 519 1481 556 sic
1496 529 1534 555 bo
1559 537 1578 564 y
1598 529 1633 556 of
1650 528 1770 563 Christ3

138 579 365 613 5tractatur
386 576 447 613 vel
469 575 616 612 talibus
648 575 862 623 predicatis
894 576 1100 623 subicitur,
1135 577 1228 625 quia
1260 578 1333 614 iste
1366 577 1481 625 panis

169 634 224 670 sic
267 642 475 681 tractatur,
521 642 557 670 et
589 633 662 669 iste
705 632 818 680 panis
861 642 918 670 est
962 646 1106 682 corpus
1154 635 1314 681 Christi,
1360 635 1483 683 igitur

169 694 371 729 rumbum.
444 693 612 740 Oportet
656 690 761 726 enim
806 694 1193 740 cognoscerequod
1244 693 1316 729 iste
1367 692 1482 741 panis

170 749 265 786 satis
299 749 488 798 equivoce
520 749 667 785 talibus
700 748 916 796 predicatis
948 750 1171 787 formaliter
1203 750 1411 797 subicitur,
1445 759 1482 787 et

170 816 226 844 est
265 807 472 855 figurative
511 807 572 843 vel
610 806 941 843 habitudinaliter
981 820 1125 856 corpus
1160 808 1307 845 Christi
1341 817 1378 845 et
1410 821 1482 857 per

117 878 154 900 10
170 865 501 914 equivocaciones
525 863 850 912 predicacionurn
884 864 1117 902 huiusmodi
1141 874 1274 914 potest
1298 866 1481 903 evacuari

168 935 238 971 per
282 923 439 960 fidelem
485 922 652 971 quilibet
695 930 859 959 vocatus
905 922 1168 971 expositorius
1213 924 1480 972 syllogismus.

168 983 216 1017 Et
260 981 316 1017 sic
361 989 492 1029 potest
543 979 687 1017 salvari
739 980 936 1017 catholice
980 982 1187 1029 quomodo
1232 983 1356 1018 homo
1400 995 1482 1018 non

167 1038 274 1075 videt
306 1038 345 1075 in
379 1047 631 1075 sacramento
664 1037 741 1074 isto
775 1050 920 1086 corpus
945 1039 1091 1075 Christi
1122 1040 1240 1076 oculo
1264 1040 1479 1087 corporali,

167 1096 260 1133 licet
299 1097 376 1132 fide
408 1096 552 1142 videat,
587 1105 629 1132 ut
663 1095 803 1132 asserit
834 1096 1094 1144 Augustinus.
1141 1099 1190 1133 Et
1222 1097 1278 1134 sic
1311 1098 1480 1146 intelligi

115 1156 285 1191 15debet
316 1154 389 1190 iste
420 1166 555 1191 versus
588 1166 707 1202 quem
742 1153 847 1190 canit
880 1154 1047 1191 ecclesia
1080 1156 1127 1191 de
1160 1156 1236 1192 hoc
1267 1156 1387 1192 festo:

564 1212 678 1256 Quod
708 1223 781 1247 non
813 1212 931 1261 capis,

626 1270 741 1313 Quod
771 1282 844 1305 non
878 1270 984 1306 vides

561 1327 743 1363 Animosa
765 1327 910 1377 firmat
931 1328 1038 1377 fides

622 1386 761 1421 Preter
792 1397 925 1421 rerum
958 1386 1146 1422 ordinem.

227 1444 340 1480 Unde
379 1442 412 1479 si
452 1443 573 1479 frater
612 1443 701 1479 ierit
740 1444 790 1479 ad
829 1443 979 1479 curiam
1017 1445 1240 1480 Romanam
1282 1451 1319 1479 et
1351 1443 1479 1491 impe-

168 1500 331 1537 traverit
364 1502 435 1537 sub
467 1500 584 1537 litera
616 1513 719 1549 pape
752 1502 860 1549 quod
894 1501 970 1538 hoc
1003 1510 1060 1537 est
1092 1501 1352 1547 catholicum,
1385 1501 1479 1538 licet

167 1571 247 1595 non
291 1558 409 1595 fuerit
446 1559 596 1606 populo
634 1558 938 1606 publicandum,
984 1560 1093 1607 quod
1127 1572 1215 1595 mus
1254 1558 1331 1595 isto
1371 1572 1477 1595 anno

168 1616 386 1653 comederit
432 1628 577 1664 corpus
616 1616 777 1663 Christi,
825 1616 952 1652 fidelis
989 1626 1126 1653 tamen
1164 1630 1245 1653 non
1288 1618 1405 1653 debet
1437 1617 1478 1653 in

170 1675 244 1711 hoc
279 1675 440 1711 credere
473 1674 537 1710 isti
570 1673 682 1711 litere
716 1687 837 1722 quam
872 1676 989 1711 debet
1022 1676 1184 1711 credere
1215 1674 1477 1721 Antichristo,

113 1734 152 1767 25
170 1745 260 1768 cum
309 1731 528 1769 catholicus
573 1732 668 1769 satis
713 1732 919 1780 cognoscit
963 1734 1070 1780 quod
1122 1745 1204 1769 non
1258 1741 1315 1768 est
1368 1733 1478 1769 color

169 1789 410 1838 sophisticus
461 1789 501 1826 in
560 1789 635 1826 ista
690 1789 872 1838 argucia:
933 1791 1020 1826 Mus
1073 1792 1305 1827 comederat
1356 1790 1477 1826 istum

169 1860 315 1896 panem
356 1856 394 1884 et
433 1847 507 1884 iste
539 1847 653 1895 panis
687 1857 743 1884 est
778 1856 815 1884 et
848 1856 943 1885 tunc
976 1849 1105 1884 fuerat
1138 1861 1283 1896 corpus
1316 1848 1476 1895 Christi,

168 1905 258 1942 ideo
291 1905 356 1942 ille
390 1918 477 1942 mus
514 1907 743 1943 comederat
777 1918 921 1954 corpus
955 1906 1115 1950 Christi,
1150 1906 1244 1954 quia
1270 1915 1335 1943 est
1367 1906 1478 1955 equi-

167 1963 331 2000 vocacio
364 1963 404 1999 in
436 1963 785 2011 predicacionibus
818 1972 1131 2011 assumptorum.

226 2023 274 2057 Et
318 2023 457 2057 eodem
505 2023 626 2057 modo
670 2021 825 2058 tollitur
875 2023 984 2069 quod
1024 2034 1168 2069 corpus
1210 2021 1358 2057 Christi
1398 2034 1478 2057 non

168 2079 363 2127 putrescit
405 2091 479 2115 nec
523 2078 684 2127 sanguis
733 2079 881 2115 Christi
926 2088 1025 2125 acet,
1073 2088 1110 2115 et
1154 2078 1209 2115 sic
1250 2080 1297 2115 de
1330 2079 1477 2115 talibus

169 2136 387 2184 predicatis
420 2149 496 2185 que
529 2150 611 2173 non
643 2146 811 2185 possunt
845 2137 1006 2185 corpori
1040 2146 1077 2173 et
1109 2136 1294 2184 sanguini
1328 2136 1476 2173 Christi

169 2203 409 2242 competere,
443 2194 535 2230 licet
567 2195 681 2242 panis
715 2203 752 2231 et
783 2194 919 2231 vinum
952 2195 1085 2231 taliter
1117 2203 1365 2231 moveantur.

226 2254 274 2289 Et
307 2253 447 2288 eodem
487 2254 609 2288 modo
643 2251 788 2288 dicitur
827 2253 877 2289 ad
910 2252 1009 2289 alios
1041 2262 1203 2289 vocatos
1235 2251 1477 2300 sillogismos
1504 2259 1563 2286 and
1584 2260 1649 2287 vice
1668 2268 1767 2287 versa.

168 2309 208 2345 in
243 2311 361 2346 modo
395 2318 432 2346 et
464 2309 590 2357 figura
625 2311 724 2346 bene
755 2309 814 2359 (ut
842 2307 846 2362 l
876 2310 1080 2356 asseritur)
1114 2310 1329 2357 regulatos,
1363 2319 1406 2346 ut
1438 2310 1479 2346 in

169 2366 299 2415 primo
332 2367 461 2415 prime
493 2367 548 2404 sic
581 2367 779 2415 arguitur:
816 2369 945 2404 Omne
977 2381 1121 2416 corpus
1145 2367 1292 2403 Christi
1321 2367 1362 2403 in
1392 2368 1478 2404 celo

170 2424 392 2461 extenditur
426 2433 463 2461 et
495 2425 535 2461 in
567 2425 791 2472 quantitate
824 2438 870 2461 ac
899 2425 1026 2473 figura
1050 2434 1086 2462 et
1109 2438 1271 2461 suarum
1296 2425 1477 2473 parcium

168 2482 309 2518 ordine
342 2482 473 2518 debite
508 2483 748 2528 collocatur3
788 2482 918 2519 omnis
950 2482 1065 2531 panis
1104 2483 1409 2519 sacramentalis
1442 2491 1478 2519 et

170 2549 227 2576 est
260 2552 403 2588 corpus
438 2539 603 2576 Christi:
645 2553 738 2588 ergo
776 2540 907 2576 omnis
942 2540 1055 2588 panis
1088 2540 1390 2577 sacramentalis
1423 2540 1478 2577 sic

109 2611 154 2641 40
169 2597 208 2633 in
242 2598 326 2634 celo
360 2597 583 2634 extenditur
615 2606 652 2634 et
685 2599 904 2634 secundum
938 2598 1121 2634 ordinem
1155 2610 1201 2635 ae
1229 2597 1477 2646 posicionem

238 2751 258 2770 1.
279 2743 322 2770 A:
345 2745 377 2770 et
394 2743 498 2770 before
520 2742 604 2777 quod
623 2743 717 2770 deest.
807 2741 833 2769 3.
854 2744 898 2770 A:
917 2743 1136 2777 perlowz'smus.
1227 2751 1253 2778 7⁴
1274 2744 1319 2770 A:
1342 2743 1479 2770 rumbum

167 2777 265 2805 twice.
286 2778 327 2804 lta
347 2777 431 2811 cod.;
455 2785 492 2804 an
513 2780 690 2812 rumptzcm?
781 2776 823 2805 23.
845 2779 888 2804 A:
910 2763 1095 2805 comederat.

244 2848 293 2881 15.
321 2849 373 2881 Cf.
398 2850 449 2882 De
475 2849 701 2889 Eucharistia,
728 2860 806 2892 pag.
838 2850 888 2882 13.

1300 2917 1333 2938 11
