<?xml version="1.0" encoding="UTF-8"?>
<!DOCTYPE html PUBLIC "-//W3C//DTD XHTML 1.0 Transitional//EN"
    "http://www.w3.org/TR/xhtml1/DTD/xhtml1-transitional.dtd">
<html xmlns="http://www.w3.org/1999/xhtml" xml:lang="en" lang="en">
 <head>
  <title>
</title>
<meta http-equiv="Content-Type" content="text/html;charset=utf-8" />
  <meta name='ocr-system' content='tesseract 3.04.00' />
  <meta name='ocr-capabilities' content='ocr_page ocr_carea ocr_par ocr_line ocrx_word'/>
</head>
<body>
  <div class='ocr_page' id='page_1' title='image "./opusevangelicum34wycl/opusevangelicum34wycl_0113.png"; bbox 0 0 1986 3289; ppageno 0'>
   <div class='ocr_carea' id='block_1_1' title="bbox 190 210 1131 263">
    <p class='ocr_par' dir='ltr' id='par_1_1' title="bbox 190 210 1131 263">
     <span class='ocr_line' id='line_1_1' title="bbox 190 210 1131 263; baseline 0.004 -14"><span class='ocrx_word' id='word_1_1' title='bbox 190 217 280 246; x_wconf 77' lang='lat' dir='ltr'>CAP.</span> <span class='ocrx_word' id='word_1_2' title='bbox 301 210 387 263; x_wconf 72' lang='lat' dir='ltr'>xx]</span> <span class='ocrx_word' id='word_1_3' title='bbox 568 222 627 252; x_wconf 81' lang='lat' dir='ltr'>DE</span> <span class='ocrx_word' id='word_1_4' title='bbox 654 221 970 254; x_wconf 74' lang='lat' dir='ltr'>ANTICHRIsTo</span> <span class='ocrx_word' id='word_1_5' title='bbox 998 223 1081 253; x_wconf 65' lang='grc' dir='ltr'>ΜΒ.</span> <span class='ocrx_word' id='word_1_6' title='bbox 1109 223 1131 253; x_wconf 88' lang='lat'>1.</span> 
     </span>
    </p>
   </div>
   <div class='ocr_carea' id='block_1_2' title="bbox 131 327 1507 2399">
    <p class='ocr_par' dir='ltr' id='par_1_2' title="bbox 131 327 1507 2399">
     <span class='ocr_line' id='line_1_2' title="bbox 190 327 1505 377; baseline 0.002 -13"><span class='ocrx_word' id='word_1_7' title='bbox 190 336 227 364; x_wconf 92' lang='lat' dir='ltr'>et</span> <span class='ocrx_word' id='word_1_8' title='bbox 260 327 438 375; x_wconf 84' lang='lat' dir='ltr'>duplices</span> <span class='ocrx_word' id='word_1_9' title='bbox 463 327 658 364; x_wconf 88' lang='lat' dir='ltr'>hereticos</span> <span class='ocrx_word' id='word_1_10' title='bbox 682 340 802 375; x_wconf 89' lang='lat' dir='ltr'>quam</span> <span class='ocrx_word' id='word_1_11' title='bbox 827 328 1026 364; x_wconf 90' lang='lat' dir='ltr'>hereticos</span> <span class='ocrx_word' id='word_1_12' title='bbox 1050 328 1295 375; x_wconf 80' lang='lat' dir='ltr'>manifestos,</span> <span class='ocrx_word' id='word_1_13' title='bbox 1320 329 1414 377; x_wconf 89' lang='lat' dir='ltr'>quia</span> <span class='ocrx_word' id='word_1_14' title='bbox 1437 331 1505 366; x_wconf 91' lang='lat' dir='ltr'>ab-</span> 
     </span>
     <span class='ocr_line' id='line_1_3' title="bbox 187 385 1502 435; baseline 0.003 -15"><span class='ocrx_word' id='word_1_15' title='bbox 187 397 372 421; x_wconf 90' lang='lat' dir='ltr'>sconsum</span> <span class='ocrx_word' id='word_1_16' title='bbox 407 397 602 422; x_wconf 87' lang='lat' dir='ltr'>venenum</span> <span class='ocrx_word' id='word_1_17' title='bbox 636 397 704 421; x_wconf 90' lang='lat' dir='ltr'>sue</span> <span class='ocrx_word' id='word_1_18' title='bbox 744 385 891 421; x_wconf 76' lang='lat' dir='ltr'><strong>heresis</strong></span> <span class='ocrx_word' id='word_1_19' title='bbox 929 386 1017 434; x_wconf 90' lang='lat' dir='ltr'>plus</span> <span class='ocrx_word' id='word_1_20' title='bbox 1050 386 1233 434; x_wconf 90' lang='lat' dir='ltr'>displicet</span> <span class='ocrx_word' id='word_1_21' title='bbox 1266 389 1348 423; x_wconf 93' lang='lat' dir='ltr'>Deo</span> <span class='ocrx_word' id='word_1_22' title='bbox 1381 400 1502 435; x_wconf 90' lang='lat' dir='ltr'>quam</span> 
     </span>
     <span class='ocr_line' id='line_1_4' title="bbox 186 443 1504 493; baseline 0.002 -14"><span class='ocrx_word' id='word_1_23' title='bbox 186 455 381 479; x_wconf 90' lang='lat' dir='ltr'>venenum</span> <span class='ocrx_word' id='word_1_24' title='bbox 415 443 523 480; x_wconf 88' lang='lat' dir='ltr'>aliud</span> <span class='ocrx_word' id='word_1_25' title='bbox 559 443 833 489; x_wconf 83' lang='lat' dir='ltr'>manifestum3</span> <span class='ocrx_word' id='word_1_26' title='bbox 873 452 910 479; x_wconf 87' lang='lat' dir='ltr'>et</span> <span class='ocrx_word' id='word_1_27' title='bbox 948 443 1003 480; x_wconf 92' lang='lat' dir='ltr'>sic</span> <span class='ocrx_word' id='word_1_28' title='bbox 1036 443 1077 479; x_wconf 88' lang='lat' dir='ltr'>in</span> <span class='ocrx_word' id='word_1_29' title='bbox 1109 443 1185 480; x_wconf 89' lang='lat' dir='ltr'>isto</span> <span class='ocrx_word' id='word_1_30' title='bbox 1217 444 1275 481; x_wconf 90' lang='lat' dir='ltr'>Ve</span> <span class='ocrx_word' id='word_1_31' title='bbox 1314 445 1504 493; x_wconf 89' lang='lat' dir='ltr'>octuplici</span> 
     </span>
     <span class='ocr_line' id='line_1_5' title="bbox 187 500 1503 549; baseline 0.001 -12"><span class='ocrx_word' id='word_1_32' title='bbox 187 500 323 537; x_wconf 85' lang='lat' dir='ltr'>omnia</span> <span class='ocrx_word' id='word_1_33' title='bbox 361 513 506 548; x_wconf 82' lang='lat' dir='ltr'>genera</span> <span class='ocrx_word' id='word_1_34' title='bbox 544 501 701 537; x_wconf 81' lang='lat' dir='ltr'>occulte</span> <span class='ocrx_word' id='word_1_35' title='bbox 739 500 887 536; x_wconf 79' lang='lat' dir='ltr'><strong>heresis</strong></span> <span class='ocrx_word' id='word_1_36' title='bbox 928 501 1260 549; x_wconf 80' lang='lat' dir='ltr'>multiplicantur.</span> <span class='ocrx_word' id='word_1_37' title='bbox 1311 502 1350 539; x_wconf 87' lang='lat' dir='ltr'>Si</span> <span class='ocrx_word' id='word_1_38' title='bbox 1396 502 1503 539; x_wconf 91' lang='lat' dir='ltr'>enim</span> 
     </span>
     <span class='ocr_line' id='line_1_6' title="bbox 155 558 1503 606; baseline 0.001 -11"><span class='ocrx_word' id='word_1_39' title='bbox 155 558 323 595; x_wconf 89' lang='lat' dir='ltr'>5f1deles</span> <span class='ocrx_word' id='word_1_40' title='bbox 346 560 542 595; x_wconf 82' lang='lat' dir='ltr'>auderent</span> <span class='ocrx_word' id='word_1_41' title='bbox 574 570 762 604; x_wconf 83' lang='lat' dir='ltr'>asserere,</span> <span class='ocrx_word' id='word_1_42' title='bbox 797 567 887 594; x_wconf 90' lang='lat' dir='ltr'>sunt</span> <span class='ocrx_word' id='word_1_43' title='bbox 919 559 1007 606; x_wconf 91' lang='lat' dir='ltr'>plus</span> <span class='ocrx_word' id='word_1_44' title='bbox 1036 559 1251 606; x_wconf 81' lang='lat' dir='ltr'>periculosi</span> <span class='ocrx_word' id='word_1_45' title='bbox 1276 560 1441 597; x_wconf 90' lang='lat' dir='ltr'>heretici</span> <span class='ocrx_word' id='word_1_46' title='bbox 1464 560 1503 596; x_wconf 91' lang='lat' dir='ltr'>in</span> 
     </span>
     <span class='ocr_line' id='line_1_7' title="bbox 187 616 1504 665; baseline 0.002 -13"><span class='ocrx_word' id='word_1_47' title='bbox 187 628 306 664; x_wconf 90' lang='lat' dir='ltr'>opere</span> <span class='ocrx_word' id='word_1_48' title='bbox 345 616 412 664; x_wconf 91' lang='lat' dir='ltr'>qui</span> <span class='ocrx_word' id='word_1_49' title='bbox 450 617 490 652; x_wconf 89' lang='lat' dir='ltr'>in</span> <span class='ocrx_word' id='word_1_50' title='bbox 528 617 633 652; x_wconf 90' lang='lat' dir='ltr'>facto</span> <span class='ocrx_word' id='word_1_51' title='bbox 671 625 763 652; x_wconf 90' lang='lat' dir='ltr'>sunt</span> <span class='ocrx_word' id='word_1_52' title='bbox 803 616 994 652; x_wconf 89' lang='lat' dir='ltr'>contrarii</span> <span class='ocrx_word' id='word_1_53' title='bbox 1035 616 1128 653; x_wconf 91' lang='lat' dir='ltr'>fidei</span> <span class='ocrx_word' id='word_1_54' title='bbox 1160 617 1371 665; x_wconf 79' lang='lat' dir='ltr'>scripture,</span> <span class='ocrx_word' id='word_1_55' title='bbox 1411 618 1504 654; x_wconf 91' lang='lat' dir='ltr'>licet</span> 
     </span>
     <span class='ocr_line' id='line_1_8' title="bbox 187 673 1502 722; baseline 0.002 -12"><span class='ocrx_word' id='word_1_56' title='bbox 187 682 378 710; x_wconf 90' lang='lat' dir='ltr'>vocentur</span> <span class='ocrx_word' id='word_1_57' title='bbox 415 683 547 722; x_wconf 89' lang='lat' dir='ltr'>patres</span> <span class='ocrx_word' id='word_1_58' title='bbox 586 673 806 710; x_wconf 85' lang='lat' dir='ltr'>beatissimi</span> <span class='ocrx_word' id='word_1_59' title='bbox 840 682 877 710; x_wconf 91' lang='lat' dir='ltr'>et</span> <span class='ocrx_word' id='word_1_60' title='bbox 910 674 1042 721; x_wconf 89' lang='lat' dir='ltr'>capita</span> <span class='ocrx_word' id='word_1_61' title='bbox 1082 674 1289 711; x_wconf 89' lang='lat' dir='ltr'>militantis</span> <span class='ocrx_word' id='word_1_62' title='bbox 1324 675 1502 712; x_wconf 88' lang='lat' dir='ltr'>ecclesie.</span> 
     </span>
     <span class='ocr_line' id='line_1_9' title="bbox 188 731 1503 774; baseline 0.001 -6"><span class='ocrx_word' id='word_1_63' title='bbox 188 733 235 767; x_wconf 87' lang='lat' dir='ltr'>Et</span> <span class='ocrx_word' id='word_1_64' title='bbox 268 732 528 768; x_wconf 84' lang='lat' dir='ltr'>conformiter</span> <span class='ocrx_word' id='word_1_65' title='bbox 560 731 819 774; x_wconf 86' lang='lat' dir='ltr'>senciendum</span> <span class='ocrx_word' id='word_1_66' title='bbox 853 740 911 767; x_wconf 92' lang='lat' dir='ltr'>est</span> <span class='ocrx_word' id='word_1_67' title='bbox 944 733 992 767; x_wconf 89' lang='lat' dir='ltr'>de</span> <span class='ocrx_word' id='word_1_68' title='bbox 1025 732 1213 768; x_wconf 87' lang='lat' dir='ltr'>hereticis</span> <span class='ocrx_word' id='word_1_69' title='bbox 1246 733 1503 770; x_wconf 90' lang='lat' dir='ltr'>inferioribus</span> 
     </span>
     <span class='ocr_line' id='line_1_10' title="bbox 188 788 1504 838; baseline 0.002 -13"><span class='ocrx_word' id='word_1_70' title='bbox 188 789 256 837; x_wconf 89' lang='lat' dir='ltr'>qui</span> <span class='ocrx_word' id='word_1_71' title='bbox 300 791 371 825; x_wconf 93' lang='lat' dir='ltr'>sub</span> <span class='ocrx_word' id='word_1_72' title='bbox 417 790 551 826; x_wconf 90' lang='lat' dir='ltr'>colore</span> <span class='ocrx_word' id='word_1_73' title='bbox 595 789 762 826; x_wconf 90' lang='lat' dir='ltr'>istorum</span> <span class='ocrx_word' id='word_1_74' title='bbox 810 788 1079 826; x_wconf 86' lang='lat' dir='ltr'>hereticorum</span> <span class='ocrx_word' id='word_1_75' title='bbox 1125 790 1358 838; x_wconf 87' lang='lat' dir='ltr'>capitalium</span> <span class='ocrx_word' id='word_1_76' title='bbox 1412 801 1504 828; x_wconf 89' lang='lat' dir='ltr'>sunt</span> 
     </span>
     <span class='ocr_line' id='line_1_11' title="bbox 136 847 1504 896; baseline 0.001 -12"><span class='ocrx_word' id='word_1_77' title='bbox 136 864 172 884; x_wconf 85' lang='grc' dir='ltr'>ιο</span> <span class='ocrx_word' id='word_1_78' title='bbox 188 847 370 894; x_wconf 90' lang='lat' dir='ltr'>protecti.</span> <span class='ocrx_word' id='word_1_79' title='bbox 416 847 527 884; x_wconf 86' lang='lat' dir='ltr'>Sicut</span> <span class='ocrx_word' id='word_1_80' title='bbox 573 847 677 883; x_wconf 88' lang='lat' dir='ltr'>enim</span> <span class='ocrx_word' id='word_1_81' title='bbox 725 847 875 883; x_wconf 88' lang='lat' dir='ltr'>factum</span> <span class='ocrx_word' id='word_1_82' title='bbox 916 848 1064 883; x_wconf 90' lang='lat' dir='ltr'>bonum</span> <span class='ocrx_word' id='word_1_83' title='bbox 1110 847 1200 896; x_wconf 91' lang='lat' dir='ltr'>plus</span> <span class='ocrx_word' id='word_1_84' title='bbox 1245 849 1376 896; x_wconf 87' lang='lat' dir='ltr'>placet</span> <span class='ocrx_word' id='word_1_85' title='bbox 1419 852 1504 886; x_wconf 92' lang='lat' dir='ltr'>Deo</span> 
     </span>
     <span class='ocr_line' id='line_1_12' title="bbox 188 904 1503 955; baseline 0.002 -15"><span class='ocrx_word' id='word_1_86' title='bbox 188 917 309 952; x_wconf 92' lang='lat' dir='ltr'>quam</span> <span class='ocrx_word' id='word_1_87' title='bbox 343 906 451 942; x_wconf 89' lang='lat' dir='ltr'>nuda</span> <span class='ocrx_word' id='word_1_88' title='bbox 482 906 601 942; x_wconf 85' lang='lat' dir='ltr'>verba</span> <span class='ocrx_word' id='word_1_89' title='bbox 634 905 726 941; x_wconf 91' lang='lat' dir='ltr'>licet</span> <span class='ocrx_word' id='word_1_90' title='bbox 756 917 862 949; x_wconf 89' lang='lat' dir='ltr'>vera,</span> <span class='ocrx_word' id='word_1_91' title='bbox 903 904 960 941; x_wconf 91' lang='lat' dir='ltr'>sic</span> <span class='ocrx_word' id='word_1_92' title='bbox 992 918 1093 953; x_wconf 90' lang='lat' dir='ltr'>opus</span> <span class='ocrx_word' id='word_1_93' title='bbox 1127 907 1345 953; x_wconf 87' lang='lat' dir='ltr'>reprobum</span> <span class='ocrx_word' id='word_1_94' title='bbox 1379 907 1503 955; x_wconf 85' lang='lat' dir='ltr'>scrip-</span> 
     </span>
     <span class='ocr_line' id='line_1_13' title="bbox 187 962 1504 1012; baseline 0.002 -14"><span class='ocrx_word' id='word_1_95' title='bbox 187 971 275 998; x_wconf 88' lang='lat' dir='ltr'>ture</span> <span class='ocrx_word' id='word_1_96' title='bbox 307 975 418 999; x_wconf 83' lang='lat' dir='ltr'>sacre</span> <span class='ocrx_word' id='word_1_97' title='bbox 443 962 689 999; x_wconf 89' lang='lat' dir='ltr'>contrarium</span> <span class='ocrx_word' id='word_1_98' title='bbox 714 963 803 1010; x_wconf 89' lang='lat' dir='ltr'>plus</span> <span class='ocrx_word' id='word_1_99' title='bbox 828 962 1011 1010; x_wconf 90' lang='lat' dir='ltr'>displicet</span> <span class='ocrx_word' id='word_1_100' title='bbox 1036 965 1120 999; x_wconf 93' lang='lat' dir='ltr'>Deo</span> <span class='ocrx_word' id='word_1_101' title='bbox 1153 976 1274 1012; x_wconf 91' lang='lat' dir='ltr'>quam</span> <span class='ocrx_word' id='word_1_102' title='bbox 1299 976 1504 1001; x_wconf 86' lang='lat' dir='ltr'>sermones</span> 
     </span>
     <span class='ocr_line' id='line_1_14' title="bbox 187 1020 1506 1068; baseline 0.002 -12"><span class='ocrx_word' id='word_1_103' title='bbox 187 1020 382 1068; x_wconf 84' lang='lat' dir='ltr'>scripture</span> <span class='ocrx_word' id='word_1_104' title='bbox 414 1033 525 1057; x_wconf 84' lang='lat' dir='ltr'>sacre</span> <span class='ocrx_word' id='word_1_105' title='bbox 559 1020 763 1067; x_wconf 89' lang='lat' dir='ltr'>contrarii,</span> <span class='ocrx_word' id='word_1_106' title='bbox 796 1020 889 1057; x_wconf 89' lang='lat' dir='ltr'>licet</span> <span class='ocrx_word' id='word_1_107' title='bbox 912 1020 1060 1056; x_wconf 88' lang='lat' dir='ltr'>fuerint</span> <span class='ocrx_word' id='word_1_108' title='bbox 1085 1021 1298 1058; x_wconf 88' lang='lat' dir='ltr'>manifesti.</span> <span class='ocrx_word' id='word_1_109' title='bbox 1332 1024 1414 1059; x_wconf 92' lang='lat' dir='ltr'>Nec</span> <span class='ocrx_word' id='word_1_110' title='bbox 1448 1033 1506 1059; x_wconf 91' lang='lat' dir='ltr'>est</span> 
     </span>
     <span class='ocr_line' id='line_1_15' title="bbox 186 1078 1506 1127; baseline 0.002 -13"><span class='ocrx_word' id='word_1_111' title='bbox 186 1078 376 1126; x_wconf 89' lang='lat' dir='ltr'>possibile</span> <span class='ocrx_word' id='word_1_112' title='bbox 409 1091 650 1127; x_wconf 89' lang='lat' dir='ltr'>quemquam</span> <span class='ocrx_word' id='word_1_113' title='bbox 677 1090 759 1114; x_wconf 91' lang='lat' dir='ltr'>esse</span> <span class='ocrx_word' id='word_1_114' title='bbox 782 1078 1002 1114; x_wconf 89' lang='lat' dir='ltr'>hereticum</span> <span class='ocrx_word' id='word_1_115' title='bbox 1026 1078 1102 1114; x_wconf 91' lang='lat' dir='ltr'>nisi</span> <span class='ocrx_word' id='word_1_116' title='bbox 1130 1080 1178 1115; x_wconf 91' lang='lat' dir='ltr'>de</span> <span class='ocrx_word' id='word_1_117' title='bbox 1201 1088 1352 1127; x_wconf 90' lang='lat' dir='ltr'>quanto</span> <span class='ocrx_word' id='word_1_118' title='bbox 1387 1080 1506 1117; x_wconf 87' lang='lat' dir='ltr'>fuerit</span> 
     </span>
     <span class='ocr_line' id='line_1_16' title="bbox 135 1135 1506 1184; baseline 0.001 -12"><span class='ocrx_word' id='word_1_119' title='bbox 135 1135 383 1184; x_wconf 81' lang='lat' dir='ltr'>15scripture</span> <span class='ocrx_word' id='word_1_120' title='bbox 415 1149 526 1173; x_wconf 90' lang='lat' dir='ltr'>sacre</span> <span class='ocrx_word' id='word_1_121' title='bbox 559 1136 783 1173; x_wconf 89' lang='lat' dir='ltr'>contrarius</span> <span class='ocrx_word' id='word_1_122' title='bbox 815 1135 856 1172; x_wconf 91' lang='lat' dir='ltr'>in</span> <span class='ocrx_word' id='word_1_123' title='bbox 889 1148 1010 1184; x_wconf 88' lang='lat' dir='ltr'>opere</span> <span class='ocrx_word' id='word_1_124' title='bbox 1043 1137 1104 1172; x_wconf 89' lang='lat' dir='ltr'>vel</span> <span class='ocrx_word' id='word_1_125' title='bbox 1136 1148 1334 1175; x_wconf 85' lang='lat' dir='ltr'>sermone.</span> <span class='ocrx_word' id='word_1_126' title='bbox 1369 1140 1418 1174; x_wconf 91' lang='lat' dir='ltr'>Et</span> <span class='ocrx_word' id='word_1_127' title='bbox 1450 1138 1506 1174; x_wconf 93' lang='lat' dir='ltr'>sic</span> 
     </span>
     <span class='ocr_line' id='line_1_17' title="bbox 188 1193 1506 1242; baseline 0.002 -13"><span class='ocrx_word' id='word_1_128' title='bbox 188 1193 444 1230; x_wconf 87' lang='lat' dir='ltr'>manifestum</span> <span class='ocrx_word' id='word_1_129' title='bbox 483 1194 677 1231; x_wconf 89' lang='lat' dir='ltr'>iudicium</span> <span class='ocrx_word' id='word_1_130' title='bbox 717 1203 775 1231; x_wconf 87' lang='lat' dir='ltr'>est</span> <span class='ocrx_word' id='word_1_131' title='bbox 814 1196 924 1242; x_wconf 90' lang='lat' dir='ltr'>quod</span> <span class='ocrx_word' id='word_1_132' title='bbox 964 1194 1107 1242; x_wconf 90' lang='lat' dir='ltr'>prelati</span> <span class='ocrx_word' id='word_1_133' title='bbox 1146 1204 1237 1230; x_wconf 92' lang='lat' dir='ltr'>sunt</span> <span class='ocrx_word' id='word_1_134' title='bbox 1271 1196 1435 1232; x_wconf 88' lang='lat' dir='ltr'>heretici</span> <span class='ocrx_word' id='word_1_135' title='bbox 1469 1205 1506 1232; x_wconf 90' lang='lat' dir='ltr'>et</span> 
     </span>
     <span class='ocr_line' id='line_1_18' title="bbox 187 1251 1505 1302; baseline 0.002 -15"><span class='ocrx_word' id='word_1_136' title='bbox 187 1260 391 1299; x_wconf 88' lang='lat' dir='ltr'>serpentes</span> <span class='ocrx_word' id='word_1_137' title='bbox 435 1253 528 1288; x_wconf 89' lang='lat' dir='ltr'>dum</span> <span class='ocrx_word' id='word_1_138' title='bbox 563 1251 710 1288; x_wconf 86' lang='lat' dir='ltr'>fuerint</span> <span class='ocrx_word' id='word_1_139' title='bbox 741 1251 819 1288; x_wconf 84' lang='lat' dir='ltr'>vite</span> <span class='ocrx_word' id='word_1_140' title='bbox 859 1251 1005 1288; x_wconf 85' lang='lat' dir='ltr'>Christi</span> <span class='ocrx_word' id='word_1_141' title='bbox 1041 1252 1233 1288; x_wconf 90' lang='lat' dir='ltr'>contrarii</span> <span class='ocrx_word' id='word_1_142' title='bbox 1268 1262 1305 1289; x_wconf 92' lang='lat' dir='ltr'>et</span> <span class='ocrx_word' id='word_1_143' title='bbox 1338 1266 1403 1290; x_wconf 92' lang='lat' dir='ltr'>eos</span> <span class='ocrx_word' id='word_1_144' title='bbox 1437 1254 1505 1302; x_wconf 91' lang='lat' dir='ltr'>qui</span> 
     </span>
     <span class='ocr_line' id='line_1_19' title="bbox 186 1309 1504 1358; baseline 0.002 -13"><span class='ocrx_word' id='word_1_145' title='bbox 186 1310 332 1345; x_wconf 90' lang='lat' dir='ltr'>vellent</span> <span class='ocrx_word' id='word_1_146' title='bbox 353 1309 483 1346; x_wconf 89' lang='lat' dir='ltr'>vivere</span> <span class='ocrx_word' id='word_1_147' title='bbox 506 1310 627 1346; x_wconf 89' lang='lat' dir='ltr'>vitam</span> <span class='ocrx_word' id='word_1_148' title='bbox 652 1309 923 1357; x_wconf 82' lang='lat' dir='ltr'>evangelicam</span> <span class='ocrx_word' id='word_1_149' title='bbox 948 1318 1256 1358; x_wconf 86' lang='lat' dir='ltr'>persequentes;</span> <span class='ocrx_word' id='word_1_150' title='bbox 1290 1311 1348 1347; x_wconf 87' lang='lat' dir='ltr'>illi</span> <span class='ocrx_word' id='word_1_151' title='bbox 1371 1321 1504 1348; x_wconf 87' lang='lat' dir='ltr'>autem</span> 
     </span>
     <span class='ocr_line' id='line_1_20' title="bbox 187 1367 1506 1416; baseline 0.002 -13"><span class='ocrx_word' id='word_1_152' title='bbox 187 1379 305 1415; x_wconf 91' lang='lat' dir='ltr'>super</span> <span class='ocrx_word' id='word_1_153' title='bbox 333 1376 471 1415; x_wconf 89' lang='lat' dir='ltr'>pectus</span> <span class='ocrx_word' id='word_1_154' title='bbox 504 1381 619 1404; x_wconf 91' lang='lat' dir='ltr'>suum</span> <span class='ocrx_word' id='word_1_155' title='bbox 645 1367 886 1416; x_wconf 84' lang='lat' dir='ltr'>gradiuntur</span> <span class='ocrx_word' id='word_1_156' title='bbox 918 1376 955 1404; x_wconf 89' lang='lat' dir='ltr'>et</span> <span class='ocrx_word' id='word_1_157' title='bbox 987 1376 1136 1404; x_wconf 89' lang='lat' dir='ltr'>terram</span> <span class='ocrx_word' id='word_1_158' title='bbox 1166 1370 1379 1405; x_wconf 89' lang='lat' dir='ltr'>comedent</span> <span class='ocrx_word' id='word_1_159' title='bbox 1412 1382 1506 1406; x_wconf 91' lang='lat' dir='ltr'>con-</span> 
     </span>
     <span class='ocr_line' id='line_1_21' title="bbox 131 1425 1506 1475; baseline 0.001 -14"><span class='ocrx_word' id='word_1_160' title='bbox 131 1441 172 1461; x_wconf 76' lang='lat'>20</span> <span class='ocrx_word' id='word_1_161' title='bbox 188 1425 311 1471; x_wconf 87' lang='lat' dir='ltr'>tinue,</span> <span class='ocrx_word' id='word_1_162' title='bbox 358 1426 451 1461; x_wconf 91' lang='lat' dir='ltr'>dum</span> <span class='ocrx_word' id='word_1_163' title='bbox 485 1434 591 1462; x_wconf 89' lang='lat' dir='ltr'>totus</span> <span class='ocrx_word' id='word_1_164' title='bbox 624 1426 738 1462; x_wconf 87' lang='lat' dir='ltr'>labor</span> <span class='ocrx_word' id='word_1_165' title='bbox 770 1438 908 1462; x_wconf 88' lang='lat' dir='ltr'>eorum</span> <span class='ocrx_word' id='word_1_166' title='bbox 944 1434 1003 1462; x_wconf 90' lang='lat' dir='ltr'>est</span> <span class='ocrx_word' id='word_1_167' title='bbox 1025 1434 1190 1474; x_wconf 90' lang='lat' dir='ltr'>propter</span> <span class='ocrx_word' id='word_1_168' title='bbox 1222 1439 1334 1463; x_wconf 92' lang='lat' dir='ltr'>suam</span> <span class='ocrx_word' id='word_1_169' title='bbox 1368 1440 1506 1475; x_wconf 88' lang='lat' dir='ltr'>super-</span> 
     </span>
     <span class='ocr_line' id='line_1_22' title="bbox 188 1483 1505 1533; baseline 0.002 -14"><span class='ocrx_word' id='word_1_170' title='bbox 188 1483 294 1519; x_wconf 88' lang='lat' dir='ltr'>biam</span> <span class='ocrx_word' id='word_1_171' title='bbox 340 1484 607 1520; x_wconf 86' lang='lat' dir='ltr'>exaltandam.</span> <span class='ocrx_word' id='word_1_172' title='bbox 653 1485 701 1519; x_wconf 89' lang='lat' dir='ltr'>Et</span> <span class='ocrx_word' id='word_1_173' title='bbox 748 1496 888 1520; x_wconf 86' lang='lat' dir='ltr'>causas</span> <span class='ocrx_word' id='word_1_174' title='bbox 931 1492 1138 1520; x_wconf 84' lang='lat' dir='ltr'>terrestres</span> <span class='ocrx_word' id='word_1_175' title='bbox 1184 1485 1345 1520; x_wconf 86' lang='lat' dir='ltr'>student</span> <span class='ocrx_word' id='word_1_176' title='bbox 1385 1494 1505 1533; x_wconf 92' lang='lat' dir='ltr'>atque</span> 
     </span>
     <span class='ocr_line' id='line_1_23' title="bbox 188 1540 1505 1590; baseline 0.002 -13"><span class='ocrx_word' id='word_1_177' title='bbox 188 1540 412 1577; x_wconf 89' lang='lat' dir='ltr'>discuciunt</span> <span class='ocrx_word' id='word_1_178' title='bbox 444 1550 610 1589; x_wconf 89' lang='lat' dir='ltr'>propter</span> <span class='ocrx_word' id='word_1_179' title='bbox 641 1542 797 1577; x_wconf 89' lang='lat' dir='ltr'>lucrum</span> <span class='ocrx_word' id='word_1_180' title='bbox 843 1541 1013 1589; x_wconf 86' lang='lat' dir='ltr'>pecunie</span> <span class='ocrx_word' id='word_1_181' title='bbox 1045 1541 1269 1589; x_wconf 91' lang='lat' dir='ltr'>postposita</span> <span class='ocrx_word' id='word_1_182' title='bbox 1302 1542 1387 1590; x_wconf 81' lang='lat' dir='ltr'>lege</span> <span class='ocrx_word' id='word_1_183' title='bbox 1420 1543 1505 1579; x_wconf 89' lang='lat' dir='ltr'>Dei.</span> 
     </span>
     <span class='ocr_line' id='line_1_24' title="bbox 188 1598 1507 1648; baseline 0.002 -14"><span class='ocrx_word' id='word_1_184' title='bbox 188 1601 236 1634; x_wconf 89' lang='lat' dir='ltr'>Et</span> <span class='ocrx_word' id='word_1_185' title='bbox 268 1598 322 1635; x_wconf 87' lang='lat' dir='ltr'>ita</span> <span class='ocrx_word' id='word_1_186' title='bbox 355 1598 385 1635; x_wconf 90' lang='lat' dir='ltr'>si</span> <span class='ocrx_word' id='word_1_187' title='bbox 409 1599 535 1635; x_wconf 89' lang='lat' dir='ltr'>fidelis</span> <span class='ocrx_word' id='word_1_188' title='bbox 568 1600 733 1635; x_wconf 88' lang='lat' dir='ltr'>auderet</span> <span class='ocrx_word' id='word_1_189' title='bbox 766 1599 909 1645; x_wconf 84' lang='lat' dir='ltr'>dicere,</span> <span class='ocrx_word' id='word_1_190' title='bbox 943 1611 1034 1636; x_wconf 87' lang='lat' dir='ltr'>vere</span> <span class='ocrx_word' id='word_1_191' title='bbox 1066 1609 1103 1636; x_wconf 91' lang='lat' dir='ltr'>et</span> <span class='ocrx_word' id='word_1_192' title='bbox 1134 1599 1341 1636; x_wconf 83' lang='lat' dir='ltr'>meritorie</span> <span class='ocrx_word' id='word_1_193' title='bbox 1373 1609 1507 1648; x_wconf 90' lang='lat' dir='ltr'>posset</span> 
     </span>
     <span class='ocr_line' id='line_1_25' title="bbox 189 1657 1506 1705; baseline 0.002 -13"><span class='ocrx_word' id='word_1_194' title='bbox 189 1657 404 1693; x_wconf 89' lang='lat' dir='ltr'>defendere</span> <span class='ocrx_word' id='word_1_195' title='bbox 438 1659 545 1705; x_wconf 92' lang='lat' dir='ltr'>quod</span> <span class='ocrx_word' id='word_1_196' title='bbox 578 1669 683 1705; x_wconf 88' lang='lat' dir='ltr'>papa</span> <span class='ocrx_word' id='word_1_197' title='bbox 715 1657 795 1693; x_wconf 90' lang='lat' dir='ltr'>sive</span> <span class='ocrx_word' id='word_1_198' title='bbox 828 1659 1011 1694; x_wconf 88' lang='lat' dir='ltr'>Romana</span> <span class='ocrx_word' id='word_1_199' title='bbox 1045 1657 1155 1693; x_wconf 88' lang='lat' dir='ltr'>curia</span> <span class='ocrx_word' id='word_1_200' title='bbox 1179 1670 1269 1693; x_wconf 89' lang='lat' dir='ltr'>curn</span> <span class='ocrx_word' id='word_1_201' title='bbox 1294 1657 1374 1694; x_wconf 90' lang='lat' dir='ltr'>suis</span> <span class='ocrx_word' id='word_1_202' title='bbox 1397 1671 1506 1695; x_wconf 90' lang='lat' dir='ltr'>com-</span> 
     </span>
     <span class='ocr_line' id='line_1_26' title="bbox 133 1714 1504 1763; baseline 0.001 -13"><span class='ocrx_word' id='word_1_203' title='bbox 133 1720 172 1752; x_wconf 86' lang='lat'>25</span> <span class='ocrx_word' id='word_1_204' title='bbox 188 1714 359 1762; x_wconf 91' lang='lat' dir='ltr'>plicibus</span> <span class='ocrx_word' id='word_1_205' title='bbox 399 1724 456 1751; x_wconf 91' lang='lat' dir='ltr'>est</span> <span class='ocrx_word' id='word_1_206' title='bbox 490 1715 581 1752; x_wconf 87' lang='lat' dir='ltr'>fidei</span> <span class='ocrx_word' id='word_1_207' title='bbox 620 1714 815 1763; x_wconf 82' lang='lat' dir='ltr'>scripture</span> <span class='ocrx_word' id='word_1_208' title='bbox 849 1715 974 1763; x_wconf 84' lang='lat' dir='ltr'>magis</span> <span class='ocrx_word' id='word_1_209' title='bbox 1015 1715 1253 1751; x_wconf 86' lang='lat' dir='ltr'>contrarius.</span> <span class='ocrx_word' id='word_1_210' title='bbox 1288 1715 1365 1763; x_wconf 92' lang='lat' dir='ltr'>Ipsi</span> <span class='ocrx_word' id='word_1_211' title='bbox 1399 1716 1504 1752; x_wconf 89' lang='lat' dir='ltr'>enim</span> 
     </span>
     <span class='ocr_line' id='line_1_27' title="bbox 189 1772 1503 1821; baseline 0.002 -13"><span class='ocrx_word' id='word_1_212' title='bbox 189 1772 447 1820; x_wconf 86' lang='lat' dir='ltr'>publicarunt</span> <span class='ocrx_word' id='word_1_213' title='bbox 480 1773 585 1809; x_wconf 91' lang='lat' dir='ltr'>istud</span> <span class='ocrx_word' id='word_1_214' title='bbox 630 1773 736 1809; x_wconf 90' lang='lat' dir='ltr'>virus</span> <span class='ocrx_word' id='word_1_215' title='bbox 769 1772 1044 1820; x_wconf 89' lang='lat' dir='ltr'>serpentinum</span> <span class='ocrx_word' id='word_1_216' title='bbox 1078 1782 1287 1821; x_wconf 88' lang='lat' dir='ltr'>tamquam</span> <span class='ocrx_word' id='word_1_217' title='bbox 1321 1773 1503 1810; x_wconf 89' lang='lat' dir='ltr'>tiriacam</span> 
     </span>
     <span class='ocr_line' id='line_1_28' title="bbox 190 1830 1503 1880; baseline 0.002 -15"><span class='ocrx_word' id='word_1_218' title='bbox 190 1831 297 1878; x_wconf 91' lang='lat' dir='ltr'>quod</span> <span class='ocrx_word' id='word_1_219' title='bbox 330 1839 623 1878; x_wconf 89' lang='lat' dir='ltr'>persequantur</span> <span class='ocrx_word' id='word_1_220' title='bbox 647 1839 684 1867; x_wconf 92' lang='lat' dir='ltr'>et</span> <span class='ocrx_word' id='word_1_221' title='bbox 707 1830 937 1879; x_wconf 80' lang='lat' dir='ltr'>extinguant</span> <span class='ocrx_word' id='word_1_222' title='bbox 964 1830 1100 1867; x_wconf 90' lang='lat' dir='ltr'>fideles</span> <span class='ocrx_word' id='word_1_223' title='bbox 1124 1831 1272 1867; x_wconf 91' lang='lat' dir='ltr'>Christi</span> <span class='ocrx_word' id='word_1_224' title='bbox 1295 1840 1503 1880; x_wconf 89' lang='lat' dir='ltr'>tamquam</span> 
     </span>
     <span class='ocr_line' id='line_1_29' title="bbox 190 1888 1504 1938; baseline 0.001 -14"><span class='ocrx_word' id='word_1_225' title='bbox 190 1888 398 1934; x_wconf 86' lang='lat' dir='ltr'>hereticos,</span> <span class='ocrx_word' id='word_1_226' title='bbox 433 1897 470 1924; x_wconf 90' lang='lat' dir='ltr'>et</span> <span class='ocrx_word' id='word_1_227' title='bbox 502 1890 596 1924; x_wconf 88' lang='lat' dir='ltr'>dum</span> <span class='ocrx_word' id='word_1_228' title='bbox 621 1889 736 1936; x_wconf 91' lang='lat' dir='ltr'>plene</span> <span class='ocrx_word' id='word_1_229' title='bbox 759 1901 879 1925; x_wconf 90' lang='lat' dir='ltr'>causa</span> <span class='ocrx_word' id='word_1_230' title='bbox 901 1888 1113 1924; x_wconf 89' lang='lat' dir='ltr'>discutitur</span> <span class='ocrx_word' id='word_1_231' title='bbox 1136 1897 1214 1925; x_wconf 91' lang='lat' dir='ltr'>stat</span> <span class='ocrx_word' id='word_1_232' title='bbox 1236 1889 1275 1925; x_wconf 92' lang='lat' dir='ltr'>in</span> <span class='ocrx_word' id='word_1_233' title='bbox 1298 1888 1374 1925; x_wconf 92' lang='lat' dir='ltr'>isto</span> <span class='ocrx_word' id='word_1_234' title='bbox 1397 1891 1504 1938; x_wconf 89' lang='lat' dir='ltr'>quod</span> 
     </span>
     <span class='ocr_line' id='line_1_30' title="bbox 190 1945 1505 1994; baseline 0.002 -13"><span class='ocrx_word' id='word_1_235' title='bbox 190 1945 264 1994; x_wconf 91' lang='lat' dir='ltr'>ipsi</span> <span class='ocrx_word' id='word_1_236' title='bbox 298 1947 516 1983; x_wconf 90' lang='lat' dir='ltr'>defendunt</span> <span class='ocrx_word' id='word_1_237' title='bbox 547 1947 675 1994; x_wconf 79' lang='lat' dir='ltr'>legem</span> <span class='ocrx_word' id='word_1_238' title='bbox 710 1946 871 1993; x_wconf 81' lang='lat' dir='ltr'>Christi,</span> <span class='ocrx_word' id='word_1_239' title='bbox 911 1946 974 1982; x_wconf 92' lang='lat' dir='ltr'>cui</span> <span class='ocrx_word' id='word_1_240' title='bbox 1007 1946 1071 1983; x_wconf 89' lang='lat' dir='ltr'>isti</span> <span class='ocrx_word' id='word_1_241' title='bbox 1104 1955 1196 1982; x_wconf 86' lang='lat' dir='ltr'>sunt</span> <span class='ocrx_word' id='word_1_242' title='bbox 1228 1946 1267 1982; x_wconf 91' lang='lat' dir='ltr'>in</span> <span class='ocrx_word' id='word_1_243' title='bbox 1299 1947 1379 1983; x_wconf 89' lang='lat' dir='ltr'>vita</span> <span class='ocrx_word' id='word_1_244' title='bbox 1412 1960 1505 1984; x_wconf 89' lang='lat' dir='ltr'>con—</span> 
     </span>
     <span class='ocr_line' id='line_1_31' title="bbox 134 2003 1501 2053; baseline 0.002 -14"><span class='ocrx_word' id='word_1_245' title='bbox 134 2009 175 2041; x_wconf 78' lang='lat'>30</span> <span class='ocrx_word' id='word_1_246' title='bbox 190 2003 303 2040; x_wconf 89' lang='lat' dir='ltr'>trarii</span> <span class='ocrx_word' id='word_1_247' title='bbox 336 2016 419 2040; x_wconf 91' lang='lat' dir='ltr'>esse</span> <span class='ocrx_word' id='word_1_248' title='bbox 451 2016 600 2051; x_wconf 88' lang='lat' dir='ltr'>veram,</span> <span class='ocrx_word' id='word_1_249' title='bbox 635 2013 671 2040; x_wconf 88' lang='lat' dir='ltr'>et</span> <span class='ocrx_word' id='word_1_250' title='bbox 703 2003 760 2040; x_wconf 92' lang='lat' dir='ltr'>sic</span> <span class='ocrx_word' id='word_1_251' title='bbox 791 2017 872 2040; x_wconf 91' lang='lat' dir='ltr'>non</span> <span class='ocrx_word' id='word_1_252' title='bbox 895 2005 1079 2040; x_wconf 89' lang='lat' dir='ltr'>obstante</span> <span class='ocrx_word' id='word_1_253' title='bbox 1102 2013 1187 2041; x_wconf 90' lang='lat' dir='ltr'>tota</span> <span class='ocrx_word' id='word_1_254' title='bbox 1209 2017 1360 2053; x_wconf 89' lang='lat' dir='ltr'>pompa</span> <span class='ocrx_word' id='word_1_255' title='bbox 1382 2018 1501 2053; x_wconf 90' lang='lat' dir='ltr'>quam</span> 
     </span>
     <span class='ocr_line' id='line_1_32' title="bbox 189 2061 1505 2110; baseline 0.002 -13"><span class='ocrx_word' id='word_1_256' title='bbox 189 2061 340 2098; x_wconf 88' lang='lat' dir='ltr'>faciunt</span> <span class='ocrx_word' id='word_1_257' title='bbox 379 2074 517 2098; x_wconf 89' lang='lat' dir='ltr'>omnes</span> <span class='ocrx_word' id='word_1_258' title='bbox 558 2070 854 2110; x_wconf 78' lang='lat' dir='ltr'>persequentes,</span> <span class='ocrx_word' id='word_1_259' title='bbox 894 2070 1054 2109; x_wconf 88' lang='lat' dir='ltr'>oportet</span> <span class='ocrx_word' id='word_1_260' title='bbox 1086 2062 1194 2110; x_wconf 89' lang='lat' dir='ltr'>ipsos</span> <span class='ocrx_word' id='word_1_261' title='bbox 1226 2061 1266 2098; x_wconf 87' lang='lat' dir='ltr'>in</span> <span class='ocrx_word' id='word_1_262' title='bbox 1298 2063 1378 2099; x_wconf 89' lang='lat' dir='ltr'>vita</span> <span class='ocrx_word' id='word_1_263' title='bbox 1411 2076 1505 2099; x_wconf 91' lang='lat' dir='ltr'>con—</span> 
     </span>
     <span class='ocr_line' id='line_1_33' title="bbox 189 2119 1505 2167; baseline 0.002 -12"><span class='ocrx_word' id='word_1_264' title='bbox 189 2119 335 2155; x_wconf 88' lang='lat' dir='ltr'>sentire</span> <span class='ocrx_word' id='word_1_265' title='bbox 379 2119 470 2155; x_wconf 92' lang='lat' dir='ltr'>huic</span> <span class='ocrx_word' id='word_1_266' title='bbox 516 2119 608 2156; x_wconf 89' lang='lat' dir='ltr'>fidei</span> <span class='ocrx_word' id='word_1_267' title='bbox 652 2119 847 2167; x_wconf 83' lang='lat' dir='ltr'>scripture</span> <span class='ocrx_word' id='word_1_268' title='bbox 892 2132 968 2167; x_wconf 92' lang='lat' dir='ltr'>que</span> <span class='ocrx_word' id='word_1_269' title='bbox 1013 2128 1070 2156; x_wconf 91' lang='lat' dir='ltr'>est</span> <span class='ocrx_word' id='word_1_270' title='bbox 1109 2120 1163 2156; x_wconf 90' lang='lat' dir='ltr'>eis</span> <span class='ocrx_word' id='word_1_271' title='bbox 1203 2120 1417 2166; x_wconf 89' lang='lat' dir='ltr'>contraria,</span> <span class='ocrx_word' id='word_1_272' title='bbox 1461 2130 1505 2157; x_wconf 91' lang='lat' dir='ltr'>ut</span> 
     </span>
     <span class='ocr_line' id='line_1_34' title="bbox 191 2176 1503 2225; baseline 0.002 -13"><span class='ocrx_word' id='word_1_273' title='bbox 191 2176 337 2213; x_wconf 89' lang='lat' dir='ltr'>dicitur</span> <span class='ocrx_word' id='word_1_274' title='bbox 369 2178 535 2214; x_wconf 86' lang='lat' dir='ltr'>Matthei</span> <span class='ocrx_word' id='word_1_275' title='bbox 566 2179 618 2222; x_wconf 82' lang='lat' dir='ltr'>V3</span> <span class='ocrx_word' id='word_1_276' title='bbox 650 2178 711 2214; x_wconf 89' lang='lat' dir='ltr'>vel</span> <span class='ocrx_word' id='word_1_277' title='bbox 743 2177 858 2214; x_wconf 90' lang='lat' dir='ltr'>aliter</span> <span class='ocrx_word' id='word_1_278' title='bbox 880 2177 1078 2225; x_wconf 90' lang='lat' dir='ltr'>scriptura</span> <span class='ocrx_word' id='word_1_279' title='bbox 1102 2177 1187 2225; x_wconf 92' lang='lat' dir='ltr'>ipsa</span> <span class='ocrx_word' id='word_1_280' title='bbox 1210 2186 1299 2225; x_wconf 90' lang='lat' dir='ltr'>post</span> <span class='ocrx_word' id='word_1_281' title='bbox 1332 2187 1503 2215; x_wconf 90' lang='lat' dir='ltr'>mortem</span> 
     </span>
     <span class='ocr_line' id='line_1_35' title="bbox 190 2234 1505 2283; baseline 0.002 -13"><span class='ocrx_word' id='word_1_282' title='bbox 190 2236 321 2271; x_wconf 88' lang='lat' dir='ltr'>tradet</span> <span class='ocrx_word' id='word_1_283' title='bbox 360 2248 426 2272; x_wconf 91' lang='lat' dir='ltr'>eos</span> <span class='ocrx_word' id='word_1_284' title='bbox 466 2234 589 2271; x_wconf 92' lang='lat' dir='ltr'>iudici</span> <span class='ocrx_word' id='word_1_285' title='bbox 629 2244 666 2271; x_wconf 91' lang='lat' dir='ltr'>et</span> <span class='ocrx_word' id='word_1_286' title='bbox 704 2235 821 2271; x_wconf 86' lang='lat' dir='ltr'>iudex</span> <span class='ocrx_word' id='word_1_287' title='bbox 858 2236 990 2271; x_wconf 88' lang='lat' dir='ltr'>tradet</span> <span class='ocrx_word' id='word_1_288' title='bbox 1027 2235 1133 2283; x_wconf 90' lang='lat' dir='ltr'>ipsos</span> <span class='ocrx_word' id='word_1_289' title='bbox 1166 2236 1385 2272; x_wconf 90' lang='lat' dir='ltr'>tortoribus</span> <span class='ocrx_word' id='word_1_290' title='bbox 1418 2249 1505 2273; x_wconf 92' lang='lat' dir='ltr'>cru-</span> 
     </span>
     <span class='ocr_line' id='line_1_36' title="bbox 136 2291 1505 2342; baseline 0.001 -12"><span class='ocrx_word' id='word_1_291' title='bbox 136 2296 174 2330; x_wconf 78' lang='lat'>35</span> <span class='ocrx_word' id='word_1_292' title='bbox 190 2291 364 2338; x_wconf 85' lang='lat' dir='ltr'>ciendos,</span> <span class='ocrx_word' id='word_1_293' title='bbox 404 2293 497 2341; x_wconf 91' lang='lat' dir='ltr'>quia</span> <span class='ocrx_word' id='word_1_294' title='bbox 536 2306 626 2330; x_wconf 91' lang='lat' dir='ltr'>cum</span> <span class='ocrx_word' id='word_1_295' title='bbox 666 2305 784 2342; x_wconf 79' lang='lat' dir='ltr'>super</span> <span class='ocrx_word' id='word_1_296' title='bbox 827 2293 954 2329; x_wconf 79' lang='lat' dir='ltr'>omnia</span> <span class='ocrx_word' id='word_1_297' title='bbox 998 2293 1113 2329; x_wconf 84' lang='lat' dir='ltr'>vincit</span> <span class='ocrx_word' id='word_1_298' title='bbox 1146 2293 1302 2340; x_wconf 80' lang='lat' dir='ltr'>veritas,</span> <span class='ocrx_word' id='word_1_299' title='bbox 1345 2303 1505 2342; x_wconf 88' lang='lat' dir='ltr'>oportet</span> 
     </span>
     <span class='ocr_line' id='line_1_37' title="bbox 192 2350 1290 2399; baseline 0.001 -13"><span class='ocrx_word' id='word_1_300' title='bbox 192 2351 294 2386; x_wconf 90' lang='lat' dir='ltr'>hanc</span> <span class='ocrx_word' id='word_1_301' title='bbox 325 2350 532 2387; x_wconf 89' lang='lat' dir='ltr'>veritatem</span> <span class='ocrx_word' id='word_1_302' title='bbox 567 2350 837 2398; x_wconf 82' lang='lat' dir='ltr'>evangelicam</span> <span class='ocrx_word' id='word_1_303' title='bbox 870 2350 1041 2391; x_wconf 87' lang='lat' dir='ltr'>finaliter</span> <span class='ocrx_word' id='word_1_304' title='bbox 1072 2352 1290 2399; x_wconf 90' lang='lat' dir='ltr'>prevalere.</span> 
     </span>
    </p>
   </div>
   <div class='ocr_carea' id='block_1_3' title="bbox 1536 443 1779 644">
    <p class='ocr_par' dir='ltr' id='par_1_3' title="bbox 1536 443 1779 644">
     <span class='ocr_line' id='line_1_38' title="bbox 1571 443 1739 471; baseline 0.012 -2"><span class='ocrx_word' id='word_1_305' title='bbox 1571 443 1637 470; x_wconf 84' lang='lat' dir='ltr'>The</span> <span class='ocrx_word' id='word_1_306' title='bbox 1657 449 1739 471; x_wconf 87' lang='lat' dir='ltr'>most</span> 
     </span>
     <span class='ocr_line' id='line_1_39' title="bbox 1570 477 1745 516; baseline 0.006 -12"><span class='ocrx_word' id='word_1_307' title='bbox 1570 477 1745 516; x_wconf 82' lang='lat' dir='ltr'>dangerous</span> 
     </span>
     <span class='ocr_line' id='line_1_40' title="bbox 1553 512 1754 540; baseline 0.005 -1"><span class='ocrx_word' id='word_1_308' title='bbox 1553 512 1683 539; x_wconf 79' lang='lat' dir='ltr'>heretlcs</span> <span class='ocrx_word' id='word_1_309' title='bbox 1704 521 1754 540; x_wconf 83' lang='lat' dir='ltr'>are</span> 
     </span>
     <span class='ocr_line' id='line_1_41' title="bbox 1536 547 1779 586; baseline 0.004 -12"><span class='ocrx_word' id='word_1_310' title='bbox 1536 547 1565 574; x_wconf 87' lang='lat' dir='ltr'>in</span> <span class='ocrx_word' id='word_1_311' title='bbox 1587 548 1636 574; x_wconf 81' lang='lat' dir='ltr'>the</span> <span class='ocrx_word' id='word_1_312' title='bbox 1656 548 1779 586; x_wconf 81' lang='lat' dir='ltr'>highest</span> 
     </span>
     <span class='ocr_line' id='line_1_42' title="bbox 1545 581 1767 616; baseline 0.009 -8"><span class='ocrx_word' id='word_1_313' title='bbox 1545 581 1646 616; x_wconf 85' lang='lat' dir='ltr'>places</span> <span class='ocrx_word' id='word_1_314' title='bbox 1667 586 1698 609; x_wconf 84' lang='lat' dir='ltr'>ot</span> <span class='ocrx_word' id='word_1_315' title='bbox 1718 583 1767 610; x_wconf 86' lang='lat' dir='ltr'>the</span> 
     </span>
     <span class='ocr_line' id='line_1_43' title="bbox 1594 617 1720 644; baseline 0.008 -1"><span class='ocrx_word' id='word_1_316' title='bbox 1594 617 1720 644; x_wconf 91' lang='lat' dir='ltr'>church.</span> 
     </span>
    </p>
   </div>
   <div class='ocr_carea' id='block_1_4' title="bbox 1529 928 1784 1025">
    <p class='ocr_par' dir='ltr' id='par_1_4' title="bbox 1529 928 1784 1025">
     <span class='ocr_line' id='line_1_44' title="bbox 1529 928 1784 956; baseline 0.004 -1"><span class='ocrx_word' id='word_1_317' title='bbox 1529 928 1591 955; x_wconf 81' lang='lat' dir='ltr'>ssad</span> <span class='ocrx_word' id='word_1_318' title='bbox 1613 928 1663 955; x_wconf 87' lang='lat' dir='ltr'>life</span> <span class='ocrx_word' id='word_1_319' title='bbox 1683 937 1784 956; x_wconf 87' lang='lat' dir='ltr'>worse</span> 
     </span>
     <span class='ocr_line' id='line_1_45' title="bbox 1571 964 1743 991; baseline 0 -1"><span class='ocrx_word' id='word_1_320' title='bbox 1571 964 1644 990; x_wconf 87' lang='lat' dir='ltr'>than</span> <span class='ocrx_word' id='word_1_321' title='bbox 1665 964 1743 991; x_wconf 78' lang='lat' dir='ltr'>false</span> 
     </span>
     <span class='ocr_line' id='line_1_46' title="bbox 1587 998 1734 1025; baseline 0 0"><span class='ocrx_word' id='word_1_322' title='bbox 1587 998 1734 1025; x_wconf 86' lang='lat' dir='ltr'>doctrine.</span> 
     </span>
    </p>
   </div>
   <div class='ocr_carea' id='block_1_5' title="bbox 252 2408 1792 2456">
    <p class='ocr_par' dir='ltr' id='par_1_5' title="bbox 252 2408 1792 2456">
     <span class='ocr_line' id='line_1_47' title="bbox 252 2408 1792 2456; baseline 0 -12"><span class='ocrx_word' id='word_1_323' title='bbox 252 2410 334 2444; x_wconf 92' lang='lat' dir='ltr'>Nec</span> <span class='ocrx_word' id='word_1_324' title='bbox 367 2418 525 2444; x_wconf 84' lang='lat' dir='ltr'>excusat</span> <span class='ocrx_word' id='word_1_325' title='bbox 558 2410 666 2456; x_wconf 92' lang='lat' dir='ltr'>quod</span> <span class='ocrx_word' id='word_1_326' title='bbox 698 2409 796 2445; x_wconf 90' lang='lat' dir='ltr'>tales</span> <span class='ocrx_word' id='word_1_327' title='bbox 823 2408 988 2445; x_wconf 88' lang='lat' dir='ltr'>heretici</span> <span class='ocrx_word' id='word_1_328' title='bbox 1011 2408 1225 2445; x_wconf 88' lang='lat' dir='ltr'>instituunt</span> <span class='ocrx_word' id='word_1_329' title='bbox 1247 2410 1373 2446; x_wconf 88' lang='lat' dir='ltr'>multa</span> <span class='ocrx_word' id='word_1_330' title='bbox 1405 2410 1504 2446; x_wconf 86' lang='lat' dir='ltr'>festa</span> <span class='ocrx_word' id='word_1_331' title='bbox 1518 2417 1792 2445; x_wconf 80' lang='lat' dir='ltr'>Theirnewfeasts</span> 
     </span>
    </p>
   </div>
   <div class='ocr_carea' id='block_1_6' title="bbox 1545 2452 1764 2479">
    <p class='ocr_par' dir='ltr' id='par_1_6' title="bbox 1545 2452 1764 2479">
     <span class='ocr_line' id='line_1_48' title="bbox 1545 2452 1764 2479; baseline 0 0"><span class='ocrx_word' id='word_1_332' title='bbox 1545 2453 1580 2479; x_wconf 88' lang='lat' dir='ltr'>of</span> <span class='ocrx_word' id='word_1_333' title='bbox 1596 2453 1647 2479; x_wconf 84' lang='lat' dir='ltr'>the</span> <span class='ocrx_word' id='word_1_334' title='bbox 1667 2452 1764 2479; x_wconf 85' lang='lat' dir='ltr'>saints</span> 
     </span>
    </p>
   </div>
   <div class='ocr_carea' id='block_1_7' title="bbox 192 2466 1783 2522">
    <p class='ocr_par' dir='ltr' id='par_1_7' title="bbox 192 2466 1783 2522">
     <span class='ocr_line' id='line_1_49' title="bbox 192 2466 1783 2522; baseline 0.001 -20"><span class='ocrx_word' id='word_1_335' title='bbox 192 2474 274 2502; x_wconf 87' lang='lat' dir='ltr'>tam</span> <span class='ocrx_word' id='word_1_336' title='bbox 313 2474 541 2502; x_wconf 89' lang='lat' dir='ltr'>sanctorum</span> <span class='ocrx_word' id='word_1_337' title='bbox 583 2478 702 2514; x_wconf 90' lang='lat' dir='ltr'>quam</span> <span class='ocrx_word' id='word_1_338' title='bbox 742 2467 789 2503; x_wconf 94' lang='lat' dir='ltr'>de</span> <span class='ocrx_word' id='word_1_339' title='bbox 827 2466 1108 2514; x_wconf 88' lang='lat' dir='ltr'>solempnitate</span> <span class='ocrx_word' id='word_1_340' title='bbox 1146 2467 1325 2515; x_wconf 89' lang='lat' dir='ltr'>corporis</span> <span class='ocrx_word' id='word_1_341' title='bbox 1358 2467 1504 2504; x_wconf 89' lang='lat' dir='ltr'>Christi</span> <span class='ocrx_word' id='word_1_342' title='bbox 1527 2486 1586 2514; x_wconf 85' lang='lat' dir='ltr'>and</span> <span class='ocrx_word' id='word_1_343' title='bbox 1607 2488 1643 2514; x_wconf 78' lang='lat' dir='ltr'>of</span> <span class='ocrx_word' id='word_1_344' title='bbox 1660 2486 1783 2522; x_wconf 86' lang='lat' dir='ltr'>Corpus</span> 
     </span>
    </p>
   </div>
   <div class='ocr_carea' id='block_1_8' title="bbox 137 2523 1505 2631">
    <p class='ocr_par' dir='ltr' id='par_1_8' title="bbox 137 2523 1505 2631">
     <span class='ocr_line' id='line_1_50' title="bbox 193 2523 1505 2572; baseline 0.002 -13"><span class='ocrx_word' id='word_1_345' title='bbox 193 2523 233 2559; x_wconf 88' lang='lat' dir='ltr'>in</span> <span class='ocrx_word' id='word_1_346' title='bbox 266 2524 431 2560; x_wconf 86' lang='lat' dir='ltr'>ecclesia</span> <span class='ocrx_word' id='word_1_347' title='bbox 464 2523 675 2570; x_wconf 83' lang='lat' dir='ltr'>militante,</span> <span class='ocrx_word' id='word_1_348' title='bbox 708 2523 801 2572; x_wconf 92' lang='lat' dir='ltr'>quia</span> <span class='ocrx_word' id='word_1_349' title='bbox 841 2523 872 2560; x_wconf 90' lang='lat' dir='ltr'>si</span> <span class='ocrx_word' id='word_1_350' title='bbox 904 2525 1008 2560; x_wconf 91' lang='lat' dir='ltr'>facta</span> <span class='ocrx_word' id='word_1_351' title='bbox 1039 2524 1114 2561; x_wconf 91' lang='lat' dir='ltr'>ista</span> <span class='ocrx_word' id='word_1_352' title='bbox 1146 2524 1381 2572; x_wconf 84' lang='lat' dir='ltr'>diligencius</span> <span class='ocrx_word' id='word_1_353' title='bbox 1413 2534 1505 2562; x_wconf 89' lang='lat' dir='ltr'>sunt</span> 
     </span>
     <span class='ocr_line' id='line_1_51' title="bbox 137 2580 1504 2631; baseline 0.002 -14"><span class='ocrx_word' id='word_1_354' title='bbox 137 2595 179 2626; x_wconf 90' lang='lat'>40</span> <span class='ocrx_word' id='word_1_355' title='bbox 194 2580 352 2628; x_wconf 87' lang='lat' dir='ltr'>rimata,</span> <span class='ocrx_word' id='word_1_356' title='bbox 386 2582 685 2629; x_wconf 87' lang='lat' dir='ltr'>condempnant</span> <span class='ocrx_word' id='word_1_357' title='bbox 721 2581 817 2618; x_wconf 89' lang='lat' dir='ltr'>istos</span> <span class='ocrx_word' id='word_1_358' title='bbox 850 2582 1045 2619; x_wconf 83' lang='lat' dir='ltr'>hereticos</span> <span class='ocrx_word' id='word_1_359' title='bbox 1082 2591 1292 2631; x_wconf 89' lang='lat' dir='ltr'>tamquam</span> <span class='ocrx_word' id='word_1_360' title='bbox 1324 2583 1402 2620; x_wconf 92' lang='lat' dir='ltr'>vite</span> <span class='ocrx_word' id='word_1_361' title='bbox 1435 2596 1504 2620; x_wconf 92' lang='lat' dir='ltr'>sue</span> 
     </span>
    </p>
   </div>
   <div class='ocr_carea' id='block_1_9' title="bbox 196 2807 1502 2872">
    <p class='ocr_par' dir='ltr' id='par_1_9' title="bbox 196 2807 1502 2872">
     <span class='ocr_line' id='line_1_52' title="bbox 204 2807 1502 2848; baseline 0.001 -15"><span class='ocrx_word' id='word_1_362' title='bbox 204 2842 208 2846; x_wconf 31' lang='lat'>⁵</span> <span class='ocrx_word' id='word_1_363' title='bbox 264 2807 341 2847; x_wconf 66' lang='lat'>².‘&#39;3‘</span> <span class='ocrx_word' id='word_1_364' title='bbox 363 2809 406 2834; x_wconf 90' lang='lat' dir='ltr'>A:</span> <span class='ocrx_word' id='word_1_365' title='bbox 428 2816 480 2848; x_wconf 56' lang='lat' dir='ltr'>szfe</span> <span class='ocrx_word' id='word_1_366' title='bbox 493 2824 526 2827; x_wconf 91' lang='lat'><em>-</em></span> <span class='ocrx_word' id='word_1_367' title='bbox 539 2815 685 2835; x_wconf 79' lang='lat' dir='ltr'>venenum</span> <span class='ocrx_word' id='word_1_368' title='bbox 705 2808 797 2835; x_wconf 87' lang='lat' dir='ltr'>deest.</span> <span class='ocrx_word' id='word_1_369' title='bbox 871 2807 913 2836; x_wconf 85' lang='lat'>23.</span> <span class='ocrx_word' id='word_1_370' title='bbox 937 2809 974 2835; x_wconf 92' lang='lat' dir='ltr'>A:</span> <span class='ocrx_word' id='word_1_371' title='bbox 998 2809 1042 2835; x_wconf 81' lang='lat' dir='ltr'>ita</span> <span class='ocrx_word' id='word_1_372' title='bbox 1052 2807 1162 2845; x_wconf 81' lang='lat' dir='ltr'>fidelis</span> <span class='ocrx_word' id='word_1_373' title='bbox 1182 2809 1244 2844; x_wconf 85' lang='lat' dir='ltr'>qui.</span> <span class='ocrx_word' id='word_1_374' title='bbox 1334 2807 1373 2843; x_wconf 79' lang='lat'>31,</span> <span class='ocrx_word' id='word_1_375' title='bbox 1394 2807 1437 2835; x_wconf 86' lang='lat'>32.</span> <span class='ocrx_word' id='word_1_376' title='bbox 1457 2809 1502 2836; x_wconf 83' lang='lat' dir='ltr'>A:</span> 
     </span>
     <span class='ocr_line' id='line_1_53' title="bbox 196 2846 501 2872; baseline 0.003 -4"><span class='ocrx_word' id='word_1_377' title='bbox 196 2850 228 2870; x_wconf 79' lang='lat' dir='ltr'>tn</span> <span class='ocrx_word' id='word_1_378' title='bbox 247 2849 297 2869; x_wconf 80' lang='lat' dir='ltr'>vta</span> <span class='ocrx_word' id='word_1_379' title='bbox 317 2846 501 2872; x_wconf 73' lang='lat' dir='ltr'>consentzre.</span> 
     </span>
    </p>
   </div>
   <div class='ocr_carea' id='block_1_10' title="bbox 1548 2521 1761 2591">
    <p class='ocr_par' dir='ltr' id='par_1_10' title="bbox 1548 2521 1761 2591">
     <span class='ocr_line' id='line_1_54' title="bbox 1548 2521 1761 2549; baseline -0.005 0"><span class='ocrx_word' id='word_1_380' title='bbox 1548 2521 1663 2549; x_wconf 88' lang='lat' dir='ltr'>Christi</span> <span class='ocrx_word' id='word_1_381' title='bbox 1684 2521 1761 2548; x_wconf 87' lang='lat' dir='ltr'>avail</span> 
     </span>
     <span class='ocr_line' id='line_1_55' title="bbox 1589 2556 1728 2591; baseline 0 -8"><span class='ocrx_word' id='word_1_382' title='bbox 1589 2556 1728 2591; x_wconf 85' lang='lat' dir='ltr'>nothing.</span> 
     </span>
    </p>
   </div>
  </div>
 </body>
</html>
