1986 3289
188 466 319 493 Avarico
340 466 374 492 οῖ’

166 501 353 528 61]ιιι·61]η16η
375 508 391 527 a

159 535 242 563 chief
258 544 349 562 cause
369 535 403 562 ot*

235 579 308 598 war.

143 1290 208 1317 Our
228 1290 331 1325 clergy
352 1297 416 1316 errs

167 1325 196 1352 in
218 1325 329 1359 Setting
350 1333 389 1359 up

220 1360 334 1387 human

205 1395 351 1422 tradition

158 1874 217 1900 and
238 1874 267 1901 in
288 1874 392 1909 giving

193 1913 242 1935 too
264 1910 355 1936 much

157 1943 349 1978 importance
368 1948 398 1970 to

158 1979 206 2006 the
227 1978 397 2015 hierarchy.

739 192 857 223 OPUs
883 193 1223 225 EVANGELICUM
1253 195 1336 226 Llss.
1364 196 1416 226 111.
1532 183 1639 237 [CAP-
1661 195 1739 222 XIII·

433 298 540 344 quod
586 310 665 334 non
711 299 883 334 habeant
928 298 994 335 illa
1029 301 1146 345 bona,
1181 300 1275 348 quia
1308 301 1367 348 (ut
1400 301 1601 350 inquiunt)
1638 316 1744 340 corn—

433 355 636 392 mitterent
681 368 798 403 grave
843 356 1095 404 sacrilegium
1142 357 1197 394 sic
1241 359 1460 397 reddendo.
1507 362 1554 397 Et
1599 360 1654 397 sic
1688 367 1745 407 (ut

432 422 545 449 notat
576 415 829 461 Jeronymus>
867 414 1005 451 dicunt
1038 427 1128 451 cum
1163 416 1268 452 clero
1292 417 1389 465 legis
1412 418 1574 455 veteris:
1609 432 1746 457 munus

433 472 682 520 quodcunque
715 484 765 508 ex·
797 485 856 508 me
887 480 943 508 est
975 473 1042 508 tibi
1066 474 1260 522 proderit.
1306 477 1355 511 Et
1394 475 1448 512 sic
1481 477 1745 524 probabiliter

432 529 608 566 creditur
631 531 739 578 quod
763 530 852 566 talis
876 530 1088 567 maledicta
1112 533 1375 580 congregacio
1399 535 1597 571 bonorum
1622 537 1745 573 eccle-
1761 540 1777 572 5

430 587 486 623 sie
519 587 732 624 necessitat
771 597 812 624 ut
851 589 954 624 bella
993 598 1029 625 et
1069 599 1307 638 conquestus
1346 592 1603 639 proveniant3
1652 594 1745 642 quia

431 658 520 681 cum
555 645 770 690 iniusticie,
804 645 960 696 iniurie7
994 647 1236 684 contumelie
1259 657 1296 685 et
1318 649 1400 685 doli
1425 650 1744 698 multiplicantur

430 704 470 739 in
503 703 635 751 regnis
680 713 716 740 et
757 704 1026 741 defenduntur
1058 705 1142 742 sine
1176 707 1449 755 correpcione,
1495 720 1654 745 necesse
1687 719 1743 746 est

430 766 487 807 (ut
520 761 615 798 dicit
640 762 957 809 Ecclesiasticus)
992 771 1035 799 ut
1067 776 1232 814 regnum
1266 772 1301 800 et
1332 766 1428 802 bona
1452 766 1531 802 eius
1553 767 1605 802 ad
1625 767 1743 804 alium

427 820 612 869 populum
646 820 953 868 transferantur.
988 822 1036 857 Et
1067 822 1139 858 hec
1162 822 1339 859 creditur
1361 823 1469 860 racio
1494 837 1617 872 quare
1640 827 1745 862 bona
1765 841 1802 862 10

430 876 569 926 templi
591 879 809 914 Jerusalem
837 887 927 915 sunt
950 880 1117 927 predata
1141 888 1178 916 et
1202 880 1387 918 edificata
1410 890 1500 918 sunt
1524 884 1743 929 destructa;

431 935 524 984 quia
569 948 730 972 necesse
776 945 832 972 est
877 945 919 972 ut
964 946 1129 985 peccata
1174 937 1230 974 sic
1269 939 1539 977 thesaurizata
1573 941 1746 978 finaliter

432 995 702 1030 destruantur.
750 996 797 1030 Et
843 1008 932 1031 cum
967 996 1095 1032 clerus
1126 1004 1261 1033 noster
1293 996 1332 1033 in
1365 997 1642 1046 adquisicione
1675 1000 1744 1036 do-

431 1051 543 1088 minii
589 1061 625 1088 et
668 1052 913 1100 predacione
947 1054 1143 1090 bonorum
1186 1067 1406 1103 pauperum
1442 1065 1601 1093 tantum
1635 1070 1745 1094 exsu-

431 1118 544 1158 perat
568 1107 717 1146 clerum
735 1111 960 1157 Judaieum,
985 1111 1230 1149 racionabile
1252 1112 1409 1150 videtur
1431 1116 1538 1162 quod
1565 1115 1745 1152 Christus
1766 1119 1801 1152 15

431 1168 658 1219 prophetat,
692 1177 734 1204 ut
765 1181 863 1219 gens
893 1177 1035 1220 surgat
1067 1178 1202 1206 contra
1234 1179 1389 1221 gentem
1421 1179 1457 1208 et
1479 1185 1643 1223 regnum
1676 1175 1744 1209 ad-

432 1238 567 1262 versus
599 1239 763 1277 regnum
800 1229 858 1274 (ut
892 1227 1037 1263 dicitur
1062 1228 1235 1272 kMatthei
1267 1230 1400 1276 XXIV,
1437 1234 1489 1278 7).

489 1286 673 1321 Secundo
706 1294 815 1333 patet
860 1285 1052 1322 delictum
1101 1286 1196 1323 cleri
1239 1287 1365 1323 nostri
1398 1288 1439 1324 in
1479 1289 1554 1325 hoc
1595 1298 1744 1338 puncto

432 1355 501 1390 per
525 1343 600 1379 hoc
629 1344 738 1391 quod
772 1343 1016 1380 tradiciones
1050 1345 1247 1381 humanas
1280 1354 1321 1381 ut
1355 1347 1519 1394 papales
1551 1348 1611 1383 vel
1639 1348 1745 1396 leges

429 1409 570 1437 vocate
595 1400 758 1437 ecclesie
781 1403 1004 1449 ponderant
1037 1414 1156 1450 super
1190 1403 1438 1451 evangelium
1462 1406 1553 1441 Jesu
1577 1405 1744 1452 Christi;
1762 1417 1804 1440 20

432 1468 468 1495 et
510 1458 601 1495 hinc
643 1460 760 1495 docet
806 1459 988 1496 diabolus
1036 1462 1145 1509 quod
1188 1469 1406 1509 potestates
1452 1463 1681 1499 absolvendi
1724 1477 1745 1500 a

430 1517 602 1565 peccatis
648 1517 794 1553 talibus
838 1531 908 1566 per
951 1531 1067 1554 suum
1115 1518 1307 1555 vicarium
1353 1520 1658 1569 restringantur,
1704 1530 1746 1557 ut

431 1575 527 1611 olim
560 1575 633 1612 fuit
666 1584 822 1612 tantum
863 1585 1074 1624 peccatum
1122 1578 1373 1614 sacerdotem
1421 1578 1658 1615 benedicere
1706 1579 1745 1615 in

429 1633 617 1669 secundis
655 1634 824 1682 nupciiS‚
870 1636 978 1684 quod
1012 1636 1199 1671 sacerdos
1247 1635 1302 1672 516
1336 1636 1574 1673 benedicens
1614 1637 1745 1674 incur-

430 1700 534 1727 reret
567 1691 904 1740 irregularitatem
936 1701 972 1729 et
1005 1701 1157 1741 peteret
1187 1693 1337 1730 curiam
1367 1696 1602 1740 Romanam,
1637 1704 1744 1732 ante·
1762 1700 1801 1732 25

430 1762 551 1797 quam
579 1750 708 1787 fuerat
741 1751 960 1797 absolutus,
1015 1760 1052 1787 et
1096 1751 1151 1788 516
1198 1760 1254 1787 est
1300 1753 1347 1787 de
1382 1752 1516 1789 multis
1550 1752 1744 1790 similibus

431 1808 759 1845 absolucionibus
789 1817 825 1845 et
856 1809 1042 1857 peccatis.

488 1866 632 1903 Tercio
678 1875 786 1914 patet
830 1866 936 1902 idem
982 1880 1051 1915 per
1085 1868 1160 1903 hoc
1200 1869 1307 1915 quod
1345 1877 1503 1904 tantum
1542 1868 1745 1917 finguntur

432 1924 689 1961 necessitates
734 1924 984 1973 superiorum
1033 1926 1279 1973 prelatorum
1319 1935 1458 1962 vocate
1491 1927 1669 1973 ecclesie,
1702 1936 1744 1963 ut

431 1991 541 2030 patet
575 1984 622 2019 de
656 1983 784 2031 papis,
820 1983 1092 2019 cardinalibus
1126 1992 1162 2019 et
1195 1983 1393 2032 episcopis
1428 1984 1601 2032 cesariis‚
1636 1987 1744 2033 quod
1761 1999 1803 2022 ,πο

432 2040 588 2088 capitur
640 2050 682 2077 ut
735 2041 844 2087 fides,
899 2041 973 2077 nisi
1019 2041 1196 2089 episcopi
1240 2043 1459 2078 seeundum
1505 2042 1609 2091 leges
1654 2056 1745 2080 suas

431 2098 601 2135 rexerint
635 2099 843 2135 ecclesiam
880 2099 1135 2146 militantem,
1168 2112 1248 2135 non
1273 2100 1464 2136 militaret
1488 2100 1653 2137 ecclesia
1677 2103 1744 2137 sed

429 2157 529 2193 foret
561 2157 762 2205 gentilitas
796 2159 1144 2205 condempnanda.
1177 2159 1254 2194 Sed
1288 2170 1331 2194 ex
1364 2158 1441 2194 fide
1465 2159 1743 2206 cognoscimus

430 2216 538 2263 quod
573 2215 695 2252 crevit
729 2215 876 2251 Christi
911 2215 1077 2252 ecclesia
1111 2229 1132 2252 a
1165 2224 1346 2264 tempore
1389 2216 1634 2253 ascensionis
1668 2219 1745 2253 Do-

431 2272 530 2308 mini
562 2285 687 2321 usque
721 2274 770 2309 ad
804 2273 1035 2310 Silvestrum
1070 2273 1154 2310 sine
1183 2274 1345 2322 prelatis
1376 2274 1604 2311 huiusmodi
1628 2275 1744 2323 longe
1762 2278 1800 2310 35

430 2331 602 2379 amplius
635 2344 755 2379 quam
791 2340 878 2379 post
912 2331 1053 2379 crevit3
1100 2341 1135 2368 et
1177 2332 1448 2380 experimento
1483 2332 1743 2380 cognovimus

430 2390 537 2436 quod
579 2398 738 2426 mortuo
784 2403 888 2437 papa
921 2390 980 2426 vel
1014 2389 1195 2437 deposito
1235 2402 1324 2426 cum
1360 2390 1439 2426 suis
1473 2390 1742 2427 cardinalibus

430 2460 510 2483 non
546 2447 676 2483 minus
709 2449 777 2484 sed
812 2448 983 2495 amplius
1018 2457 1278 2496 prosperatur
1312 2448 1490 2486 ecclesia.

499 2615 523 2643 3.
552 2617 591 2643 13:
619 2617 725 2643 dicunt
749 2625 814 2643 cum
840 2617 925 2644 cleri.
1019 2625 1044 2649 7.
1072 2617 1116 2643 A:
1138 2624 1203 2643 cum
1224 2617 1317 2643 deest.
1412 2616 1439 2644 8.
1465 2617 1507 2644 A:
1536 2617 1741 2644 cot-reecione.

430 2660 437 2678 1
452 2660 471 2683 ι,
488 2652 513 2677 A
528 2659 533 2676 :
552 2651 744 2685 predI'cione.
855 2660 861 2678 1
877 2661 896 2684 ι,
920 2652 954 2678 15.
979 2653 1021 2679 A:
1038 2654 1137 2678 lamen
1152 2655 1324 2686 exsuperat.
1429 2660 1466 2685 17.
1489 2653 1516 2678 A
1534 2652 1562 2679 in
1579 2659 1691 2686 marg:
1713 2659 1740 2679 2.

432 2694 469 2713 ιιι.
489 2687 531 2712 A:
554 2688 660 2712 vacate
680 2686 774 2712 deest.
855 2694 901 2719 2...
930 2687 971 2713 A:
1003 2687 1149 2712 incurret.
1234 2694 1277 2721 27.
1298 2687 1324 2713 A
1348 2686 1374 2713 in
1398 2695 1510 2720 marg:
1532 2695 1564 2720 3.
1638 2686 1679 2713 32.
1715 2687 1741 2712 A

431 2721 458 2746 m
483 2728 595 2753 marg:
618 2728 646 2746 a.
739 2720 780 2747 35.
805 2721 830 2747 A
852 2721 880 2747 i11
904 2729 1015 2755 marg:
1039 2721 1063 2747 b.

502 2816 530 2847 ὃ.
558 2815 676 2846 Manli.
704 2817 780 2854 XV,
807 2816 834 2847 5.
909 2829 938 2857 r..
967 2816 1072 2847 Eccli.
1098 2817 1138 2854 X,
1165 2817 1196 2846 8,
