1986 3289
256 1013 350 1041 what

203 1048 407 1084 Chrysoslom

216 1084 283 1111 held
305 1092 337 1110 as
358 1088 388 1110 10

211 1118 371 1145 Universa}
378 1126 400 1145 s.

790 212 908 243 opus
934 212 1270 244 EVANGELICUM
1300 212 1382 243 ΜΒ.
1408 212 1462 243 111.
1624 200 1730 254 [CAP-
1751 209 1773 235 Ι.

460 325 588 352 turum
623 318 884 353 desiderantes
934 318 1081 354 Christi
1121 319 1326 356 adventum
1370 330 1477 367 quem
1506 317 1775 366 predicabant,

459 375 527 410 sed
552 382 718 424 propter
749 375 820 411 lzoc
858 375 981 411 solum
1016 383 1055 411 ut
1082 376 1351 424 predicatores
1382 383 1417 411 et
1444 375 1655 411 traditores
1677 375 1776 425 legis

459 444 539 468 esse
582 434 628 468 ab
673 433 887 468 hominibus
932 433 1167 470 viderentur.
1203 434 1336 469 Simile
1362 433 1604 483 propositum
1638 433 1775 469 liabent

459 502 589 526 omnes
633 490 696 539 qui
738 490 919 527 iustitiam
952 490 1030 528 Dei
1074 492 1208 527 docent
1241 498 1275 526 et
1318 504 1390 527 non
1421 490 1599 539 faciunt;
1634 498 1670 526 et
1701 503 1773 528 non

459 548 610 593 liabent,
662 548 747 596 quia
787 560 859 584 non
905 549 1039 584 docent
1077 561 1166 584 vere
1207 549 1327 597 ipsam
1367 548 1552 584 iusticiam
1588 548 1664 584 Dei
1701 548 1806 585 non-³>

457 613 630 641 amantes
662 618 772 654 quam
809 606 963 650 docent;
993 606 1062 642 sed
1087 614 1254 655 propter
1281 607 1351 643 lzoc
1380 606 1503 642 solum
1538 613 1577 641 ut
1598 606 1776 642 doctores

458 675 538 698 esse
570 663 715 699 iusticie
749 663 824 699 Dei
855 664 901 699 ab
934 663 1150 700 hominibus
1184 664 1400 699 videantur.

515 721 713 769 Numquid
734 722 895 757 audistis
925 721 1089 770 aliquem
1124 722 1170 757 de
1197 722 1487 758 consumac.'one
1509 720 1642 756 muudi
1672 729 1706 757 et
1729 722 1775 758 de

461 778 605 826 futuro
643 779 791 815 Christi
821 779 960 815 iudicio
1004 780 1205 829 eleganter
1247 780 1461 816 tradentem
1506 778 1774 827 scripturam?

458 844 492 871 et
523 836 557 872 si
587 837 805 873 consideres
838 837 953 873 vitam
987 837 1078 883 eius,
1109 837 1301 887 intelliges
1332 838 1418 886 quia
1449 837 1546 873 sicut
1573 837 1676 872 latro
1699 849 1771 873 nou
1791 847 1830 867 ¹0

459 894 655 929 desiderat
692 894 841 942 faciem
888 895 1065 943 aspicere
1108 894 1243 931 iudicis
1290 894 1449 940 terreni⁷
1492 895 1546 930 sic.
1590 906 1656 930 uec
1708 895 1772 931 ille

460 952 659 989 desiderat
696 952 845 988 Christi
875 953 1005 988 venire
1036 952 1230 990 iudicium.
1264 953 1346 988 Hec
1379 952 1662 989 crisostomus.

516 1010 686 1057 Oportet
730 1010 850 1046 istum
897 1019 1079 1046 sanctum
1121 1010 1184 1046 hic
1217 1018 1253 1046 et
1287 1010 1381 1046 alibi
1414 1022 1509 1046 sane
1543 1009 1766 1058 concipere.

459 1066 547 1103 Fuit
582 1067 685 1103 enirn
720 1067 875 1103 subtilis
907 1068 1060 1116 logicus
1087 1078 1123 1104 et
1147 1068 1368 1115 profundus
1391 1067 1654 1115 philosophus
1678 1080 1771 1104 con-

459 1125 640 1161 formiter
673 1126 722 1161 ad
756 1125 1010 1173 scripturam.
1047 1126 1159 1162 Unde
1193 1125 1354 1173 quidam
1381 1125 1512 1173 ipsum
1538 1125 1770 1173 concipiunt
1791 1123 1827 1155 ¹5

457 1183 565 1230 quod
598 1183 733 1230 posuit
765 1183 1006 1219 universalia
1040 1196 1083 1219 ex
1114 1192 1227 1231 parte
1260 1183 1330 1220 rei.
1364 1184 1424 1219 Ad
1457 1195 1576 1231 quern
1610 1195 1767 1219 sensum

457 1240 521 1276 hic
555 1240 651 1276 dicit
696 1242 804 1289 quod
837 1241 878 1277 in
910 1241 1140 1277 hominibus
1174 1240 1347 1289 dignitas
1380 1241 1536 1277 diversa
1568 1249 1638 1287 est,
1684 1253 1771 1276 om-

456 1297 565 1333 nium
601 1307 736 1334 autem
770 1312 848 1335 una
881 1308 1024 1335 natura
1059 1307 1129 1335 est.
1164 1301 1255 1335 Ideo
1277 1299 1441 1347 quidam
1475 1298 1604 1346 ipsum
1639 1298 1768 1335 conci-

455 1355 569 1404 piunt
614 1358 723 1404 quod
767 1370 847 1393 non
892 1357 1021 1394 solum
1070 1366 1127 1393 est
1170 1357 1303 1394 unitas
1355 1355 1636 1393 substancialis
1688 1356 1768 1392 sive

455 1413 655 1461 specifica,
689 1416 757 1450 sed
790 1415 922 1451 unitas
955 1415 1212 1451 accidentalis
1245 1416 1465 1452 secundum
1498 1413 1767 1451 variacionem
1785 1428 1827 1449 20

456 1471 663 1519 dignitatis
697 1485 816 1521 quarn
853 1472 941 1521 quis
975 1472 1141 1520 accipit3
1176 1482 1213 1509 et
1245 1473 1301 1509 sic
1334 1472 1426 1509 licet
1459 1473 1687 1509 sacerdotes
1711 1473 1768 1508 fu-

456 1529 557 1565 erint
602 1530 696 1566 mali
744 1530 784 1565 in
829 1542 963 1578 opere¹
1008 1540 1100 1566 sunt
1145 1539 1279 1567 tamen
1312 1538 1477 1578 propter
1510 1542 1766 1566 communem

456 1586 689 1635 dignitatem
725 1588 848 1624 officii
881 1588 1119 1625 honorandi.
1155 1590 1326 1636 Oportet
1349 1597 1484 1624 tamen
1514 1587 1554 1623 in
1588 1588 1662 1624 hoc
1685 1600 1768 1624 esse

456 1646 603 1692 gradus
649 1645 805 1694 aliquos
850 1659 1021 1694 quorum
1067 1645 1190 1694 aliqui
1236 1655 1327 1683 sunt
1359 1645 1599 1682 admittendi
1632 1654 1669 1682 et
1701 1645 1768 1682 alii

166 1705 330 1733 Awickcd
347 1706 441 1741 mie-<t
456 1702 696 1750 dimittendi,
743 1712 785 1739 ut
824 1704 1022 1752 contingit
1062 1704 1237 1752 aliquem
1277 1705 1533 1740 sacerdotum
1569 1715 1652 1740 esse
1684 1712 1765 1739 tam
1785 1706 1824 1739 25

184 1741 292 1767 should
315 1745 368 1767 not
388 1740 423 1767 bc

213 1775 386 1802 honoured.

458 1760 665 1797 manifeste
711 1762 876 1807 malum,
924 1763 1032 1810 quod
1066 1775 1147 1798 non
1180 1762 1229 1798 sit
1262 1770 1426 1810 propter
1457 1770 1606 1798 statum
1640 1773 1768 1798 sacer-

456 1818 562 1854 docii
596 1820 871 1855 honorandus.
907 1821 987 1856 Nec
1021 1829 1153 1857 movet
1187 1828 1326 1856 contra
1359 1821 1434 1856 hoc
1468 1819 1619 1856 dictum
1644 1819 1769 1866 Chry-

455 1876 622 1912 sostomi
654 1877 694 1913 in
728 1878 803 1913 hoc
836 1878 937 1921 loco,
972 1877 1066 1926 quia
1099 1878 1182 1926 ipse
1214 1877 1392 1926 loquitur
1425 1890 1514 1913 cum
1550 1878 1625 1913 hoc
1649 1889 1768 1913 evan-

454 1933 557 1981 gelio
591 1935 638 1970 de
662 1936 870 1971 sacerdote
904 1935 1023 1972 fidem
1057 1936 1254 1984 scripture
1279 1935 1505 1983 evangelice
1537 1935 1768 1983 predicante

455 2000 491 2027 et
524 1991 708 2040 nequiter
741 2002 1021 2039 conversante3
1056 2002 1092 2029 et
1123 1993 1241 2042 pauci
1274 2002 1366 2029 sunt
1398 1994 1626 2029 sacerdotes
1649 1992 1768 2028 hodie
1785 2005 1827 2027 »ο

454 2048 493 2084 in
542 2050 616 2086 hoc
661 2062 769 2099 casu,
815 2050 904 2087 ideo
952 2054 1008 2096 (ut
1053 2051 1237 2087 concedit
1281 2052 1607 2098 Chrysostomus)
1655 2049 1768 2086 multi

454 2116 545 2143 sunt
577 2109 805 2144 sacerdotes
829 2108 868 2144 in
893 2109 1056 2145 nomine
1089 2118 1124 2145 et
1157 2109 1275 2157 pauci
1307 2110 1536 2145 sacerdotes
1567 2108 1607 2144 in
1640 2120 1693 2154 re,
1726 2116 1769 2143 ut

455 2165 660 2200 decretum
696 2167 743 2201 de
777 2166 863 2214 ipso
897 2166 1056 2214 accipit.
1091 2169 1139 2203 Et
1171 2167 1226 2202 ita
1258 2167 1416 2203 videtur
1448 2167 1552 2202 hunc
1584 2174 1765 2202 sanctum

454 2223 552 2258 velle
585 2234 730 2269 negare
763 2224 865 2260 hanc
899 2224 1254 2272 consequenciam:
1291 2226 1364 2260 Iste
1397 2225 1515 2260 habet
1548 2236 1695 2260 nomen
1728 2223 1767 2259 in

454 2280 604 2327 populo
654 2282 761 2328 quod
796 2281 845 2317 sit
877 2283 1063 2318 sacerdos
1103 2292 1139 2318 et
1172 2282 1307 2318 literas
1340 2281 1626 2318 testimoniales
1659 2282 1766 2329 quod
1784 2290 1823 2321 35

453 2339 501 2372 ab
534 2337 725 2386 episcopo
759 2339 887 2375 fuerat
926 2339 1145 2385 ordinatus,
1191 2339 1311 2387 igitur
1356 2348 1412 2376 est
1445 2340 1645 2376 sacerdos.
1678 2338 1767 2374 Vita

453 2395 556 2431 enim
592 2397 853 2433 sacerdotalis
876 2397 964 2444 plus
999 2397 1238 2434 testificatur
1267 2399 1314 2434 de
1338 2397 1511 2433 hominis
1535 2396 1767 2433 sacerdocio

453 2465 573 2499 quarn
609 2454 681 2489 hec
713 2453 838 2501 signa.

523 2628 541 2647 1.
564 2622 606 2647 A:
631 2621 746 2648 Christi
765 2622 862 2649 twice.
906 2622 929 2650 5.
952 2623 1072 2650 Codd.:
1094 2631 1154 2650 non
1176 2623 1261 2650 deest
1284 2623 1386 2650 before
1405 2627 1552 2650 amantes.
1598 2623 1627 2651 6.
1648 2623 1765 2651 Codri:

448 2658 579 2689 propter
599 2655 694 2683 det—st.
770 2655 806 2683 13.
828 2660 868 2683 A:
891 2658 979 2684 issum
999 2659 1102 2691 twice3
1125 2658 1163 2685 ib.
1186 2659 1213 2685 A
1235 2658 1263 2684 111
1288 2666 1400 2693 marga
1421 2658 1584 2685 johannes.
1658 2666 1705 2690 20.
1727 2659 1765 2684 [ἃς

452 2690 695 2726 ρι’,ῖιιμρίῐῖαηίικ
1679 2691 1684 2694 ’

523 2762 574 2793 33.
609 2762 742 2793 Decreti
773 2764 883 2803 prima
911 2774 1000 2805 pars,
1028 2765 1105 2796 dist.
1140 2765 1210 2804 XL,
1253 2766 1336 2807 Cap.
1370 2766 1439 2796 ΧΗ.
1467 2766 1529 2798 sub
1562 2767 1764 2798 auctoritate

452 2809 604 2837 auctoris
632 2809 758 2849 Operis
788 2810 979 2850 imperfecti
1008 2811 1039 2841 in
1068 2810 1186 2841 Matth.
1215 2811 1310 2842 hom.
1337 2812 1456 2851 XL111,
1484 2812 1567 2853 Cap.
1594 2813 1711 2844 ΧΧΙΙΙ.
