1986 3289
202 258 289 286 CAP.
312 248 408 301 xvij!
580 261 636 291 DE
664 259 977 291 ANTicufflsTo
1006 260 1088 290 ΜΒ.
1117 260 1139 290 1.
1750 251 1797 298 50

201 366 255 402 sic
278 366 482 414 sepulcris.
516 368 617 401 Nam
646 366 824 413 ypocrite
848 366 1014 413 priores,
1050 366 1115 413 qui
1140 366 1194 401 sic
1218 366 1353 401 afforis
1377 367 1510 401 lavant
1535 374 1720 408 fflypocrites
1740 382 1790 401 are

202 424 364 460 calicem
400 432 565 471 possunt
599 423 758 470 corrigi,
792 424 859 459 sed
893 423 956 459 isti
989 423 1044 459 sic
1077 423 1232 459 fundati
1267 423 1306 459 in
1336 423 1510 470 ypocrisi
1561 409 1762 470 deaaggmre

200 490 292 517 sunt
325 480 629 529 incorrigibileS,
665 490 892 517 constantes
930 481 970 516 in
1003 494 1074 517 sua
1107 480 1266 517 malicia
1299 489 1508 529 tamquam

201 539 363 585 mortui,
411 539 506 587 quia
550 538 652 574 sicut
697 540 865 575 cadaver
910 548 1126 585 mortuum,
1177 540 1270 575 dum
1311 538 1509 575 inclusum

168 597 318 633 §fuerit
350 597 389 632 in
422 597 617 645 sepulcro,
653 605 759 633 caret
792 597 919 632 forma
945 606 982 632 et
1006 596 1195 633 membris
1228 596 1407 642 vivificis,
1442 609 1512 644 per

200 667 276 703 que
329 667 473 702 corpus
527 656 574 690 ab
620 654 753 690 anima
798 663 1044 701 moveretur3
1098 655 1153 691 sic
1197 654 1377 702 ypocrite
1421 662 1511 690 sunt

199 721 394 760 quantum
439 713 488 748 ad
523 714 647 748 Deum
697 712 845 748 mortui
884 721 920 748 et
952 712 1130 758 fetentes,
1166 721 1346 748 carentes
1381 712 1509 748 nervis

78 765 160 803 410⁰
199 770 391 816 caritatis,
421 770 426 821 1
455 782 523 818 per
557 782 655 817 quos
689 778 944 806 moverentur
976 782 998 805 a
1031 772 1114 807 Deo
1138 783 1159 806 α
1191 783 1264 819 quo
1297 782 1508 816 movemur,

199 828 361 864 vivimus
393 836 428 863 et
458 840 601 872 sumus,
637 835 678 863 ut
703 827 798 864 dicit
820 828 1036 875 Apostolus
1059 829 1144 866 Act.
1169 829 1284 874 XVII,
1321 829 1385 864 28.
1420 830 1509 863 Non
1554 837 1609 864 Yet
1629 845 1713 864 some
1734 838 1768 864 of

146 899 182 919 10
197 894 332 922 tamen
369 898 470 933 nego
510 885 605 934 quin
638 885 780 933 privati
814 887 919 922 bono
959 885 1135 922 sensibili
1168 887 1387 922 secundum
1422 898 1509 933 pre·
1548 872 1776 942 tlielueivpxiggr'be

196 952 347 979 sentem
381 943 624 980 iniusticiam
657 952 825 991 possunt
859 956 901 980 ex
933 943 1066 991 gracia
1099 943 1171 979 Dei
1204 943 1393 980 vivificari
1426 952 1507 979 tam

197 1002 375 1038 seculare
422 1001 646 1052 brachium,
691 1002 738 1037 de
783 1014 861 1050 quo
896 1010 952 1037 est
986 1001 1115 1037 maior
1148 1001 1353 1038 evidencia
1386 1014 1506 1049 quarn

197 1059 442 1105 claustrales,
477 1060 618 1096 saltem
652 1061 872 1095 secundum
906 1068 1077 1107 partem,
1112 1059 1259 1095 relictis
1283 1059 1363 1095 suis
1386 1059 1508 1107 signis

196 1117 440 1164 ypocriticis.
474 1119 522 1153 Et
555 1117 711 1153 videtur
742 1118 983 1165 prophetam
1017 1117 1082 1153 isti
1115 1117 1318 1153 sentencie
1342 1129 1508 1153 consen-

144 1174 270 1210 15tire
303 1177 392 1212 Eze.
427 1176 612 1221 XXXVII,
648 1188 685 1221 4,
720 1177 882 1223 quando
923 1175 1036 1211 dicit:
1078 1175 1174 1211 Ossa
1208 1176 1335 1218 arida,
1380 1176 1509 1210 audite

196 1233 352 1268 verbum
387 1233 556 1268 Domini.
606 1234 682 1269 Sed
716 1232 878 1280 presciti
912 1232 1152 1280 generaliter
1185 1242 1364 1269 carentes
1397 1233 1507 1268 iunc-

196 1290 294 1326 turis
328 1290 505 1327 caritatis
537 1303 617 1326 non
648 1299 817 1338 possunt
840 1290 895 1327 sic
919 1290 1068 1336 vivere;
1102 1290 1158 1326 illi
1182 1300 1315 1327 autem
1341 1299 1506 1338 propter
1539 1300 1664 1333 altough
1686 1307 1779 1335 many

196 1348 420 1384 carenciam
465 1348 740 1384 iuncturarum
787 1357 877 1384 sunt
916 1362 1005 1385 ossa
1039 1349 1151 1385 arida
1185 1357 1434 1385 mortuorum
1471 1357 1506 1384 et
1539 1342 1588 1361 are
1609 1335 1779 1369 reprobate.

195 1405 358 1442 indubie
390 1406 511 1442 fetent
544 1409 642 1452 Deo,
677 1406 772 1454 quia
805 1419 893 1442 cum
930 1409 1035 1442 Deus
1068 1407 1117 1442 sit
1150 1406 1279 1454 prima
1302 1407 1446 1443 veritas
1471 1415 1507 1442 et

139 1463 387 1511 2oypocrisis
433 1472 489 1500 est
532 1464 745 1512 dupliciter
790 1464 991 1501 contraria
1037 1464 1207 1509 veritati,
1251 1465 1504 1501 manifestum

196 1530 265 1567 est,
299 1523 405 1570 quod
440 1523 544 1557 Deus
577 1522 661 1558 odit
693 1522 908 1569 ypocritas.
959 1524 1117 1559 Habent
1149 1531 1283 1558 autem
1317 1522 1382 1558 isti
1413 1535 1506 1570 ypo-

195 1578 291 1614 crite
330 1579 406 1615 tria
451 1592 596 1627 genera
640 1592 772 1616 rerum
818 1580 963 1627 quibus
1003 1580 1176 1616 illudunt
1208 1581 1373 1628 populo,
1407 1580 1508 1616 sicut

194 1637 378 1684 sepulcra
403 1646 652 1673 mortuorum
679 1638 942 1686 corporaliter
965 1647 1055 1673 sunt
1079 1637 1289 1685 tripliciter
1312 1637 1507 1674 illusionis

194 1695 363 1732 obiecta.
410 1695 582 1744 Lapides
629 1696 733 1734 enim
778 1696 818 1731 in
862 1696 992 1732 forma
1027 1705 1062 1731 et
1097 1696 1223 1743 figura
1255 1696 1383 1744 polliti
1417 1705 1507 1732 sunt

138 1753 177 1785 25
195 1753 397 1789 obiectum
451 1753 640 1801 primum,
694 1767 835 1789 aurum
891 1763 927 1790 et
979 1762 1190 1801 argentum
1239 1762 1507 1790 commassata

194 1823 312 1858 super
337 1811 530 1848 exteriora
553 1823 741 1859 suprema
764 1811 933 1848 istorum
957 1812 1136 1859 lapidum
1160 1821 1250 1847 sunt
1273 1813 1505 1857 secundum,

195 1877 231 1904 et
263 1868 416 1916 lapides
449 1869 619 1917 preciosi
653 1882 698 1905 ac
731 1869 808 1906 alia
842 1869 986 1905 iocalia
1019 1882 1138 1917 super
1161 1869 1370 1917 superiora
1403 1869 1506 1905 illius

193 1926 364 1974 sepulcri
396 1927 618 1974 pendencia
666 1936 755 1963 suut
788 1927 956 1963 tercium
990 1927 1205 1973 illusivum,
1240 1936 1283 1963 ut
1315 1936 1424 1975 patet
1460 1928 1507 1963 de

193 1984 385 2032 sepulcris
417 1985 573 2021 noviter
606 1985 936 2021 canonizatorum
972 1998 993 2021 a
1027 1987 1208 2021 Romana
1241 1985 1418 2021 ecclesia.

137 2043 178 2075 30
252 2043 316 2078 Sic
369 2042 543 2090 religiosi
596 2043 722 2079 nostri
775 2052 955 2079 recenter
1016 2052 1150 2090 preter
1201 2042 1503 2080 ordinacionem
1529 2049 1657 2088 Devipes
1678 2051 1780 2089 ofili-e

193 2099 355 2136 Domini
379 2099 596 2137 introducti
630 2102 777 2137 habent
800 2101 876 2137 tria
911 2100 1053 2149 quibus
1076 2102 1249 2149 populus
1283 2109 1340 2137 est
1364 2103 1505 2149 decep-
1529 2085 1787 2153 ΓξῖᾖῇιρῖὗζῗῗῃξξῇἶΓ

193 2166 268 2193 tus.
315 2159 473 2194 Habent
519 2158 621 2194 enim
668 2159 800 2206 primo
844 2160 991 2206 politos
1034 2158 1193 2195 ordines
1239 2160 1307 2194 sed
1340 2158 1504 2206 frigidos
1530 2154 1788 2216 ¹¹¹flfe³³iffifo¹ffessss¹ffiz

194 2228 214 2251 a
248 2215 412 2252 caritate
445 2224 487 2252 ut
520 2229 656 2252 saxum
688 2216 975 2262 ma1·moi·ium,-
1000 2217 1146 2252 habent
1169 2218 1344 2253 secundo
1371 2218 1504 2253 obser·
1572 2210 1740 2259 fraternitjr.

192 2273 352 2309 vancias
367 2273 606 2321 ypocriticas
628 2282 671 2310 ut
688 2283 848 2310 cantum
874 2274 913 2310 in
929 2274 1070 2310 mediis
1086 2274 1283 2320 noctibus,
1310 2274 1502 2310 ieiunium

138 2330 233 2366 35in
267 2331 401 2367 electis
440 2332 687 2380 temporibus
728 2341 764 2368 et
803 2332 880 2368 alia
920 2332 1031 2379 signa
1064 2345 1140 2380 que
1173 2345 1254 2368 non
1288 2341 1433 2368 sonant
1464 2332 1505 2368 in

194 2388 424 2436 religionem
461 2389 613 2426 domini
644 2392 735 2426 Jesu
769 2389 930 2436 Christi,
966 2398 1002 2426 et
1035 2390 1183 2426 habent
1217 2390 1342 2426 tercio
1376 2390 1504 2438 priva-

193 2454 251 2481 tas
285 2447 660 2484 commendaciones
705 2447 745 2483 in
777 2447 857 2484 suis
891 2447 1072 2496 capitulis
1113 2447 1274 2483 illorum
1309 2448 1376 2495 qui
1410 2449 1505 2483 dant

194 2503 268 2539 sibi
301 2505 540 2552 temporalia
585 2505 757 2553 copiose,
805 2518 893 2541 curn
940 2505 1063 2541 literis
1107 2505 1347 2542 testantibus
1381 2505 1503 2553 parti-

195 2561 342 2609 cipium
377 2562 437 2598 sui
472 2562 614 2599 meriti.
649 2566 696 2599 Et
728 2571 856 2599 totum
882 2564 956 2599 hoc
981 2572 1038 2599 est
1062 2564 1289 2611 sepulcrum
1314 2562 1504 2611 ypocriti-

135 2634 180 2665 40
196 2631 283 2655 cum
319 2632 388 2667 per
411 2621 606 2657 cautelam
631 2621 778 2657 diaboli
813 2621 1064 2657 fabricatum.
1100 2621 1173 2657 Hic
1197 2630 1361 2669 possunt
1395 2620 1504 2668 tangi

266 2854 290 2881 7,
314 2849 356 2874 A:
378 2848 481 2883 quoad
503 2847 607 2875 Deum.
710 2846 752 2874 32.
775 2848 802 2874 A
824 2848 851 2874 iu
876 2855 988 2882 marg:
1013 2855 1034 2874 1.
1124 2846 1166 2873 33.
1189 2848 1225 2874 13:
1249 2856 1454 2878 intirmorum&
1479 2849 1503 2874 Λ

196 2881 226 2908 in
250 2890 360 2916 marg:
383 2889 409 2909 2.
483 2882 528 2909 36.
550 2884 579 2909 A
599 2883 629 2909 in
651 2890 763 2917 marg:
786 2891 819 2916 3.
