1986 3289
182 221 260 258 312

219 550 345 584 lx'issing
365 549 415 575 tlic

206 584 310 619 pope's
330 584 387 610 sect
408 584 433 610 is

200 624 250 646 not
274 619 439 652 according

228 658 258 679 to
279 653 410 680 Christ's

231 689 410 715 ordinance.

198 1775 316 1802 Prii-ate
336 1775 443 1801 orders

233 1810 289 1848 fail
304 1810 332 1848 iii
354 1810 414 1836 this

251 1849 402 1879 ministry.

793 216 957 247 OPERIS
982 214 1263 247 EVANGELICI
1292 215 1374 248 LIB.
1401 214 1456 245 IV.
1566 202 1673 257 [CAP.
1694 211 1777 239 VIII.

470 321 526 357 sic
570 320 754 357 convenit
788 322 893 369 quod
933 320 1041 357 mille
1080 321 1138 357 vel
1184 320 1379 368 quotlibet
1426 320 1631 356 christiani
1665 320 1784 356 simul

471 380 605 415 lavent
638 378 773 414 multis
797 378 986 415 fratribus
1009 378 1089 415 suis
1113 379 1246 426 pedes,
1281 390 1371 414 cum
1391 377 1588 426 quotlibet
1615 387 1783 426 possunt

472 436 593 472 simul
626 436 760 472 iuvare
793 445 917 473 totam
953 436 1193 473 militantem
1229 435 1437 472 ecclesiam
1473 437 1523 472 ad
1547 436 1782 472 affecciones

473 493 596 530 animi
630 495 946 542 expurgandum.

531 554 577 587 Et
611 564 652 587 ex
687 552 770 588 istis
803 560 912 600 patet
960 553 1068 599 quod
1113 550 1285 599 dignitas
1318 559 1445 587 status
1491 551 1549 587 vel
1589 563 1691 599 pape
1724 551 1817 588 veli

472 609 635 645 alterius
659 622 734 657 que
759 609 870 657 ponit
900 608 1054 645 obicem
1087 608 1178 645 huic
1210 607 1434 645 ministerio
1458 621 1501 644 ex
1522 608 1784 645 ordinacione

472 667 632 703 Domini
666 680 746 703 non
791 666 997 715 processit.
1056 669 1155 702 Nam
1204 667 1236 703 si
1287 679 1392 714 papa
1442 667 1503 703 vel
1561 666 1784 703 omittendo

472 725 673 773 corripere
705 726 764 761 vel
800 725 1006 761 excitando
1040 724 1284 761 consenserit
1327 725 1435 772 quod
1466 733 1630 761 vocetur
1670 732 1786 773 pater

472 783 712 819 beatissimus
745 792 784 819 et
829 783 935 831 quod
976 782 1124 818 subditi
1163 782 1222 818 sui
1255 784 1304 818 ab
1344 781 1430 829 ipso
1463 790 1601 830 petant
1635 784 1781 830 pedum

473 841 609 877 oscula
662 842 885 884 beatorum,
938 853 1026 876 cum
1082 841 1157 876 hoc
1209 853 1290 876 non
1342 848 1473 888 potest
1532 840 1690 876 fundari
1744 840 1783 876 in
1805 856 1843 876 ιο

472 898 669 946 scriptura
686 899 745 935 vel
768 898 929 935 racione
945 899 1053 947 quod
1068 906 1181 934 sonet
1203 898 1243 934 in
1260 898 1407 946 pedum
1431 897 1555 934 animi
1570 897 1783 942 locionem,

473 965 581 1004 patet
620 958 728 1004 quod
762 956 942 993 Christus
974 968 1181 1004 nunquam
1222 955 1357 993 docuit
1397 956 1499 992 hanc
1544 955 1784 999 doctrinam,

472 1014 567 1062 quia
598 1015 712 1051 valde
749 1014 949 1051 diversum
990 1022 1048 1050 est
1087 1026 1108 1050 a
1142 1026 1245 1062 papa
1284 1022 1419 1061 petere
1458 1014 1606 1061 pedum
1647 1013 1785 1050 oscula

473 1074 696 1117 beatorum,
749 1081 786 1108 et
824 1072 954 1120 ipsum
1007 1084 1152 1120 papam
1199 1071 1351 1108 lintheo
1390 1083 1430 1107 se
1469 1071 1704 1119 precingere
1749 1079 1785 1107 et

472 1131 605 1166 lavare
639 1129 844 1167 humiliter
888 1139 929 1166 ut
963 1129 1144 1166 Christus
1188 1129 1279 1166 fecit
1323 1130 1444 1177 pedes
1488 1141 1558 1177 per
1603 1129 1842 1166 ordinem15

472 1187 741 1234 subditorum,
788 1196 825 1224 et
858 1188 1224 1236 quomodocunque
1268 1186 1317 1223 sit
1350 1188 1398 1223 de
1430 1188 1516 1239 hoc,
1565 1186 1666 1223 sicut
1714 1188 1786 1223 hec

474 1245 702 1294 corporalia
737 1245 957 1282 ministeria
990 1254 1081 1281 sunt
1114 1244 1282 1291 diversa⁷
1331 1244 1386 1281 sic
1433 1243 1592 1281 exaccio
1637 1244 1786 1281 diaboli

474 1316 552 1352 qua
576 1312 707 1340 movet
728 1303 909 1340 subditos
933 1304 982 1339 ad
1005 1303 1270 1339 osculandum
1294 1304 1414 1351 pedes
1430 1302 1592 1350 papales
1607 1304 1786 1340 vocando

474 1361 603 1410 ipsum
632 1368 787 1410 patrem
820 1361 1078 1397 beatissimum
1113 1369 1170 1397 est
1200 1361 1315 1397 valde
1349 1370 1503 1397 remota
1542 1362 1590 1397 ab
1630 1360 1717 1408 ipso
1744 1368 1787 1396 ut

474 1421 577 1456 lavet
625 1418 889 1467 spiritualiter
945 1418 1115 1455 subditis
1159 1431 1251 1455 suos
1299 1420 1440 1467 pedes3
1494 1426 1531 1454 et
1576 1431 1665 1455 curn
1711 1418 1786 1455 hoc
1804 1433 1845 1454 20

475 1479 591 1514 debet
625 1489 667 1513 ex
701 1477 779 1512 fide
812 1476 1019 1524 evangelii,
1054 1485 1164 1524 patet
1188 1477 1296 1524 quod
1329 1476 1401 1512 iste
1424 1484 1550 1512 status
1585 1485 1621 1512 et
1655 1484 1785 1512 cetere

475 1535 688 1582 dignitates
711 1547 809 1583 quas
832 1534 1015 1571 vendicat
1039 1547 1061 1570 a
1077 1546 1166 1582 rege
1188 1533 1372 1582 superbie
1388 1542 1682 1582 processerunt.
1706 1535 1786 1570 Nec

475 1601 642 1641 negatur
685 1594 751 1629 sed
792 1594 1101 1629 commendatur
1145 1591 1364 1640 corporalis
1408 1593 1556 1640 pedum
1588 1590 1705 1638 locio,
1745 1599 1788 1627 ut

476 1650 538 1687 hic
572 1652 711 1687 edocet
739 1650 999 1699 Augustinus,
1033 1651 1102 1686 sed
1141 1649 1308 1686 omnino
1341 1662 1384 1685 ex
1416 1658 1529 1698 parte
1554 1649 1626 1686 Dei
1658 1648 1788 1685 iniun-

475 1708 582 1756 gitur
614 1708 833 1756 spiritualis
866 1709 1011 1756 pedum
1046 1707 1150 1744 locio
1185 1707 1343 1745 mentis.
1806 1711 1845 1742 25

536 1767 650 1802 Unde
694 1765 908 1802 inclinacio
954 1768 1003 1802 ad
1051 1766 1171 1813 pedes
1215 1765 1286 1802 loti
1332 1764 1497 1801 indicat·
1529 1764 1786 1802 affeccionem

477 1824 600 1860 animi
633 1825 682 1860 ad
715 1824 797 1860 loto
837 1823 1097 1871 spiritualiter
1130 1823 1440 1859 ministrandum
1486 1832 1523 1859 et
1567 1823 1789 1871 quomodo-

477 1894 635 1930 cunque
670 1883 717 1918 de
751 1882 878 1930 figura
911 1881 1027 1917 fuerit
1061 1893 1221 1917 necesse
1254 1889 1311 1917 est
1345 1880 1608 1917 christianum
1642 1881 1789 1916 habere

477 1939 706 1976 huiusmodi
760 1939 989 1987 figuratum.
1054 1940 1166 1976 Unde
1211 1938 1407 1986 contingit
1458 1939 1565 1986 quod
1614 1937 1788 1986 religiosi

477 1997 619 2045 privati
653 1997 825 2034 sisinnos
858 1997 998 2045 plenos
1031 1998 1203 2033 habeant
1236 2009 1326 2033 rore
1358 2004 1557 2033 nocturno
1590 1996 1788 2032 servando
1808 1997 1847 2031 30

477 2056 625 2103 figuras
649 2055 878 2091 huiusmodi
902 2055 1147 2103 corporales,
1172 2067 1262 2091 cum
1287 2055 1359 2090 hec
1382 2053 1601 2102 spiritualis
1624 2052 1789 2090 affeccio

478 2126 499 2149 a
532 2113 612 2149 suis
657 2113 845 2149 fratribus
878 2113 928 2149 sit
960 2121 1128 2159 remota,
1175 2121 1211 2148 et
1255 2113 1354 2148 tales
1390 2124 1479 2148 curn
1526 2120 1569 2148 ut
1613 2111 1668 2147 sic
1712 2110 1790 2147 sint

478 2170 656 2218 ypocrite
690 2183 771 2207 non
815 2171 948 2207 lavant
980 2169 1248 2207 confratribus
1289 2169 1370 2206 suis
1403 2170 1523 2217 pedes
1558 2170 1625 2205 sed
1649 2168 1789 2217 pocius

478 2237 671 2276 quantum
707 2228 746 2264 in
791 2228 886 2277 ipsis
931 2237 987 2265 est
1027 2228 1259 2276 turpificant
1291 2227 1368 2263 illis
1404 2229 1537 2275 pedes.
1592 2229 1639 2262 Et
1671 2226 1785 2262 istam

478 2286 691 2334 ypocrisim
726 2286 919 2322 destruxit
952 2286 1014 2322 hic
1050 2285 1255 2332 Dominus,
1296 2298 1384 2321 cum
1420 2286 1467 2321 de
1499 2297 1540 2321 se
1572 2284 1658 2332 ipso
1694 2283 1789 2319 dixit
1806 2290 1844 2322 35

479 2344 767 2380 edificatoriam
825 2344 1049 2387 veritatem,
1104 2345 1252 2379 docens
1291 2343 1335 2378 'in
1380 2343 1456 2379 hoc
1499 2343 1607 2390 quod
1642 2342 1787 2378 nedum

478 2401 568 2438 licet
601 2403 666 2438 sed
692 2402 850 2449 proficit
889 2403 995 2449 quod
1032 2403 1151 2437 homo
1184 2402 1400 2449 prudenter
1424 2399 1530 2436 dicat
1564 2402 1611 2435 de
1640 2412 1679 2435 se
1703 2399 1789 2447 ipso

478 2460 536 2495 vel
582 2459 660 2495 alio
713 2459 935 2495 veritatem.
989 2460 1080 2495 Ideo
1141 2456 1197 2509 (ut
1249 2457 1493 2505 Augustinus
1545 2457 1607 2493 hic
1660 2459 1789 2501 notat)

478 2516 693 2564 Apostolus
720 2517 813 2553 dicit
840 2519 881 2561 ΙΙ,
907 2519 997 2553 Cor.
1029 2518 1093 2552 xli
1118 2518 1161 2553 0:
1194 2516 1236 2551 Si
1254 2516 1429 2565 gloriari
1449 2516 1619 2560 voluero,
1635 2527 1706 2550 non
1723 2527 1789 2550 ero

478 2576 671 2623 insipiens,
705 2576 905 2610 veritatem
939 2575 1036 2610 enim
1063 2575 1202 2609 dictam.
1228 2573 1431 2620 Contingit
1463 2573 1566 2608 enim
1592 2572 1789 2619 perfectos
1803 2583 1848 2614 40

548 2808 573 2827 2.
597 2801 631 2829 l'15
653 2808 725 2827 suos
742 2800 842 2835 pedes.
935 2808 1043 2831 iri—111.
1068 2800 1103 2826 B:
1126 2807 1190 2826 cum
1211 2799 1301 2825 lmc—
1317 2799 1473 2825 beatorum
1494 2798 1586 2824 deest.
1683 2795 1727 2823 30.
1750 2796 1789 2823 si-

478 2836 593 2865 sinum,
617 2836 632 2861 i.
656 2844 679 2861 e.
701 2836 867 2862 cincinnos
961 2834 1002 2861 33.
1027 2835 1063 2860 12:
1082 2835 1243 2866 jratrihus.
