1986 3289
201 228 290 258 CAP.
312 220 434 273 LXXI]
563 232 622 263 DE
648 232 963 264 ANTICHRISTO
993 233 1074 264 LIB.
1103 232 1125 263 I.

200 339 402 376 seminavit
431 339 613 389 graciam
645 351 754 375 suam
803 351 854 375 ex
885 339 1019 388 quibus
1068 339 1196 375 nullus
1228 338 1373 375 iusticie
1405 338 1510 374 colli-

201 397 314 448 gitur
336 397 511 445 fructus‚
554 398 745 445 quomodo
778 397 813 432 in
847 404 882 433 te
914 397 1018 433 metit
1056 397 1157 445 quod
1188 408 1261 432 non
1293 396 1508 441 seminavit,

201 466 309 503 quem
354 455 466 503 quasi
506 462 643 491 aratro
688 455 885 504 spirituali
927 454 1054 491 crucis
1102 467 1169 491 sue
1217 454 1332 490 verbo
1382 453 1511 489 aravit

200 524 308 561 quem
361 512 537 549 doctrina
582 512 727 549 iusticie
777 512 991 559 seminavit,
1043 524 1154 561 quem
1188 512 1335 561 Spiritu
1369 512 1510 547 Sancto

169 570 422 620 5irr1'gavit?
472 571 541 606 Tot
578 571 723 606 semina
767 571 978 619 suscipiens
1016 570 1246 620 graciarum
1293 569 1353 605 vel
1395 581 1509 604 unum

201 628 382 675 fructum
417 627 560 664 iusticie
584 628 748 664 debuisti
777 628 951 677 offerre?
982 628 1084 663 Nam
1108 628 1216 663 Deus
1239 627 1426 665 hominem
1461 638 1511 662 ex

201 685 347 734 duplici
377 697 513 721 creans
546 693 686 721 natura
719 686 899 734 corporis
929 685 1073 721 scilicet
1104 693 1141 721 et
1172 685 1310 732 anime,
1354 684 1390 719 in
1424 697 1510 720 cor—

194 755 292 791 pore
334 743 487 792 quidem
533 742 683 780 creavit
726 744 886 792 quinque
917 755 1050 779 sensus
1094 751 1129 779 et
1167 750 1291 779 motus
1323 742 1508 791 quosdam

200 801 600 849 concupiscenciarum
625 801 865 837 nascencium
899 813 950 837 ex
982 801 1180 837 occasione
1209 812 1387 836 sensuum
1416 812 1508 848 pre-

146 871 184 892 10
200 858 412 894 dictorum:
455 859 491 894 in
525 859 656 895 anima
701 866 827 895 autem
873 859 1020 895 creauit
1059 858 1247 894 iusticiam
1281 866 1315 894 et
1348 858 1511 894 virtutes

198 923 238 951 ut
260 924 296 952 et
318 916 513 967 intelligat
534 917 728 952 malarum
753 929 885 953 rerum
919 925 954 952 et
986 917 1173 953 bonarum
1200 916 1507 965 disposicionem,

199 981 238 1009 ut
265 974 391 1023 possit
434 975 616 1011 resistere
659 975 821 1010 motibus
852 975 931 1010 suis
963 975 1247 1023 corporalibus.
1305 974 1383 1016 Qui
1412 985 1509 1023 ergo

197 1033 405 1068 secundum
451 1032 727 1069 delectaciones
759 1033 937 1068 carnales
970 1033 1101 1068 vivere
1133 1033 1348 1082 elegerunt,
1393 1043 1511 1080 neque

198 1090 445 1126 considerant
467 1091 502 1126 in
532 1091 660 1126 anima
693 1103 761 1126 sua
793 1090 933 1127 iudicia
966 1098 1001 1126 et
1034 1091 1196 1126 virtutes
1227 1102 1308 1126 esse
1339 1096 1510 1125 creatas:

145 1153 265 1186 15nec
307 1148 404 1184 enim
450 1148 707 1197 experiuntur
754 1161 796 1184 ea
842 1161 910 1185 nec
940 1149 1063 1184 sciunt
1099 1149 1168 1184 sed
1199 1155 1345 1183 tantum
1378 1159 1511 1183 sensus

198 1206 375 1242 carnales
407 1213 443 1242 et
475 1213 599 1242 motus
622 1207 800 1242 carnales
832 1207 1234 1255 concupiscenciarum
1267 1205 1508 1242 nascencium

197 1275 248 1299 ex·
280 1264 477 1300 occasione
513 1276 690 1300 sensuum
718 1264 988 1313 predictorum
1022 1271 1278 1313 exequuntur.
1324 1264 1393 1299 Ex
1435 1275 1508 1312 quo

196 1321 251 1370 fit
283 1329 322 1357 ut
352 1321 406 1357 sic
438 1322 679 1358 arbitrentur
711 1329 746 1358 et
778 1322 919 1365 dicant,
953 1322 1040 1370 quia
1074 1322 1201 1358 omnia
1236 1322 1334 1357 bona
1367 1333 1506 1356 carna-

198 1379 248 1414 lia
281 1386 315 1415 et
358 1380 571 1415 mundialia
604 1380 688 1416 ideo
721 1380 869 1416 creavit
902 1380 1022 1426 Deus,
1062 1387 1101 1415 ut
1133 1379 1309 1416 omnibus
1341 1379 1395 1415 eis
1427 1385 1508 1414 uta-

142 1453 182 1473 20
198 1449 296 1472 mur.
344 1437 444 1472 Nam
488 1438 522 1474 si
552 1450 641 1474 vere
673 1450 745 1473 non
798 1445 885 1474 sunt
917 1445 1048 1474 creata
1093 1438 1129 1473 in
1162 1437 1268 1473 nobis
1299 1437 1507 1473 secundum

198 1495 366 1530 animam
418 1495 557 1531 iudicia
610 1503 644 1531 et
683 1496 844 1532 virtutes
893 1496 1027 1545 quibus
1080 1496 1261 1532 resistere
1302 1506 1510 1543 possumus

198 1553 361 1589 motibus
393 1553 792 1602 concupiscenciarum
826 1561 1050 1590 nostrarum
1085 1553 1314 1599 carnalium,
1358 1559 1506 1588 certum

198 1617 253 1646 est
284 1610 371 1659 quia
404 1611 488 1647 ideo
520 1618 652 1647 creata
684 1619 772 1647 sunt
803 1612 899 1647 bona
932 1611 1122 1657 carnalia,
1157 1618 1196 1646 ut
1228 1617 1385 1646 utamur
1416 1610 1505 1646 illis.

198 1669 242 1703 Si
270 1676 395 1704 autem
428 1676 600 1705 creatum
634 1676 689 1705 est
721 1670 756 1704 in
780 1670 887 1705 nobis
917 1677 953 1705 et
984 1669 1204 1719 intelligere
1235 1680 1299 1704 eos
1330 1675 1365 1704 et
1394 1679 1508 1716 posse

142 1731 181 1763 25
199 1726 379 1762 resistere
410 1727 475 1774 eis,
508 1740 581 1764 non
605 1727 760 1763 dubium
794 1740 867 1764 non
901 1727 985 1763 ideo
1009 1734 1139 1763 creata
1172 1733 1260 1763 sunt
1283 1725 1506 1775 corporalia

198 1784 294 1819 bona
327 1792 362 1820 et
393 1785 606 1821 mundialia
651 1792 690 1820 ut
734 1792 892 1821 utamur
923 1785 999 1821 illis
1030 1785 1100 1821 sed
1130 1792 1170 1820 ut
1202 1784 1255 1820 eis
1286 1783 1507 1820 resistentes

198 1842 351 1878 meliori
380 1842 508 1878 studio
531 1843 778 1892 acquiramus
809 1843 916 1879 nobis
948 1843 1177 1878 mercedem.
1214 1842 1315 1877 Nam
1349 1853 1417 1877 nec
1449 1841 1505 1876 in-

198 1900 376 1950 telligere
399 1900 536 1936 bonum
561 1908 596 1936 et
617 1901 761 1936 malum
784 1901 819 1936 in
843 1901 950 1937 nobis
965 1908 1137 1936 creatum
1155 1907 1265 1946 esset,
1298 1899 1371 1935 nisi
1390 1899 1507 1935 simul

198 1964 369 1993 creatum
406 1958 553 2006 suisset
596 1965 631 1994 et
668 1970 785 2006 posse
830 1959 1011 1995 resistere
1042 1958 1159 2003 malo,
1214 1964 1254 1993 ut
1286 1957 1376 2006 quid
1408 1956 1504 1992 enim

141 2022 182 2053 30
197 2015 342 2050 homini
380 2016 510 2051 datum
555 2023 653 2052 esset
684 2016 916 2066 intelligere,
958 2016 993 2052 si
1034 2028 1106 2052 non
1128 2015 1276 2064 fuisset
1307 2014 1342 2050 ei
1372 2015 1504 2050 datum

197 2079 232 2107 et
258 2085 374 2122 posse
396 2073 540 2121 facere
562 2074 663 2122 quod
692 2074 875 2124 intelligit
908 2074 1044 2110 melius
1066 2085 1157 2110 esse.
1192 2072 1392 2120 Numquid
1421 2072 1503 2107 ani-

197 2131 362 2166 malibus
392 2131 540 2167 creavit
561 2132 670 2167 Deus
702 2132 921 2182 intelligere
952 2132 1054 2180 quod
1075 2131 1268 2168 honestius
1299 2137 1335 2166 et
1368 2129 1504 2165 lauda-

197 2188 310 2224 bilius
342 2189 427 2224 est?
458 2189 560 2235 Non,
593 2189 679 2237 quia
713 2201 780 2225 nec
802 2189 949 2225 creavit
981 2189 1017 2224 in
1041 2189 1094 2225 eis
1120 2201 1237 2238 posse
1259 2188 1403 2236 facere
1433 2187 1503 2222 ali-

196 2246 289 2294 quid
319 2247 421 2294 quod
452 2247 588 2282 melius
619 2254 686 2282 est.
721 2248 785 2283 Sic
812 2259 878 2283 nec
910 2247 1055 2283 homini
1087 2254 1256 2283 creasset
1287 2245 1506 2295 intelligere

142 2303 273 2341 35nisi
302 2311 471 2340 creasset
503 2305 537 2340 ei
567 2311 602 2339 et
634 2305 735 2353 quod
766 2305 948 2355 intelligit
968 2305 1112 2353 facere
1138 2317 1263 2353 posse.

256 2362 505 2410 Respondens
546 2369 671 2398 autem
709 2363 884 2398 dominus
926 2362 1005 2398 eius
1040 2362 1140 2398 dixit
1186 2362 1238 2397 ei.-
1280 2362 1400 2397 Serve
1442 2373 1502 2396 ne-

198 2430 309 2466 quam
326 2426 394 2456 etc.
428 2419 601 2468 Nequam
626 2420 723 2455 enim
748 2428 921 2466 vocatur,
955 2420 1041 2468 quia
1074 2420 1342 2456 contumeliam
1378 2419 1506 2454 reddit

199 2476 351 2512 domino
369 2489 445 2525 pro
469 2477 636 2513 honore:
654 2478 786 2527 piger,
817 2478 905 2527 quia
928 2478 1112 2514 talentum
1137 2490 1209 2514 non
1234 2477 1416 2527 duplicat.
1451 2476 1505 2511 Et

196 2533 280 2569 ideo
306 2546 384 2583 pro
409 2546 450 2571 eo
481 2535 629 2583 quidem
654 2535 764 2583 quasi
789 2536 990 2584 superbus,
1019 2547 1096 2584 pro
1132 2535 1203 2571 lzoc
1237 2542 1362 2571 autem
1397 2534 1508 2582 quasi

266 2720 338 2740 1—2.
366 2715 409 2741 A:
437 2715 543 2749 quibus
568 2714 698 2742 sciencie
723 2715 921 2750 intelligitur.
1026 2724 1059 2742 Η.
1089 2717 1132 2743 A:
1161 2719 1189 2743 et
1222 2715 1325 2743 before
1350 2715 1507 2750 intelligat

198 2747 290 2775 deest.
354 2748 389 2777 13.
411 2751 455 2776 A:
476 2751 640 2777 secundum
660 2750 752 2778 deest.
826 2759 867 2783 ¹4-
882 2752 926 2778 A:
943 2755 1116 2778 creaturas.
1191 2750 1227 2778 ¹5.
1248 2751 1287 2778 B:
1308 2753 1504 2786 experentur.

198 2784 238 2810 16.
251 2785 294 2810 A:
321 2787 351 2811 et
367 2788 466 2811 motus
484 2786 638 2812 carnales.
712 2794 751 2821 17.
772 2787 815 2812 A:
833 2786 1044 2820 predictorum
1064 2786 1163 2819 deest;
1184 2785 1206 2812 Β
1221 2786 1251 2812 in
1273 2793 1387 2820 marg.:
1409 2784 1494 2812 addit

197 2824 309 2856 20521.
335 2820 379 2846 A:
406 2819 570 2846 secundum
589 2820 722 2847 animam
743 2820 835 2847 deest.
940 2820 981 2847 23.
1003 2822 1046 2847 A:
1074 2821 1152 2847 bona
1174 2821 1273 2854 dcest;
1295 2820 1316 2847 Β
1337 2821 1367 2847 in
1389 2827 1504 2854 marg:

197 2852 291 2880 add1t.
396 2852 439 2881 33.
460 2855 503 2880 A:
525 2852 593 2882 Non
614 2855 707 2882 deest.
797 2853 843 2890 39.
868 2855 904 2882 ss:
924 2863 982 2890 per
1000 2855 1058 2882 hoc
1077 2855 1181 2883 eciam.

1719 225 1796 274 267

1547 1453 1635 1481 False
1655 1454 1723 1488 plea
1743 1454 1778 1481 of

1576 1489 1664 1515 those
1682 1489 1746 1515 that

1540 1523 1647 1550 follow
1667 1524 1769 1550 carnal

1611 1558 1698 1585 lusts.
