1986 3289
223 224 310 251 CAP.
332 215 487 269 xxvm]
606 227 663 258 DE
692 227 1007 259 AN'rffiufusTo
1036 228 1119 259 ΜΒ.
1146 228 1168 260 1.
1751 224 1821 258 103

222 334 299 369 Sed
331 333 428 369 illud
454 333 627 382 primum
667 334 915 384 interrogant
954 346 1004 369 ex
1035 347 1074 370 se
1106 343 1142 370 et
1168 343 1337 384 propter
1366 349 1419 379 se.
1468 338 1538 373 hoc

221 399 345 427 autem
390 392 597 427 secundum
642 403 693 427 ex·
731 391 836 427 nobis
868 399 904 426 et
938 399 1106 441 propter
1151 405 1230 429 nOS.
1278 394 1379 429 Nam
1421 407 1538 443 neque

223 462 290 485 nos
322 449 454 498 templi
483 449 585 484 illius
619 449 880 497 dirupcionem
914 450 1150 498 aspeximus,
1184 463 1301 499 neque
1333 451 1392 486 illi
1421 454 1540 488 seculi

209 508 346 557 finem.
379 507 469 543 Ideo
503 506 580 542 illis
613 506 840 556 expediebat
863 508 1002 543 audire
1022 508 1138 558 signa
1162 508 1266 544 illius
1290 509 1536 558 dirupcionis,

187 565 327 601 5nobis
369 572 495 601 autem
541 565 698 614 expedit
742 576 979 614 cognoscere
1022 567 1370 603 consummacionis
1408 568 1535 618 signa.

226 622 410 658 Omnibus
443 622 707 658 laborantibus
740 623 862 658 dulcis
895 630 953 659 est
971 623 1079 672 finis.
1123 624 1256 659 Viator
1288 625 1450 661 libenter
1481 626 1535 661 in-

219 687 400 730 terrogat
430 680 493 716 ubi
513 680 659 716 mansio
688 680 758 725 sit,·
788 681 1056 716 mercenarius
1076 682 1312 730 frequenter
1340 691 1536 733 computat

219 738 408 787 quomodo
461 750 584 773 annus
635 739 870 787 completur;
927 739 1106 789 agricola
1159 752 1311 789 semper
1360 748 1535 790 tempora

219 796 351 832 messis
374 803 571 845 expectat;
602 796 831 846 negociator
854 796 914 832 die
936 809 981 832 ac
1004 804 1115 834 nocte
1146 798 1252 834 thece
1282 810 1350 834 sue
1382 799 1536 835 discutit

165 866 203 887 10
219 854 427 901 racionem,
481 853 620 889 mulier
656 866 859 904 pregnans
910 866 1064 903 semper
1117 856 1162 890 de
1207 856 1354 892 decimo
1408 869 1535 893 mense

218 912 378 963 cogitat,
428 912 483 948 sic
534 918 569 947 et
620 912 727 947 servi
770 912 847 947 Dei
891 912 1053 948 libenter
1106 914 1152 948 de
1203 915 1535 951 consummacione

218 969 429 1017 requirunt.
478 969 673 1018 Scriptum
713 976 769 1006 est
807 969 926 1005 enim:
975 970 1048 1005 Ubi
1085 971 1158 1008 erit
1196 972 1402 1008 thesaurus
1434 980 1532 1020 tuus,
1575 990 1634 1017 we
1654 991 1751 1026 ought
1770 996 1800 1018 to

218 1027 269 1063 ibi
306 1027 379 1063 erit
410 1034 445 1062 et
477 1039 546 1063 cor
578 1034 695 1063 tuum.
735 1027 837 1063 Ecce
876 1028 910 1063 si
940 1027 1156 1064 solidorum
1191 1029 1332 1065 habeas
1363 1030 1531 1078 aliquam
1554 1025 1815 1087 εὲῑζζῇιὲξζῌῑῐξξη

216 1085 462 1133 quantitatem
502 1085 537 1120 in
582 1085 703 1121 archa
743 1085 964 1134 repositam,
1011 1086 1337 1135 quocienscunque
1382 1089 1533 1125 veniens

95 1139 178 1180 4¹5⁸
217 1143 263 1178 de
288 1142 419 1192 platea
448 1140 453 1193 Ι
484 1143 638 1179 domum
671 1150 774 1179 tuam
799 1143 1046 1193 ingredieris,
1079 1151 1166 1180 ante
1198 1145 1323 1180 omnia
1357 1146 1458 1181 oculi
1479 1147 1535 1182 tui

217 1201 341 1236 locum
381 1200 489 1236 illum
530 1200 747 1250 respiciunt,
791 1201 854 1236 ubi
890 1201 1037 1237 solidos
1075 1201 1212 1246 habes;
1254 1203 1307 1238 sic
1345 1211 1380 1239 et
1410 1204 1535 1240 sancti

216 1258 323 1294 illum
372 1258 496 1294 locum
545 1258 762 1307 respiciunt,
811 1259 875 1294 ubi
916 1259 1054 1294 habent
1098 1260 1304 1308 repositam
1342 1262 1529 1312 gratiam.

216 1316 318 1352 Nam
363 1316 454 1352 utile
490 1324 546 1352 est
586 1324 735 1365 tempus
775 1317 1123 1353 consummacionis
1154 1330 1400 1368 cognoscere,
1443 1320 1530 1368 quia

216 1375 328 1410 homo
357 1374 392 1409 in
428 1374 563 1410 itinere
591 1374 817 1410 constitutus
840 1382 980 1422 quanto
1010 1375 1138 1425 magis
1165 1376 1531 1425 appropinquaverit

159 1444 200 1465 20
216 1431 415 1477 mansioni,
456 1439 560 1468 tanto
600 1431 764 1481 amplius
797 1432 924 1481 incipit
944 1433 1155 1481 festinare.
1201 1434 1303 1469 Nam
1343 1434 1378 1469 in
1412 1435 1529 1486 longa

216 1490 275 1525 via
328 1489 446 1525 eciam
492 1490 639 1526 veloces
684 1489 854 1526 homines
891 1490 1065 1540 pigriter
1113 1491 1324 1537 ambulant,
1377 1494 1529 1541 quando

214 1554 339 1583 autem
374 1547 433 1582 via
454 1547 587 1596 fuerit
619 1547 806 1593 breviata,
839 1548 957 1583 eciam
980 1548 1094 1598 pigri
1115 1549 1298 1585 velociter
1319 1551 1527 1586 ambulant.

214 1605 302 1640 Hac
336 1604 491 1641 racione
524 1605 672 1641 Paulus
703 1605 919 1641 exhortans
952 1606 1063 1641 dicit:
1094 1606 1207 1642 Nunc
1239 1607 1336 1643 enim
1363 1609 1530 1657 propior

214 1670 269 1699 est
307 1670 440 1699 nostra
478 1663 585 1699 salus
631 1675 746 1712 quam
787 1676 870 1699 cum
910 1664 1158 1710 credidimus,
1207 1665 1293 1713 quia
1326 1666 1529 1715 appropin—

157 1722 195 1754 25
214 1728 328 1769 quata
360 1733 443 1769 spes
474 1721 618 1756 excitat
663 1721 996 1772 magnanimitatis
1035 1721 1227 1758 virtutem.
1267 1724 1356 1759 Ideo
1389 1732 1527 1772 quanto

212 1778 338 1829 magis
359 1778 571 1814 laudabiles
591 1786 679 1814 sunt
701 1779 766 1827 qui
784 1787 870 1815 ante
897 1779 1094 1815 Christum
1109 1780 1290 1828 fuerunt,
1323 1788 1429 1818 tanto
1461 1795 1529 1818 nos

212 1836 480 1885 vituperabiles
518 1836 582 1884 qui
611 1843 700 1885 post
728 1837 924 1873 Christum
962 1850 1095 1873 sumus
1126 1844 1162 1873 et
1183 1839 1310 1874 adhuc
1333 1839 1379 1874 de
1400 1840 1528 1875 seculo

212 1894 393 1929 recedere
415 1894 603 1930 nolumus.
640 1894 705 1929 Illi
724 1895 876 1943 quidem
900 1895 1069 1931 sciebant
1079 1895 1202 1944 finem
1233 1908 1313 1932 esse
1323 1898 1524 1946 futurum,

212 1952 362 2000 quando
401 1958 540 1996 autem,
585 1952 811 1988 nesciebant.
862 1953 945 1989 Nos
988 1961 1112 1989 autem
1158 1953 1326 1990 Domino
1372 1955 1526 1991 demon-

154 2011 196 2043 30
210 2016 359 2045 strante
405 2009 573 2057 quotidie
615 2010 783 2045 seculum
824 2010 942 2060 finiri
985 2011 1156 2047 videmus
1199 2018 1394 2061 tamquam
1435 2013 1529 2048 mali

210 2067 326 2113 servi,
370 2067 445 2102 iam
478 2067 635 2103 albescit
671 2079 819 2104 aurora
852 2075 886 2104 et
918 2069 1044 2104 adhuc
1082 2069 1307 2106 dormimus.
1357 2070 1458 2106 Nam
1492 2079 1527 2107 et

205 2132 432 2173 peccatores
464 2125 635 2161 homines
667 2137 858 2174 nunquam
886 2133 1027 2175 putant
1047 2126 1169 2176 finem
1202 2128 1324 2163 seculi
1354 2140 1435 2164 esse
1454 2129 1524 2177 fu-

211 2189 353 2217 turum.
387 2182 439 2218 Et
462 2183 552 2231 quid
573 2183 714 2218 mirum
737 2184 772 2218 si
801 2185 902 2232 quod
934 2184 1094 2220 audiunt
1127 2196 1199 2220 non
1232 2187 1405 2232 credunt,
1439 2198 1523 2221 cum

211 2252 276 2276 nec
319 2240 417 2276 illud
454 2241 615 2276 credunt
656 2242 757 2289 quod
798 2242 965 2290 quotidie
1007 2242 1165 2278 vident?
1211 2243 1313 2278 Nam
1359 2244 1526 2291 quotidie

154 2297 193 2331 35
212 2305 386 2334 mortuos
429 2298 603 2333 manibus
644 2298 723 2334 suis
760 2300 922 2347 efferunt
959 2306 994 2335 et
1033 2300 1217 2336 mortales
1255 2313 1295 2336 se
1333 2313 1413 2337 esse
1452 2313 1523 2337 non

205 2362 355 2405 putant.
391 2356 474 2391 Hec
508 2355 789 2395 Crisostomus.

268 2412 434 2449 Videtur
479 2412 599 2449 istum
646 2422 829 2450 sanctum
881 2414 1080 2450 subtiliter
1130 2424 1272 2452 notare
1317 2417 1522 2464 quomodo
1574 2433 1633 2460 We
1654 2433 1764 2460 should

212 2479 365 2507 mentes
399 2470 621 2506 infidelium
655 2472 703 2507 de
736 2471 978 2508 futuricione
1012 2481 1224 2509 eventuum
1255 2474 1451 2510 fluctuant
1483 2474 1522 2510 in
1550 2472 1613 2494 rest
1633 2469 1793 2495 comented

210 2527 378 2575 incerto,
432 2541 522 2564 cum
569 2537 611 2564 ut
657 2529 776 2565 fidem
823 2531 1014 2566 debemus
1068 2543 1212 2578 capere
1266 2533 1372 2580 quod
1426 2532 1521 2568 talia
1550 2503 1801 2565 tgflglelggfffilrssenf

277 2649 303 2678 3.
325 2650 441 2677 Codd.:
464 2658 520 2677 nos
540 2650 634 2677 deest.
708 2659 747 2685 17-
769 2652 812 2678 A:
835 2652 933 2678 locum
947 2651 1041 2679 deest*
1115 2660 1161 2686 24,
1177 2653 1220 2680 25.
1236 2654 1279 2680 A:
1296 2653 1519 2688 propinquata.

210 2685 252 2713 25.
267 2686 312 2713 A:
333 2686 389 2712 dat
401 2685 557 2720 operandi
574 2687 726 2712 virtutem.
817 2688 863 2713 26.
885 2686 1005 2714 Codd.:
1028 2687 1181 2714 Christum
1201 2688 1295 2714 deest.
1369 2686 1408 2715 31.
1429 2689 1473 2715 A:
1494 2692 1524 2715 et

210 2719 304 2746 deest.
383 2718 425 2746 33.
446 2721 491 2747 A:
511 2720 541 2747 si
558 2720 683 2755 quod-
700 2720 830 2748 credunt
850 2721 943 2748 deest.
1021 2721 1066 2749 35.
1085 2723 1129 2749 A:
1152 2721 1297 2758 offerunt.
1377 2721 1420 2757 37.
1441 2724 1469 2749 A
1489 2723 1519 2749 in

209 2762 323 2789 marg:
343 2754 514 2781 Johannes.

284 2847 332 2868 12.
360 2836 480 2869 Matth0
506 2838 565 2877 VI,
600 2847 653 2869 21.
744 2839 796 2871 23.
823 2839 925 2870 Rom.
951 2839 1041 2879 XIII,
1072 2849 1122 2871 11.
