<?xml version="1.0" encoding="UTF-8"?>
<!DOCTYPE html PUBLIC "-//W3C//DTD XHTML 1.0 Transitional//EN"
    "http://www.w3.org/TR/xhtml1/DTD/xhtml1-transitional.dtd">
<html xmlns="http://www.w3.org/1999/xhtml" xml:lang="en" lang="en">
 <head>
  <title>
</title>
<meta http-equiv="Content-Type" content="text/html;charset=utf-8" />
  <meta name='ocr-system' content='tesseract 3.04.00' />
  <meta name='ocr-capabilities' content='ocr_page ocr_carea ocr_par ocr_line ocrx_word'/>
</head>
<body>
  <div class='ocr_page' id='page_1' title='image "./opusevangelicum34wycl/opusevangelicum34wycl_0292.png"; bbox 0 0 1986 3289; ppageno 0'>
   <div class='ocr_carea' id='block_1_1' title="bbox 185 212 1774 265">
    <p class='ocr_par' dir='ltr' id='par_1_1' title="bbox 185 212 1774 265">
     <span class='ocr_line' id='line_1_1' title="bbox 185 212 1774 265; baseline -0.007 -5"><span class='ocrx_word' id='word_1_1' title='bbox 185 224 264 260; x_wconf 78' lang='lat'><em>254</em></span> <span class='ocrx_word' id='word_1_2' title='bbox 777 223 896 254; x_wconf 72' lang='lat' dir='ltr'><em>opus</em></span> <span class='ocrx_word' id='word_1_3' title='bbox 922 222 1257 254; x_wconf 74' lang='lat' dir='ltr'>EVANGELJCUM</span> <span class='ocrx_word' id='word_1_4' title='bbox 1287 223 1369 254; x_wconf 78' lang='grc' dir='ltr'><strong>ι,ιΒ.</strong></span> <span class='ocrx_word' id='word_1_5' title='bbox 1397 223 1449 253; x_wconf 93' lang='grc' dir='ltr'><strong>ιιι.</strong></span> <span class='ocrx_word' id='word_1_6' title='bbox 1510 212 1616 265; x_wconf 69' lang='grc' dir='ltr'>[εΑΡ.</span> <span class='ocrx_word' id='word_1_7' title='bbox 1641 222 1774 250; x_wconf 68' lang='lat' dir='ltr'><em>vam.</em></span> 
     </span>
    </p>
   </div>
   <div class='ocr_carea' id='block_1_2' title="bbox 181 329 1841 2462">
    <p class='ocr_par' dir='ltr' id='par_1_2' title="bbox 467 329 1838 956">
     <span class='ocr_line' id='line_1_2' title="bbox 472 329 1780 380; baseline 0.002 -16"><span class='ocrx_word' id='word_1_8' title='bbox 472 329 636 365; x_wconf 82' lang='lat' dir='ltr'><em>tradidit</em></span> <span class='ocrx_word' id='word_1_9' title='bbox 668 342 741 364; x_wconf 87' lang='lat' dir='ltr'><em>non</em></span> <span class='ocrx_word' id='word_1_10' title='bbox 769 341 846 377; x_wconf 87' lang='lat' dir='ltr'><em>pro</em></span> <span class='ocrx_word' id='word_1_11' title='bbox 881 329 1068 380; x_wconf 86' lang='lat' dir='ltr'><em>largitate</em></span> <span class='ocrx_word' id='word_1_12' title='bbox 1100 337 1134 365; x_wconf 88' lang='lat' dir='ltr'><em>et</em></span> <span class='ocrx_word' id='word_1_13' title='bbox 1162 330 1356 378; x_wconf 88' lang='lat' dir='ltr'><em>parcitate</em></span> <span class='ocrx_word' id='word_1_14' title='bbox 1387 331 1503 366; x_wconf 85' lang='lat' dir='ltr'><em>alteri</em></span> <span class='ocrx_word' id='word_1_15' title='bbox 1532 331 1631 379; x_wconf 83' lang='lat' dir='ltr'><em>plus,</em></span> <span class='ocrx_word' id='word_1_16' title='bbox 1664 332 1780 367; x_wconf 89' lang='lat' dir='ltr'><em>alteri</em></span> 
     </span>
     <span class='ocr_line' id='line_1_3' title="bbox 470 387 1778 437; baseline 0.002 -15"><span class='ocrx_word' id='word_1_17' title='bbox 470 387 594 423; x_wconf 82' lang='lat' dir='ltr'><em>minus</em></span> <span class='ocrx_word' id='word_1_18' title='bbox 626 387 809 432; x_wconf 83' lang='lat' dir='ltr'><em>tribuens,</em></span> <span class='ocrx_word' id='word_1_19' title='bbox 854 388 922 423; x_wconf 89' lang='lat' dir='ltr'><em>sed</em></span> <span class='ocrx_word' id='word_1_20' title='bbox 961 399 1037 436; x_wconf 87' lang='lat' dir='ltr'><em>pro</em></span> <span class='ocrx_word' id='word_1_21' title='bbox 1070 388 1339 436; x_wconf 88' lang='lat' dir='ltr'><em>accipiencium</em></span> <span class='ocrx_word' id='word_1_22' title='bbox 1374 388 1538 424; x_wconf 82' lang='lat' dir='ltr'><em>viribus:</em></span> <span class='ocrx_word' id='word_1_23' title='bbox 1589 390 1778 437; x_wconf 88' lang='lat' dir='ltr'><em>quomodo</em></span> 
     </span>
     <span class='ocr_line' id='line_1_4' title="bbox 471 444 1780 495; baseline 0.001 -14"><span class='ocrx_word' id='word_1_24' title='bbox 471 452 506 481; x_wconf 84' lang='lat' dir='ltr'><em>et</em></span> <span class='ocrx_word' id='word_1_25' title='bbox 537 445 746 494; x_wconf 80' lang='lat' dir='ltr'><em>Apostolus</em></span> <span class='ocrx_word' id='word_1_26' title='bbox 779 457 842 481; x_wconf 88' lang='lat' dir='ltr'><em>eos</em></span> <span class='ocrx_word' id='word_1_27' title='bbox 875 444 939 493; x_wconf 88' lang='lat' dir='ltr'><em>qui</em></span> <span class='ocrx_word' id='word_1_28' title='bbox 968 445 1134 481; x_wconf 86' lang='lat' dir='ltr'><em>solidum</em></span> <span class='ocrx_word' id='word_1_29' title='bbox 1168 445 1291 481; x_wconf 86' lang='lat' dir='ltr'><em>cibum</em></span> <span class='ocrx_word' id='word_1_30' title='bbox 1325 458 1464 495; x_wconf 81' lang='lat' dir='ltr'><em>capere</em></span> <span class='ocrx_word' id='word_1_31' title='bbox 1496 458 1567 482; x_wconf 89' lang='lat' dir='ltr'><em>non</em></span> <span class='ocrx_word' id='word_1_32' title='bbox 1595 454 1780 495; x_wconf 80' lang='lat' dir='ltr'><em>poterant</em></span> 
     </span>
     <span class='ocr_line' id='line_1_5' title="bbox 470 502 1780 555; baseline 0.002 -17"><span class='ocrx_word' id='word_1_33' title='bbox 470 504 570 539; x_wconf 90' lang='lat' dir='ltr'><em>lacte</em></span> <span class='ocrx_word' id='word_1_34' title='bbox 596 510 753 555; x_wconf 87' lang='lat' dir='ltr'><em>potasse</em></span> <span class='ocrx_word' id='word_1_35' title='bbox 794 515 834 539; x_wconf 88' lang='lat' dir='ltr'><em>se</em></span> <span class='ocrx_word' id='word_1_36' title='bbox 877 502 979 550; x_wconf 87' lang='lat' dir='ltr'><em>dicit,</em></span> <span class='ocrx_word' id='word_1_37' title='bbox 1025 503 1184 552; x_wconf 86' lang='lat' dir='ltr'><em>denique</em></span> <span class='ocrx_word' id='word_1_38' title='bbox 1226 511 1261 539; x_wconf 93' lang='lat' dir='ltr'><em>et</em></span> <span class='ocrx_word' id='word_1_39' title='bbox 1292 504 1398 539; x_wconf 87' lang='lat' dir='ltr'><em>illum</em></span> <span class='ocrx_word' id='word_1_40' title='bbox 1444 504 1508 552; x_wconf 91' lang='lat' dir='ltr'><em>qui</em></span> <span class='ocrx_word' id='word_1_41' title='bbox 1544 504 1589 539; x_wconf 90' lang='lat' dir='ltr'><em>de</em></span> <span class='ocrx_word' id='word_1_42' title='bbox 1621 505 1780 553; x_wconf 88' lang='lat' dir='ltr'><em>quinque</em></span> 
     </span>
     <span class='ocr_line' id='line_1_6' title="bbox 470 561 1809 610; baseline 0 -14"><span class='ocrx_word' id='word_1_43' title='bbox 470 561 622 596; x_wconf 88' lang='lat' dir='ltr'><em>talentis</em></span> <span class='ocrx_word' id='word_1_44' title='bbox 667 561 795 597; x_wconf 87' lang='lat' dir='ltr'><em>decem</em></span> <span class='ocrx_word' id='word_1_45' title='bbox 837 561 996 609; x_wconf 78' lang='lat' dir='ltr'><em>fecerat</em></span> <span class='ocrx_word' id='word_1_46' title='bbox 1028 568 1064 597; x_wconf 91' lang='lat' dir='ltr'><em>et</em></span> <span class='ocrx_word' id='word_1_47' title='bbox 1094 561 1160 609; x_wconf 89' lang='lat' dir='ltr'><em>qui</em></span> <span class='ocrx_word' id='word_1_48' title='bbox 1200 569 1367 610; x_wconf 87' lang='lat' dir='ltr'><em>quatuor</em></span> <span class='ocrx_word' id='word_1_49' title='bbox 1399 563 1444 597; x_wconf 87' lang='lat' dir='ltr'><em>de</em></span> <span class='ocrx_word' id='word_1_50' title='bbox 1488 562 1634 598; x_wconf 86' lang='lat' dir='ltr'><em>duobus</em></span> <span class='ocrx_word' id='word_1_51' title='bbox 1664 563 1809 598; x_wconf 79' lang='lat' dir='ltr'><em>simili5</em></span> 
     </span>
     <span class='ocr_line' id='line_1_7' title="bbox 471 618 1781 670; baseline 0.002 -16"><span class='ocrx_word' id='word_1_52' title='bbox 471 618 613 667; x_wconf 86' lang='lat' dir='ltr'><em>recepit</em></span> <span class='ocrx_word' id='word_1_53' title='bbox 643 619 810 668; x_wconf 88' lang='lat' dir='ltr'><em>gaudio:</em></span> <span class='ocrx_word' id='word_1_54' title='bbox 854 631 926 654; x_wconf 88' lang='lat' dir='ltr'><em>non</em></span> <span class='ocrx_word' id='word_1_55' title='bbox 959 619 1209 655; x_wconf 80' lang='lat' dir='ltr'><em>considerans</em></span> <span class='ocrx_word' id='word_1_56' title='bbox 1248 619 1349 655; x_wconf 87' lang='lat' dir='ltr'><em>lucri</em></span> <span class='ocrx_word' id='word_1_57' title='bbox 1378 620 1681 670; x_wconf 76' lang='lat' dir='ltr'><em>magnitudinem</em></span> <span class='ocrx_word' id='word_1_58' title='bbox 1712 621 1781 656; x_wconf 84' lang='lat' dir='ltr'><em>sed</em></span> 
     </span>
     <span class='ocr_line' id='line_1_8' title="bbox 468 676 1780 725; baseline 0.002 -14"><span class='ocrx_word' id='word_1_59' title='bbox 468 676 587 712; x_wconf 87' lang='lat' dir='ltr'><em>studii</em></span> <span class='ocrx_word' id='word_1_60' title='bbox 618 676 866 713; x_wconf 79' lang='lat' dir='ltr'><em>voluntatem.</em></span> <span class='ocrx_word' id='word_1_61' title='bbox 912 677 954 712; x_wconf 91' lang='lat' dir='ltr'><em>In</em></span> <span class='ocrx_word' id='word_1_62' title='bbox 997 677 1161 725; x_wconf 90' lang='lat' dir='ltr'><em>quinque</em></span> <span class='ocrx_word' id='word_1_63' title='bbox 1193 684 1228 712; x_wconf 87' lang='lat' dir='ltr'><em>et</em></span> <span class='ocrx_word' id='word_1_64' title='bbox 1261 678 1406 713; x_wconf 86' lang='lat' dir='ltr'><em>duobus</em></span> <span class='ocrx_word' id='word_1_65' title='bbox 1453 685 1488 713; x_wconf 80' lang='lat' dir='ltr'><em>et</em></span> <span class='ocrx_word' id='word_1_66' title='bbox 1532 690 1603 713; x_wconf 92' lang='lat' dir='ltr'><em>uno</em></span> <span class='ocrx_word' id='word_1_67' title='bbox 1636 678 1780 714; x_wconf 90' lang='lat' dir='ltr'><em>talento</em></span> 
     </span>
     <span class='ocr_line' id='line_1_9' title="bbox 470 734 1781 784; baseline 0.002 -15"><span class='ocrx_word' id='word_1_68' title='bbox 470 735 529 770; x_wconf 78' lang='lat' dir='ltr'><em>vel</em></span> <span class='ocrx_word' id='word_1_69' title='bbox 562 734 736 770; x_wconf 84' lang='lat' dir='ltr'><em>diversas</em></span> <span class='ocrx_word' id='word_1_70' title='bbox 778 734 939 784; x_wconf 80' lang='lat' dir='ltr'><em>gracias</em></span> <span class='ocrx_word' id='word_1_71' title='bbox 985 734 1247 784; x_wconf 77' lang='lat' dir='ltr'><em>intelligamus</em></span> <span class='ocrx_word' id='word_1_72' title='bbox 1289 747 1361 783; x_wconf 84' lang='lat' dir='ltr'><em>que</em></span> <span class='ocrx_word' id='word_1_73' title='bbox 1405 735 1601 784; x_wconf 86' lang='lat' dir='ltr'><em>unicuique</em></span> <span class='ocrx_word' id='word_1_74' title='bbox 1638 736 1781 772; x_wconf 79' lang='lat' dir='ltr'><em>tradite</em></span> 
     </span>
     <span class='ocr_line' id='line_1_10' title="bbox 467 792 1780 841; baseline 0.002 -14"><span class='ocrx_word' id='word_1_75' title='bbox 467 799 577 836; x_wconf 84' lang='lat' dir='ltr'><em>sunt,·</em></span> <span class='ocrx_word' id='word_1_76' title='bbox 620 792 681 827; x_wconf 79' lang='lat' dir='ltr'><em>vel</em></span> <span class='ocrx_word' id='word_1_77' title='bbox 710 792 745 827; x_wconf 91' lang='lat' dir='ltr'><em>in</em></span> <span class='ocrx_word' id='word_1_78' title='bbox 773 792 905 841; x_wconf 92' lang='lat' dir='ltr'><em>primo</em></span> <span class='ocrx_word' id='word_1_79' title='bbox 937 804 1067 828; x_wconf 87' lang='lat' dir='ltr'><em>omnes</em></span> <span class='ocrx_word' id='word_1_80' title='bbox 1094 804 1227 828; x_wconf 90' lang='lat' dir='ltr'><em>sensus</em></span> <span class='ocrx_word' id='word_1_81' title='bbox 1259 793 1514 836; x_wconf 80' lang='lat' dir='ltr'><em>exann&#39;natos,</em></span> <span class='ocrx_word' id='word_1_82' title='bbox 1547 793 1582 829; x_wconf 88' lang='lat' dir='ltr'><em>in</em></span> <span class='ocrx_word' id='word_1_83' title='bbox 1614 795 1780 829; x_wconf 87' lang='lat' dir='ltr'><em>secundo</em></span> 
     </span>
     <span class='ocr_line' id='line_1_11' title="bbox 470 849 1838 899; baseline -0.001 -14"><span class='ocrx_word' id='word_1_84' title='bbox 470 849 767 899; x_wconf 86' lang='lat' dir='ltr'><em>intelligenciam</em></span> <span class='ocrx_word' id='word_1_85' title='bbox 806 857 841 885; x_wconf 86' lang='lat' dir='ltr'><em>et</em></span> <span class='ocrx_word' id='word_1_86' title='bbox 878 862 1009 899; x_wconf 84' lang='lat' dir='ltr'><em>opera,</em></span> <span class='ocrx_word' id='word_1_87' title='bbox 1054 850 1090 885; x_wconf 90' lang='lat' dir='ltr'><em>in</em></span> <span class='ocrx_word' id='word_1_88' title='bbox 1129 850 1247 886; x_wconf 89' lang='lat' dir='ltr'><em>tercio</em></span> <span class='ocrx_word' id='word_1_89' title='bbox 1280 851 1473 887; x_wconf 87' lang='lat' dir='ltr'><em>racionem</em></span> <span class='ocrx_word' id='word_1_90' title='bbox 1505 863 1578 899; x_wconf 87' lang='lat' dir='ltr'><em>qua</em></span> <span class='ocrx_word' id='word_1_91' title='bbox 1611 851 1780 887; x_wconf 88' lang='lat' dir='ltr'><em>homines</em></span> <span class='ocrx_word' id='word_1_92' title='bbox 1800 864 1838 884; x_wconf 76' lang='grc' dir='ltr'><em>ιο</em></span> 
     </span>
     <span class='ocr_line' id='line_1_12' title="bbox 468 907 1319 956; baseline 0 -13"><span class='ocrx_word' id='word_1_93' title='bbox 468 920 489 943; x_wconf 88' lang='lat' dir='ltr'><em>a</em></span> <span class='ocrx_word' id='word_1_94' title='bbox 521 907 648 943; x_wconf 87' lang='lat' dir='ltr'><em>bestiis</em></span> <span class='ocrx_word' id='word_1_95' title='bbox 678 919 918 956; x_wconf 85' lang='lat' dir='ltr'><em>separamus.</em></span> <span class='ocrx_word' id='word_1_96' title='bbox 954 909 1037 944; x_wconf 87' lang='lat' dir='ltr'><em>Hee</em></span> <span class='ocrx_word' id='word_1_97' title='bbox 1068 910 1319 955; x_wconf 72' lang='lat' dir='ltr'><em>jeronymus.</em></span> 
     </span>
    </p>

    <p class='ocr_par' dir='ltr' id='par_1_3' title="bbox 181 965 1778 1016">
     <span class='ocr_line' id='line_1_13' title="bbox 181 965 1778 1016; baseline 0.004 -21"><span class='ocrx_word' id='word_1_98' title='bbox 181 970 246 1008; x_wconf 68' lang='lat' dir='ltr'><em>The</em></span> <span class='ocrx_word' id='word_1_99' title='bbox 266 970 375 1016; x_wconf 57' lang='lat' dir='ltr'><em>talents</em></span> <span class='ocrx_word' id='word_1_100' title='bbox 395 977 445 996; x_wconf 82' lang='lat' dir='ltr'><em>arc</em></span> <span class='ocrx_word' id='word_1_101' title='bbox 526 965 695 1001; x_wconf 88' lang='lat' dir='ltr'><em>Videtur</em></span> <span class='ocrx_word' id='word_1_102' title='bbox 728 965 848 1001; x_wconf 87' lang='lat' dir='ltr'><em>istum</em></span> <span class='ocrx_word' id='word_1_103' title='bbox 897 974 1080 1002; x_wconf 87' lang='lat' dir='ltr'><em>sanctum</em></span> <span class='ocrx_word' id='word_1_104' title='bbox 1129 965 1350 1014; x_wconf 82' lang='lat' dir='ltr'><em>intelligere</em></span> <span class='ocrx_word' id='word_1_105' title='bbox 1383 978 1452 1014; x_wconf 89' lang='lat' dir='ltr'><em>per</em></span> <span class='ocrx_word' id='word_1_106' title='bbox 1492 967 1641 1003; x_wconf 86' lang='lat' dir='ltr'><em>talenta</em></span> <span class='ocrx_word' id='word_1_107' title='bbox 1675 968 1778 1002; x_wconf 87' lang='lat' dir='ltr'><em>dona</em></span> 
     </span>
    </p>

    <p class='ocr_par' dir='ltr' id='par_1_4' title="bbox 194 1005 1839 1535">
     <span class='ocr_line' id='line_1_14' title="bbox 194 1005 1780 1072; baseline 0.001 -14"><span class='ocrx_word' id='word_1_108' title='bbox 194 1005 265 1039; x_wconf 44' lang='lat' dir='ltr'><em>&amp;ms</em></span> <span class='ocrx_word' id='word_1_109' title='bbox 286 1006 316 1032; x_wconf 78' lang='lat' dir='ltr'><em>ot</em></span> <span class='ocrx_word' id='word_1_110' title='bbox 337 1012 435 1040; x_wconf 77' lang='lat' dir='ltr'><em>g1ace.</em></span> <span class='ocrx_word' id='word_1_111' title='bbox 471 1023 604 1071; x_wconf 78' lang='lat' dir='ltr'><em>gracie</em></span> <span class='ocrx_word' id='word_1_112' title='bbox 628 1032 666 1059; x_wconf 90' lang='lat' dir='ltr'><em>et</em></span> <span class='ocrx_word' id='word_1_113' title='bbox 698 1023 925 1071; x_wconf 82' lang='lat' dir='ltr'><em>specialiter</em></span> <span class='ocrx_word' id='word_1_114' title='bbox 947 1023 1195 1071; x_wconf 82' lang='lat' dir='ltr'><em>sapienciam</em></span> <span class='ocrx_word' id='word_1_115' title='bbox 1229 1023 1344 1060; x_wconf 83' lang='lat' dir='ltr'><em>nobis</em></span> <span class='ocrx_word' id='word_1_116' title='bbox 1368 1025 1519 1070; x_wconf 77' lang='lat' dir='ltr'><em>datam,</em></span> <span class='ocrx_word' id='word_1_117' title='bbox 1553 1023 1647 1072; x_wconf 87' lang='lat' dir='ltr'><em>quia</em></span> <span class='ocrx_word' id='word_1_118' title='bbox 1679 1024 1780 1061; x_wconf 88' lang='lat' dir='ltr'><em>sicut</em></span> 
     </span>
     <span class='ocr_line' id='line_1_15' title="bbox 470 1081 1780 1130; baseline 0 -13"><span class='ocrx_word' id='word_1_119' title='bbox 470 1081 667 1117; x_wconf 82' lang='lat' dir='ltr'><em>talentum</em></span> <span class='ocrx_word' id='word_1_120' title='bbox 702 1090 759 1117; x_wconf 92' lang='lat' dir='ltr'><em>est</em></span> <span class='ocrx_word' id='word_1_121' title='bbox 792 1081 831 1117; x_wconf 91' lang='lat' dir='ltr'><em>in</em></span> <span class='ocrx_word' id='word_1_122' title='bbox 864 1081 1095 1118; x_wconf 79' lang='lat' dir='ltr'><em>substancia</em></span> <span class='ocrx_word' id='word_1_123' title='bbox 1127 1094 1264 1117; x_wconf 84' lang='lat' dir='ltr'><em>verum</em></span> <span class='ocrx_word' id='word_1_124' title='bbox 1304 1095 1446 1118; x_wconf 81' lang='lat' dir='ltr'><em>aurum</em></span> <span class='ocrx_word' id='word_1_125' title='bbox 1481 1091 1518 1118; x_wconf 88' lang='lat' dir='ltr'><em>et</em></span> <span class='ocrx_word' id='word_1_126' title='bbox 1551 1082 1591 1118; x_wconf 90' lang='lat' dir='ltr'><em>in</em></span> <span class='ocrx_word' id='word_1_127' title='bbox 1625 1081 1780 1130; x_wconf 84' lang='lat' dir='ltr'><em>quanti-</em></span> 
     </span>
     <span class='ocr_line' id='line_1_16' title="bbox 471 1138 1836 1187; baseline -0.001 -12"><span class='ocrx_word' id='word_1_128' title='bbox 471 1148 552 1175; x_wconf 81' lang='lat' dir='ltr'><em>tate</em></span> <span class='ocrx_word' id='word_1_129' title='bbox 586 1147 747 1176; x_wconf 87' lang='lat' dir='ltr'><em>moneta</em></span> <span class='ocrx_word' id='word_1_130' title='bbox 781 1138 967 1181; x_wconf 82' lang='lat' dir='ltr'><em>maxima,</em></span> <span class='ocrx_word' id='word_1_131' title='bbox 1009 1138 1064 1176; x_wconf 86' lang='lat' dir='ltr'><em>sic</em></span> <span class='ocrx_word' id='word_1_132' title='bbox 1097 1148 1133 1175; x_wconf 87' lang='lat' dir='ltr'><em>et</em></span> <span class='ocrx_word' id='word_1_133' title='bbox 1159 1141 1308 1176; x_wconf 87' lang='lat' dir='ltr'><em>donum</em></span> <span class='ocrx_word' id='word_1_134' title='bbox 1342 1139 1486 1187; x_wconf 82' lang='lat' dir='ltr'><em>gracie.</em></span> <span class='ocrx_word' id='word_1_135' title='bbox 1520 1142 1600 1176; x_wconf 88' lang='lat' dir='ltr'><em>Nec</em></span> <span class='ocrx_word' id='word_1_136' title='bbox 1633 1143 1836 1187; x_wconf 72' lang='lat' dir='ltr'><em>repug-15</em></span> 
     </span>
     <span class='ocr_line' id='line_1_17' title="bbox 471 1197 1781 1245; baseline 0 -12"><span class='ocrx_word' id='word_1_137' title='bbox 471 1206 539 1233; x_wconf 82' lang='lat' dir='ltr'><em>nat</em></span> <span class='ocrx_word' id='word_1_138' title='bbox 583 1198 651 1233; x_wconf 87' lang='lat' dir='ltr'><em>sed</em></span> <span class='ocrx_word' id='word_1_139' title='bbox 685 1206 879 1233; x_wconf 83' lang='lat' dir='ltr'><em>consonat</em></span> <span class='ocrx_word' id='word_1_140' title='bbox 919 1198 1028 1245; x_wconf 89' lang='lat' dir='ltr'><em>quod</em></span> <span class='ocrx_word' id='word_1_141' title='bbox 1072 1197 1187 1233; x_wconf 85' lang='lat' dir='ltr'><em>multi</em></span> <span class='ocrx_word' id='word_1_142' title='bbox 1232 1206 1322 1233; x_wconf 88' lang='lat' dir='ltr'><em>sunt</em></span> <span class='ocrx_word' id='word_1_143' title='bbox 1367 1199 1556 1233; x_wconf 87' lang='lat' dir='ltr'><em>habentes</em></span> <span class='ocrx_word' id='word_1_144' title='bbox 1603 1197 1781 1245; x_wconf 88' lang='lat' dir='ltr'><em>quinque</em></span> 
     </span>
     <span class='ocr_line' id='line_1_18' title="bbox 473 1254 1779 1303; baseline -0.001 -12"><span class='ocrx_word' id='word_1_145' title='bbox 473 1255 636 1300; x_wconf 84' lang='lat' dir='ltr'><em>talenta,</em></span> <span class='ocrx_word' id='word_1_146' title='bbox 684 1255 777 1303; x_wconf 86' lang='lat' dir='ltr'><em>quia</em></span> <span class='ocrx_word' id='word_1_147' title='bbox 824 1254 997 1302; x_wconf 85' lang='lat' dir='ltr'><em>apostoli</em></span> <span class='ocrx_word' id='word_1_148' title='bbox 1043 1264 1079 1291; x_wconf 92' lang='lat' dir='ltr'><em>et</em></span> <span class='ocrx_word' id='word_1_149' title='bbox 1112 1255 1179 1292; x_wconf 84' lang='lat' dir='ltr'><em>alii</em></span> <span class='ocrx_word' id='word_1_150' title='bbox 1214 1256 1403 1292; x_wconf 84' lang='lat' dir='ltr'><em>habentes</em></span> <span class='ocrx_word' id='word_1_151' title='bbox 1441 1255 1779 1292; x_wconf 84' lang='lat' dir='ltr'><em>universalitatem</em></span> 
     </span>
     <span class='ocr_line' id='line_1_19' title="bbox 473 1312 1781 1361; baseline 0.001 -13"><span class='ocrx_word' id='word_1_152' title='bbox 473 1314 672 1349; x_wconf 86' lang='lat' dir='ltr'><em>donorum</em></span> <span class='ocrx_word' id='word_1_153' title='bbox 708 1313 792 1358; x_wconf 81' lang='lat' dir='ltr'><em>Dei,</em></span> <span class='ocrx_word' id='word_1_154' title='bbox 828 1312 904 1349; x_wconf 90' lang='lat' dir='ltr'><em>alie</em></span> <span class='ocrx_word' id='word_1_155' title='bbox 937 1321 1071 1349; x_wconf 82' lang='lat' dir='ltr'><em>autern</em></span> <span class='ocrx_word' id='word_1_156' title='bbox 1105 1322 1197 1349; x_wconf 88' lang='lat' dir='ltr'><em>sunt</em></span> <span class='ocrx_word' id='word_1_157' title='bbox 1230 1313 1410 1349; x_wconf 86' lang='lat' dir='ltr'><em>raciones</em></span> <span class='ocrx_word' id='word_1_158' title='bbox 1444 1312 1485 1349; x_wconf 89' lang='lat' dir='ltr'><em>in</em></span> <span class='ocrx_word' id='word_1_159' title='bbox 1517 1313 1701 1361; x_wconf 81' lang='lat' dir='ltr'><em>quinario</em></span> <span class='ocrx_word' id='word_1_160' title='bbox 1734 1314 1781 1349; x_wconf 83' lang='lat' dir='ltr'><em>de</em></span> 
     </span>
     <span class='ocr_line' id='line_1_20' title="bbox 473 1370 1781 1419; baseline 0 -13"><span class='ocrx_word' id='word_1_161' title='bbox 473 1370 652 1419; x_wconf 89' lang='lat' dir='ltr'><em>quinque</em></span> <span class='ocrx_word' id='word_1_162' title='bbox 685 1371 800 1407; x_wconf 86' lang='lat' dir='ltr'><em>donis</em></span> <span class='ocrx_word' id='word_1_163' title='bbox 824 1370 985 1407; x_wconf 85' lang='lat' dir='ltr'><em>racione</em></span> <span class='ocrx_word' id='word_1_164' title='bbox 1019 1383 1188 1418; x_wconf 83' lang='lat' dir='ltr'><em>quarum</em></span> <span class='ocrx_word' id='word_1_165' title='bbox 1215 1371 1396 1408; x_wconf 89' lang='lat' dir='ltr'><em>Christus</em></span> <span class='ocrx_word' id='word_1_166' title='bbox 1429 1370 1628 1407; x_wconf 87' lang='lat' dir='ltr'><em>subtiliter</em></span> <span class='ocrx_word' id='word_1_167' title='bbox 1651 1371 1781 1419; x_wconf 82' lang='lat' dir='ltr'><em>signat</em></span> 
     </span>
     <span class='ocr_line' id='line_1_21' title="bbox 472 1428 1839 1477; baseline -0.001 -13"><span class='ocrx_word' id='word_1_168' title='bbox 472 1428 548 1465; x_wconf 85' lang='lat' dir='ltr'><em>ista</em></span> <span class='ocrx_word' id='word_1_169' title='bbox 592 1441 663 1476; x_wconf 88' lang='lat' dir='ltr'><em>per</em></span> <span class='ocrx_word' id='word_1_170' title='bbox 710 1428 909 1477; x_wconf 74' lang='lat' dir='ltr'><em>quinque3</em></span> <span class='ocrx_word' id='word_1_171' title='bbox 962 1437 999 1464; x_wconf 91' lang='lat' dir='ltr'><em>et</em></span> <span class='ocrx_word' id='word_1_172' title='bbox 1032 1428 1088 1465; x_wconf 89' lang='lat' dir='ltr'><em>sic</em></span> <span class='ocrx_word' id='word_1_173' title='bbox 1133 1428 1263 1477; x_wconf 82' lang='lat' dir='ltr'><em>signat</em></span> <span class='ocrx_word' id='word_1_174' title='bbox 1296 1441 1366 1476; x_wconf 85' lang='lat' dir='ltr'><em>per</em></span> <span class='ocrx_word' id='word_1_175' title='bbox 1412 1431 1549 1465; x_wconf 81' lang='lat' dir='ltr'><em>decem</em></span> <span class='ocrx_word' id='word_1_176' title='bbox 1583 1428 1781 1465; x_wconf 85' lang='lat' dir='ltr'><em>subtiliter</em></span> <span class='ocrx_word' id='word_1_177' title='bbox 1799 1442 1839 1462; x_wconf 84' lang='lat'><em>20</em></span> 
     </span>
     <span class='ocr_line' id='line_1_22' title="bbox 474 1486 1587 1535; baseline 0.001 -13"><span class='ocrx_word' id='word_1_178' title='bbox 474 1486 628 1535; x_wconf 88' lang='lat' dir='ltr'><em>premia</em></span> <span class='ocrx_word' id='word_1_179' title='bbox 661 1488 871 1523; x_wconf 84' lang='lat' dir='ltr'><em>beatorum</em></span> <span class='ocrx_word' id='word_1_180' title='bbox 906 1495 942 1522; x_wconf 90' lang='lat' dir='ltr'><em>et</em></span> <span class='ocrx_word' id='word_1_181' title='bbox 975 1486 1030 1523; x_wconf 87' lang='lat' dir='ltr'><em>sic</em></span> <span class='ocrx_word' id='word_1_182' title='bbox 1064 1487 1111 1522; x_wconf 87' lang='lat' dir='ltr'><em>de</em></span> <span class='ocrx_word' id='word_1_183' title='bbox 1144 1488 1299 1523; x_wconf 87' lang='lat' dir='ltr'><em>duobus</em></span> <span class='ocrx_word' id='word_1_184' title='bbox 1333 1495 1370 1523; x_wconf 90' lang='lat' dir='ltr'><em>et</em></span> <span class='ocrx_word' id='word_1_185' title='bbox 1403 1495 1587 1535; x_wconf 85' lang='lat' dir='ltr'><em>quatuor.</em></span> 
     </span>
    </p>

    <p class='ocr_par' dir='ltr' id='par_1_5' title="bbox 208 1544 1780 1595">
     <span class='ocr_line' id='line_1_23' title="bbox 208 1544 1780 1595; baseline -0.002 -12"><span class='ocrx_word' id='word_1_186' title='bbox 208 1548 431 1595; x_wconf 49' lang='lat' dir='ltr'><em>(jhrysostqnjz</em></span> <span class='ocrx_word' id='word_1_187' title='bbox 533 1544 802 1581; x_wconf 87' lang='lat' dir='ltr'><em>Crisostomus</em></span> <span class='ocrx_word' id='word_1_188' title='bbox 849 1553 983 1581; x_wconf 85' lang='lat' dir='ltr'><em>autem</em></span> <span class='ocrx_word' id='word_1_189' title='bbox 1029 1557 1149 1592; x_wconf 85' lang='lat' dir='ltr'><em>super</em></span> <span class='ocrx_word' id='word_1_190' title='bbox 1200 1545 1275 1581; x_wconf 85' lang='lat' dir='ltr'><em>isto</em></span> <span class='ocrx_word' id='word_1_191' title='bbox 1328 1553 1435 1580; x_wconf 80' lang='lat' dir='ltr'><em>textu</em></span> <span class='ocrx_word' id='word_1_192' title='bbox 1487 1544 1542 1581; x_wconf 88' lang='lat' dir='ltr'><em>sic</em></span> <span class='ocrx_word' id='word_1_193' title='bbox 1586 1544 1780 1593; x_wconf 88' lang='lat' dir='ltr'><em>loquitur:</em></span> 
     </span>
    </p>

    <p class='ocr_par' dir='ltr' id='par_1_6' title="bbox 219 1583 1782 1653">
     <span class='ocr_line' id='line_1_24' title="bbox 219 1583 1782 1653; baseline 0 -15"><span class='ocrx_word' id='word_1_194' title='bbox 219 1583 425 1644; x_wconf 48' lang='lat' dir='ltr'><em>ngxvzvesetlffist</em></span> <span class='ocrx_word' id='word_1_195' title='bbox 480 1603 606 1639; x_wconf 86' lang='lat' dir='ltr'><em>Homo</em></span> <span class='ocrx_word' id='word_1_196' title='bbox 646 1615 819 1653; x_wconf 78' lang='lat' dir='ltr'><em>peregre</em></span> <span class='ocrx_word' id='word_1_197' title='bbox 857 1602 1065 1651; x_wconf 86' lang='lat' dir='ltr'><em>profectus</em></span> <span class='ocrx_word' id='word_1_198' title='bbox 1102 1603 1280 1638; x_wconf 78' lang='lat' dir='ltr'><em>Christus</em></span> <span class='ocrx_word' id='word_1_199' title='bbox 1324 1610 1390 1648; x_wconf 85' lang='lat' dir='ltr'><em>est,</em></span> <span class='ocrx_word' id='word_1_200' title='bbox 1439 1610 1529 1652; x_wconf 89' lang='lat' dir='ltr'><em>post</em></span> <span class='ocrx_word' id='word_1_201' title='bbox 1581 1602 1782 1638; x_wconf 77' lang='lat' dir='ltr'><em>victoriam</em></span> 
     </span>
    </p>

    <p class='ocr_par' dir='ltr' id='par_1_7' title="bbox 253 1652 1785 1709">
     <span class='ocr_line' id='line_1_25' title="bbox 253 1652 1785 1709; baseline -0.001 -12"><span class='ocrx_word' id='word_1_202' title='bbox 253 1652 383 1679; x_wconf 78' lang='lat' dir='ltr'><em>faithful.</em></span> <span class='ocrx_word' id='word_1_203' title='bbox 469 1660 661 1709; x_wconf 88' lang='lat' dir='ltr'><em>passionis</em></span> <span class='ocrx_word' id='word_1_204' title='bbox 692 1661 743 1696; x_wconf 90' lang='lat' dir='ltr'><em>ad</em></span> <span class='ocrx_word' id='word_1_205' title='bbox 769 1667 924 1709; x_wconf 88' lang='lat' dir='ltr'><em>patrem</em></span> <span class='ocrx_word' id='word_1_206' title='bbox 958 1660 1095 1697; x_wconf 88' lang='lat' dir='ltr'><em>iturus.</em></span> <span class='ocrx_word' id='word_1_207' title='bbox 1127 1661 1328 1696; x_wconf 83' lang='lat' dir='ltr'><em>Voluntate</em></span> <span class='ocrx_word' id='word_1_208' title='bbox 1360 1661 1624 1697; x_wconf 86' lang='lat' dir='ltr'><em>misericordie</em></span> <span class='ocrx_word' id='word_1_209' title='bbox 1645 1661 1785 1709; x_wconf 82' lang='lat' dir='ltr'><em>factus</em></span> 
     </span>
    </p>

    <p class='ocr_par' dir='ltr' id='par_1_8' title="bbox 467 1718 1841 2462">
     <span class='ocr_line' id='line_1_26' title="bbox 474 1718 1839 1765; baseline 0 -12"><span class='ocrx_word' id='word_1_210' title='bbox 474 1726 528 1754; x_wconf 88' lang='lat' dir='ltr'><em>est</em></span> <span class='ocrx_word' id='word_1_211' title='bbox 571 1720 696 1765; x_wconf 78' lang='lat' dir='ltr'><em>lzomo,</em></span> <span class='ocrx_word' id='word_1_212' title='bbox 750 1731 822 1754; x_wconf 87' lang='lat' dir='ltr'><em>non</em></span> <span class='ocrx_word' id='word_1_213' title='bbox 868 1718 1089 1754; x_wconf 87' lang='lat' dir='ltr'><em>necessitate</em></span> <span class='ocrx_word' id='word_1_214' title='bbox 1140 1726 1287 1754; x_wconf 87' lang='lat' dir='ltr'><em>nature.</em></span> <span class='ocrx_word' id='word_1_215' title='bbox 1353 1718 1606 1754; x_wconf 84' lang='lat' dir='ltr'><em>Commendat</em></span> <span class='ocrx_word' id='word_1_216' title='bbox 1656 1721 1839 1754; x_wconf 75' lang='lat' dir='ltr'><em>autem25</em></span> 
     </span>
     <span class='ocr_line' id='line_1_27' title="bbox 479 1775 1784 1825; baseline 0 -14"><span class='ocrx_word' id='word_1_217' title='bbox 479 1776 657 1812; x_wconf 81' lang='lat' dir='ltr'><em>Christus</em></span> <span class='ocrx_word' id='word_1_218' title='bbox 705 1776 948 1812; x_wconf 87' lang='lat' dir='ltr'><em>dileccionem</em></span> <span class='ocrx_word' id='word_1_219' title='bbox 992 1788 1101 1812; x_wconf 89' lang='lat' dir='ltr'><em>suam</em></span> <span class='ocrx_word' id='word_1_220' title='bbox 1140 1788 1253 1825; x_wconf 87' lang='lat' dir='ltr'><em>quam</em></span> <span class='ocrx_word' id='word_1_221' title='bbox 1299 1777 1411 1812; x_wconf 81' lang='lat' dir='ltr'><em>hahet</em></span> <span class='ocrx_word' id='word_1_222' title='bbox 1450 1776 1484 1811; x_wconf 86' lang='lat' dir='ltr'><em>in</em></span> <span class='ocrx_word' id='word_1_223' title='bbox 1517 1775 1670 1812; x_wconf 82' lang='lat' dir='ltr'><em>sanctis.</em></span> <span class='ocrx_word' id='word_1_224' title='bbox 1723 1776 1784 1811; x_wconf 88' lang='lat' dir='ltr'><em>Ad</em></span> 
     </span>
     <span class='ocr_line' id='line_1_28' title="bbox 472 1834 1781 1884; baseline 0 -15"><span class='ocrx_word' id='word_1_225' title='bbox 472 1846 595 1884; x_wconf 87' lang='lat' dir='ltr'><em>regna</em></span> <span class='ocrx_word' id='word_1_226' title='bbox 628 1842 753 1869; x_wconf 85' lang='lat' dir='ltr'><em>autem</em></span> <span class='ocrx_word' id='word_1_227' title='bbox 788 1834 941 1870; x_wconf 86' lang='lat' dir='ltr'><em>celestia</em></span> <span class='ocrx_word' id='word_1_228' title='bbox 974 1846 1205 1870; x_wconf 87' lang='lat' dir='ltr'><em>ascensurus</em></span> <span class='ocrx_word' id='word_1_229' title='bbox 1237 1842 1271 1870; x_wconf 88' lang='lat' dir='ltr'><em>et</em></span> <span class='ocrx_word' id='word_1_230' title='bbox 1302 1835 1353 1869; x_wconf 88' lang='lat' dir='ltr'><em>ad</em></span> <span class='ocrx_word' id='word_1_231' title='bbox 1380 1841 1536 1882; x_wconf 88' lang='lat' dir='ltr'><em>patrem</em></span> <span class='ocrx_word' id='word_1_232' title='bbox 1568 1846 1676 1870; x_wconf 90' lang='lat' dir='ltr'><em>suum</em></span> <span class='ocrx_word' id='word_1_233' title='bbox 1711 1834 1781 1869; x_wconf 88' lang='lat' dir='ltr'><em>itu-</em></span> 
     </span>
     <span class='ocr_line' id='line_1_29' title="bbox 473 1892 1784 1941; baseline 0.001 -15"><span class='ocrx_word' id='word_1_234' title='bbox 473 1904 539 1927; x_wconf 87' lang='lat' dir='ltr'><em>rus</em></span> <span class='ocrx_word' id='word_1_235' title='bbox 572 1893 670 1927; x_wconf 87' lang='lat' dir='ltr'><em>unde</em></span> <span class='ocrx_word' id='word_1_236' title='bbox 703 1893 966 1928; x_wconf 87' lang='lat' dir='ltr'><em>descenderat.</em></span> <span class='ocrx_word' id='word_1_237' title='bbox 1014 1892 1188 1941; x_wconf 84' lang='lat' dir='ltr'><em>Peregre</em></span> <span class='ocrx_word' id='word_1_238' title='bbox 1219 1905 1259 1927; x_wconf 89' lang='lat' dir='ltr'><em>se</em></span> <span class='ocrx_word' id='word_1_239' title='bbox 1291 1892 1432 1927; x_wconf 84' lang='lat' dir='ltr'><em>iturum</em></span> <span class='ocrx_word' id='word_1_240' title='bbox 1468 1892 1570 1936; x_wconf 82' lang='lat' dir='ltr'><em>dicit,</em></span> <span class='ocrx_word' id='word_1_241' title='bbox 1618 1899 1784 1940; x_wconf 86' lang='lat' dir='ltr'><em>propter</em></span> 
     </span>
     <span class='ocr_line' id='line_1_30' title="bbox 472 1949 1784 1999; baseline -0.001 -14"><span class='ocrx_word' id='word_1_242' title='bbox 472 1950 677 1986; x_wconf 86' lang='lat' dir='ltr'><em>caritatem</em></span> <span class='ocrx_word' id='word_1_243' title='bbox 701 1957 923 1986; x_wconf 88' lang='lat' dir='ltr'><em>sanctorum</em></span> <span class='ocrx_word' id='word_1_244' title='bbox 957 1961 1049 1997; x_wconf 89' lang='lat' dir='ltr'><em>quos</em></span> <span class='ocrx_word' id='word_1_245' title='bbox 1072 1949 1283 1998; x_wconf 81' lang='lat' dir='ltr'><em>reliquerat</em></span> <span class='ocrx_word' id='word_1_246' title='bbox 1314 1950 1350 1985; x_wconf 88' lang='lat' dir='ltr'><em>in</em></span> <span class='ocrx_word' id='word_1_247' title='bbox 1374 1950 1504 1995; x_wconf 80' lang='lat' dir='ltr'><em>terris,</em></span> <span class='ocrx_word' id='word_1_248' title='bbox 1537 1961 1621 1984; x_wconf 89' lang='lat' dir='ltr'><em>cum</em></span> <span class='ocrx_word' id='word_1_249' title='bbox 1656 1949 1784 1999; x_wconf 90' lang='lat' dir='ltr'><em>magis</em></span> 
     </span>
     <span class='ocr_line' id='line_1_31' title="bbox 467 2007 1841 2057; baseline -0.003 -14"><span class='ocrx_word' id='word_1_250' title='bbox 467 2019 640 2057; x_wconf 84' lang='lat' dir='ltr'><em>peregre</em></span> <span class='ocrx_word' id='word_1_251' title='bbox 662 2015 758 2043; x_wconf 90' lang='lat' dir='ltr'><em>esset</em></span> <span class='ocrx_word' id='word_1_252' title='bbox 780 2008 815 2043; x_wconf 90' lang='lat' dir='ltr'><em>in</em></span> <span class='ocrx_word' id='word_1_253' title='bbox 839 2008 994 2054; x_wconf 85' lang='lat' dir='ltr'><em>mundo,</em></span> <span class='ocrx_word' id='word_1_254' title='bbox 1025 2007 1123 2043; x_wconf 87' lang='lat' dir='ltr'><em>sicut</em></span> <span class='ocrx_word' id='word_1_255' title='bbox 1155 2008 1234 2056; x_wconf 89' lang='lat' dir='ltr'><em>ipse</em></span> <span class='ocrx_word' id='word_1_256' title='bbox 1266 2014 1440 2056; x_wconf 76' lang='lat' dir='ltr'><em>testatur,</em></span> <span class='ocrx_word' id='word_1_257' title='bbox 1475 2007 1621 2043; x_wconf 87' lang='lat' dir='ltr'><em>dicens:</em></span> <span class='ocrx_word' id='word_1_258' title='bbox 1653 2007 1782 2043; x_wconf 88' lang='lat' dir='ltr'><em>Incola</em></span> <span class='ocrx_word' id='word_1_259' title='bbox 1800 2009 1841 2042; x_wconf 76' lang='lat'><em>30</em></span> 
     </span>
     <span class='ocr_line' id='line_1_32' title="bbox 472 2064 1782 2115; baseline -0.001 -15"><span class='ocrx_word' id='word_1_260' title='bbox 472 2065 569 2101; x_wconf 86' lang='lat' dir='ltr'><em>enim</em></span> <span class='ocrx_word' id='word_1_261' title='bbox 603 2077 675 2115; x_wconf 88' lang='lat' dir='ltr'><em>ego</em></span> <span class='ocrx_word' id='word_1_262' title='bbox 708 2077 791 2101; x_wconf 86' lang='lat' dir='ltr'><em>sum</em></span> <span class='ocrx_word' id='word_1_263' title='bbox 825 2066 860 2100; x_wconf 89' lang='lat' dir='ltr'><em>in</em></span> <span class='ocrx_word' id='word_1_264' title='bbox 893 2073 1002 2101; x_wconf 89' lang='lat' dir='ltr'><em>terra</em></span> <span class='ocrx_word' id='word_1_265' title='bbox 1046 2066 1151 2114; x_wconf 89' lang='lat' dir='ltr'><em>apud</em></span> <span class='ocrx_word' id='word_1_266' title='bbox 1182 2073 1229 2101; x_wconf 91' lang='lat' dir='ltr'><em>te.</em></span> <span class='ocrx_word' id='word_1_267' title='bbox 1289 2066 1453 2109; x_wconf 81' lang='lat' dir='ltr'><em>Quando</em></span> <span class='ocrx_word' id='word_1_268' title='bbox 1486 2065 1582 2100; x_wconf 88' lang='lat' dir='ltr'><em>enim</em></span> <span class='ocrx_word' id='word_1_269' title='bbox 1617 2064 1715 2100; x_wconf 81' lang='lat' dir='ltr'><em>venit</em></span> <span class='ocrx_word' id='word_1_270' title='bbox 1747 2065 1782 2100; x_wconf 89' lang='lat' dir='ltr'><em>in</em></span> 
     </span>
     <span class='ocr_line' id='line_1_33' title="bbox 472 2122 1784 2173; baseline -0.001 -15"><span class='ocrx_word' id='word_1_271' title='bbox 472 2124 654 2158; x_wconf 87' lang='lat' dir='ltr'><em>mundum</em></span> <span class='ocrx_word' id='word_1_272' title='bbox 698 2124 808 2159; x_wconf 86' lang='lat' dir='ltr'><em>Jesus</em></span> <span class='ocrx_word' id='word_1_273' title='bbox 851 2123 976 2158; x_wconf 81' lang='lat' dir='ltr'><em>adhuc</em></span> <span class='ocrx_word' id='word_1_274' title='bbox 1004 2123 1243 2173; x_wconf 86' lang='lat' dir='ltr'><em>peregrinus</em></span> <span class='ocrx_word' id='word_1_275' title='bbox 1286 2130 1385 2169; x_wconf 79' lang='lat' dir='ltr'><em>erat,</em></span> <span class='ocrx_word' id='word_1_276' title='bbox 1424 2122 1608 2158; x_wconf 84' lang='lat' dir='ltr'><em>neminem</em></span> <span class='ocrx_word' id='word_1_277' title='bbox 1642 2122 1784 2158; x_wconf 83' lang='lat' dir='ltr'><em>habens</em></span> 
     </span>
     <span class='ocr_line' id='line_1_34' title="bbox 471 2180 1783 2229; baseline -0.002 -13"><span class='ocrx_word' id='word_1_278' title='bbox 471 2181 532 2216; x_wconf 90' lang='lat' dir='ltr'><em>sui</em></span> <span class='ocrx_word' id='word_1_279' title='bbox 561 2181 723 2217; x_wconf 88' lang='lat' dir='ltr'><em>nominis</em></span> <span class='ocrx_word' id='word_1_280' title='bbox 755 2181 1040 2229; x_wconf 87' lang='lat' dir='ltr'><em>confessorem;</em></span> <span class='ocrx_word' id='word_1_281' title='bbox 1086 2188 1290 2229; x_wconf 80' lang='lat' dir='ltr'><em>postquam</em></span> <span class='ocrx_word' id='word_1_282' title='bbox 1324 2188 1449 2216; x_wconf 87' lang='lat' dir='ltr'><em>autem</em></span> <span class='ocrx_word' id='word_1_283' title='bbox 1484 2180 1691 2229; x_wconf 90' lang='lat' dir='ltr'><em>discipulos</em></span> <span class='ocrx_word' id='word_1_284' title='bbox 1721 2192 1783 2215; x_wconf 88' lang='lat' dir='ltr'><em>ac-</em></span> 
     </span>
     <span class='ocr_line' id='line_1_35' title="bbox 472 2237 1784 2288; baseline -0.002 -14"><span class='ocrx_word' id='word_1_285' title='bbox 472 2238 624 2286; x_wconf 78' lang='lat' dir='ltr'><em>quisivit</em></span> <span class='ocrx_word' id='word_1_286' title='bbox 670 2239 745 2274; x_wconf 89' lang='lat' dir='ltr'><em>iam</em></span> <span class='ocrx_word' id='word_1_287' title='bbox 786 2239 1077 2288; x_wconf 86' lang='lat' dir='ltr'><em>paterfamilias</em></span> <span class='ocrx_word' id='word_1_288' title='bbox 1108 2246 1205 2284; x_wconf 87' lang='lat' dir='ltr'><em>erat,</em></span> <span class='ocrx_word' id='word_1_289' title='bbox 1259 2246 1293 2274; x_wconf 91' lang='lat' dir='ltr'><em>et</em></span> <span class='ocrx_word' id='word_1_290' title='bbox 1337 2239 1420 2274; x_wconf 92' lang='lat' dir='ltr'><em>ideo</em></span> <span class='ocrx_word' id='word_1_291' title='bbox 1456 2237 1705 2287; x_wconf 88' lang='lat' dir='ltr'><em>proficiscens</em></span> <span class='ocrx_word' id='word_1_292' title='bbox 1737 2238 1784 2273; x_wconf 92' lang='lat' dir='ltr'><em>de</em></span> 
     </span>
     <span class='ocr_line' id='line_1_36' title="bbox 473 2295 1838 2346; baseline -0.001 -15"><span class='ocrx_word' id='word_1_293' title='bbox 473 2297 613 2332; x_wconf 89' lang='lat' dir='ltr'><em>mundo</em></span> <span class='ocrx_word' id='word_1_294' title='bbox 641 2309 813 2346; x_wconf 86' lang='lat' dir='ltr'><em>peregre</em></span> <span class='ocrx_word' id='word_1_295' title='bbox 839 2296 1175 2346; x_wconf 85' lang='lat' dir='ltr'><em>proficiscebatur.</em></span> <span class='ocrx_word' id='word_1_296' title='bbox 1223 2296 1285 2332; x_wconf 90' lang='lat' dir='ltr'><em>Vis</em></span> <span class='ocrx_word' id='word_1_297' title='bbox 1316 2303 1442 2331; x_wconf 84' lang='lat' dir='ltr'><em>autem</em></span> <span class='ocrx_word' id='word_1_298' title='bbox 1471 2295 1570 2331; x_wconf 89' lang='lat' dir='ltr'><em>scire</em></span> <span class='ocrx_word' id='word_1_299' title='bbox 1600 2302 1781 2344; x_wconf 87' lang='lat' dir='ltr'><em>quantum</em></span> <span class='ocrx_word' id='word_1_300' title='bbox 1800 2296 1838 2329; x_wconf 76' lang='lat'><em>35</em></span> 
     </span>
     <span class='ocr_line' id='line_1_37' title="bbox 474 2354 1782 2404; baseline 0 -16"><span class='ocrx_word' id='word_1_301' title='bbox 474 2354 603 2404; x_wconf 84' lang='lat' dir='ltr'><em>diligit</em></span> <span class='ocrx_word' id='word_1_302' title='bbox 626 2355 732 2390; x_wconf 87' lang='lat' dir='ltr'><em>Deus</em></span> <span class='ocrx_word' id='word_1_303' title='bbox 752 2354 896 2403; x_wconf 86' lang='lat' dir='ltr'><em>fideles</em></span> <span class='ocrx_word' id='word_1_304' title='bbox 927 2354 1046 2390; x_wconf 78' lang='lat' dir='ltr'><em>suos?</em></span> <span class='ocrx_word' id='word_1_305' title='bbox 1091 2354 1303 2390; x_wconf 88' lang='lat' dir='ltr'><em>Considera</em></span> <span class='ocrx_word' id='word_1_306' title='bbox 1337 2354 1427 2402; x_wconf 90' lang='lat' dir='ltr'><em>quid</em></span> <span class='ocrx_word' id='word_1_307' title='bbox 1453 2365 1594 2402; x_wconf 82' lang='lat' dir='ltr'><em>passus</em></span> <span class='ocrx_word' id='word_1_308' title='bbox 1626 2360 1679 2388; x_wconf 91' lang='lat' dir='ltr'><em>est</em></span> <span class='ocrx_word' id='word_1_309' title='bbox 1707 2365 1782 2401; x_wconf 92' lang='lat' dir='ltr'><em>pro</em></span> 
     </span>
     <span class='ocr_line' id='line_1_38' title="bbox 472 2405 1785 2462; baseline -0.001 -16"><span class='ocrx_word' id='word_1_310' title='bbox 472 2405 559 2449; x_wconf 86' lang='lat' dir='ltr'><em>illis.</em></span> <span class='ocrx_word' id='word_1_311' title='bbox 596 2412 638 2447; x_wconf 82' lang='lat' dir='ltr'><em>Si</em></span> <span class='ocrx_word' id='word_1_312' title='bbox 668 2412 798 2462; x_wconf 88' lang='lat' dir='ltr'><em>magis</em></span> <span class='ocrx_word' id='word_1_313' title='bbox 830 2424 940 2460; x_wconf 86' lang='lat' dir='ltr'><em>quam</em></span> <span class='ocrx_word' id='word_1_314' title='bbox 973 2412 1145 2461; x_wconf 86' lang='lat' dir='ltr'><em>gloriam</em></span> <span class='ocrx_word' id='word_1_315' title='bbox 1179 2424 1287 2448; x_wconf 86' lang='lat' dir='ltr'><em>suam</em></span> <span class='ocrx_word' id='word_1_316' title='bbox 1321 2412 1408 2447; x_wconf 93' lang='lat' dir='ltr'><em>illos</em></span> <span class='ocrx_word' id='word_1_317' title='bbox 1439 2410 1642 2455; x_wconf 76' lang='lat' dir='ltr'><em>amaverit,</em></span> <span class='ocrx_word' id='word_1_318' title='bbox 1676 2410 1785 2459; x_wconf 82' lang='lat' dir='ltr'><em>quasi</em></span> 
     </span>
    </p>
   </div>
   <div class='ocr_carea' id='block_1_3' title="bbox 470 2601 1782 2741">
    <p class='ocr_par' dir='ltr' id='par_1_9' title="bbox 470 2601 1782 2741">
     <span class='ocr_line' id='line_1_39' title="bbox 543 2601 1782 2638; baseline -0.002 -8"><span class='ocrx_word' id='word_1_319' title='bbox 543 2612 570 2638; x_wconf 71' lang='grc' dir='ltr'><em>ς).</em></span> <span class='ocrx_word' id='word_1_320' title='bbox 594 2603 680 2630; x_wconf 90' lang='lat' dir='ltr'><em>Codd</em></span> <span class='ocrx_word' id='word_1_321' title='bbox 699 2617 703 2630; x_wconf 90' lang='lat'>:</span> <span class='ocrx_word' id='word_1_322' title='bbox 730 2612 831 2631; x_wconf 80' lang='lat' dir='ltr'><em>sensus</em></span> <span class='ocrx_word' id='word_1_323' title='bbox 851 2604 945 2630; x_wconf 86' lang='lat' dir='ltr'><em>deest.</em></span> <span class='ocrx_word' id='word_1_324' title='bbox 1012 2611 1049 2630; x_wconf 83' lang='lat'><em>12.</em></span> <span class='ocrx_word' id='word_1_325' title='bbox 1072 2604 1099 2629; x_wconf 87' lang='lat' dir='ltr'><strong>A</strong></span> <span class='ocrx_word' id='word_1_326' title='bbox 1119 2603 1147 2630; x_wconf 84' lang='lat' dir='ltr'><em>in</em></span> <span class='ocrx_word' id='word_1_327' title='bbox 1171 2610 1284 2638; x_wconf 60' lang='lat' dir='ltr'><em>marg:</em></span> <span class='ocrx_word' id='word_1_328' title='bbox 1304 2601 1470 2629; x_wconf 73' lang='lat' dir='ltr'><em>lohannes.</em></span> <span class='ocrx_word' id='word_1_329' title='bbox 1546 2610 1585 2634; x_wconf 73' lang='lat'><em>14·</em></span> <span class='ocrx_word' id='word_1_330' title='bbox 1616 2602 1659 2628; x_wconf 84' lang='lat' dir='ltr'><em>A:</em></span> <span class='ocrx_word' id='word_1_331' title='bbox 1686 2601 1782 2628; x_wconf 86' lang='lat' dir='ltr'><em>talen-</em></span> 
     </span>
     <span class='ocr_line' id='line_1_40' title="bbox 472 2635 1779 2671; baseline -0.002 -6"><span class='ocrx_word' id='word_1_332' title='bbox 472 2641 534 2665; x_wconf 81' lang='lat' dir='ltr'><em>tum</em></span> <span class='ocrx_word' id='word_1_333' title='bbox 554 2638 650 2665; x_wconf 81' lang='lat' dir='ltr'><em>nobis.</em></span> <span class='ocrx_word' id='word_1_334' title='bbox 735 2646 778 2666; x_wconf 82' lang='lat'><em>22.</em></span> <span class='ocrx_word' id='word_1_335' title='bbox 804 2639 833 2665; x_wconf 83' lang='lat' dir='ltr'><strong>A</strong></span> <span class='ocrx_word' id='word_1_336' title='bbox 854 2638 1001 2671; x_wconf 77' lang='lat' dir='ltr'><em>inmarg.:</em></span> <span class='ocrx_word' id='word_1_337' title='bbox 1024 2637 1239 2664; x_wconf 82' lang='lat' dir='ltr'><em>Crisostomus.</em></span> <span class='ocrx_word' id='word_1_338' title='bbox 1312 2635 1355 2663; x_wconf 76' lang='lat'><em>23.</em></span> <span class='ocrx_word' id='word_1_339' title='bbox 1377 2637 1415 2663; x_wconf 68' lang='lat'><em>15:</em></span> <span class='ocrx_word' id='word_1_340' title='bbox 1438 2639 1483 2663; x_wconf 83' lang='lat' dir='ltr'><em>est</em></span> <span class='ocrx_word' id='word_1_341' title='bbox 1501 2636 1593 2663; x_wconf 80' lang='lat' dir='ltr'><em>deest.</em></span> <span class='ocrx_word' id='word_1_342' title='bbox 1673 2643 1720 2668; x_wconf 75' lang='lat'><em>²4·</em></span> <span class='ocrx_word' id='word_1_343' title='bbox 1743 2635 1779 2662; x_wconf 86' lang='lat' dir='ltr'><em>B:</em></span> 
     </span>
     <span class='ocr_line' id='line_1_41' title="bbox 470 2669 1780 2707; baseline -0.003 -7"><span class='ocrx_word' id='word_1_344' title='bbox 470 2673 616 2707; x_wconf 81' lang='lat' dir='ltr'><em>patriam.</em></span> <span class='ocrx_word' id='word_1_345' title='bbox 726 2673 770 2700; x_wconf 82' lang='lat'><em>26.</em></span> <span class='ocrx_word' id='word_1_346' title='bbox 800 2674 843 2700; x_wconf 83' lang='lat' dir='ltr'><em>A:</em></span> <span class='ocrx_word' id='word_1_347' title='bbox 865 2680 884 2699; x_wconf 86' lang='lat' dir='ltr'><em>a</em></span> <span class='ocrx_word' id='word_1_348' title='bbox 905 2673 1028 2699; x_wconf 80' lang='lat' dir='ltr'><em>sanctiS.</em></span> <span class='ocrx_word' id='word_1_349' title='bbox 1145 2670 1190 2698; x_wconf 70' lang='lat'><em>30.</em></span> <span class='ocrx_word' id='word_1_350' title='bbox 1212 2673 1254 2698; x_wconf 90' lang='lat' dir='ltr'><em>A:</em></span> <span class='ocrx_word' id='word_1_351' title='bbox 1281 2678 1419 2706; x_wconf 72' lang='lat' dir='ltr'><em>peregre</em></span> <span class='ocrx_word' id='word_1_352' title='bbox 1448 2671 1547 2701; x_wconf 74' lang='lat' dir='ltr'><em>deest:</em></span> <span class='ocrx_word' id='word_1_353' title='bbox 1579 2670 1599 2696; x_wconf 80' lang='grc' dir='ltr'>Β</span> <span class='ocrx_word' id='word_1_354' title='bbox 1627 2669 1655 2696; x_wconf 89' lang='lat' dir='ltr'><em>in</em></span> <span class='ocrx_word' id='word_1_355' title='bbox 1684 2678 1780 2704; x_wconf 69' lang='lat' dir='ltr'><em>marg.</em></span> 
     </span>
     <span class='ocr_line' id='line_1_42' title="bbox 473 2703 1779 2741; baseline -0.003 -7"><span class='ocrx_word' id='word_1_356' title='bbox 473 2708 567 2735; x_wconf 72' lang='lat' dir='ltr'><em>addit.</em></span> <span class='ocrx_word' id='word_1_357' title='bbox 672 2707 709 2735; x_wconf 76' lang='lat'><em>31.</em></span> <span class='ocrx_word' id='word_1_358' title='bbox 731 2709 775 2734; x_wconf 88' lang='lat' dir='ltr'><em>A:</em></span> <span class='ocrx_word' id='word_1_359' title='bbox 796 2708 875 2734; x_wconf 77' lang='lat' dir='ltr'><em>enim</em></span> <span class='ocrx_word' id='word_1_360' title='bbox 897 2707 998 2734; x_wconf 78' lang='lat' dir='ltr'><em>before</em></span> <span class='ocrx_word' id='word_1_361' title='bbox 1018 2714 1076 2741; x_wconf 73' lang='lat' dir='ltr'><em>ego</em></span> <span class='ocrx_word' id='word_1_362' title='bbox 1098 2707 1191 2733; x_wconf 80' lang='lat' dir='ltr'><em>deest.</em></span> <span class='ocrx_word' id='word_1_363' title='bbox 1291 2704 1333 2733; x_wconf 81' lang='lat'><em>33.</em></span> <span class='ocrx_word' id='word_1_364' title='bbox 1354 2708 1397 2733; x_wconf 85' lang='lat' dir='ltr'><em>A:</em></span> <span class='ocrx_word' id='word_1_365' title='bbox 1426 2705 1556 2732; x_wconf 83' lang='lat' dir='ltr'><em>nominis</em></span> <span class='ocrx_word' id='word_1_366' title='bbox 1582 2703 1779 2740; x_wconf 71' lang='lat' dir='ltr'><em>conformem.</em></span> 
     </span>
    </p>
   </div>
   <div class='ocr_carea' id='block_1_4' title="bbox 473 2787 1779 2879">
    <p class='ocr_par' dir='ltr' id='par_1_10' title="bbox 473 2787 1779 2879">
     <span class='ocr_line' id='line_1_43' title="bbox 545 2787 1779 2830; baseline -0.003 -8"><span class='ocrx_word' id='word_1_367' title='bbox 545 2792 573 2823; x_wconf 76' lang='lat'><em>3.</em></span> <span class='ocrx_word' id='word_1_368' title='bbox 603 2792 623 2821; x_wconf 91' lang='lat' dir='ltr'><em>I.</em></span> <span class='ocrx_word' id='word_1_369' title='bbox 653 2791 731 2821; x_wconf 82' lang='lat' dir='ltr'><em>Cor.</em></span> <span class='ocrx_word' id='word_1_370' title='bbox 760 2791 811 2830; x_wconf 86' lang='lat' dir='ltr'><em>III7</em></span> <span class='ocrx_word' id='word_1_371' title='bbox 845 2801 868 2820; x_wconf 87' lang='grc' dir='ltr'><em>ι.</em></span> <span class='ocrx_word' id='word_1_372' title='bbox 993 2789 1023 2820; x_wconf 79' lang='grc'><em>6.</em></span> <span class='ocrx_word' id='word_1_373' title='bbox 1052 2790 1072 2820; x_wconf 85' lang='lat'><em>1.</em></span> <span class='ocrx_word' id='word_1_374' title='bbox 1102 2790 1180 2820; x_wconf 86' lang='lat' dir='ltr'><em>Cor.</em></span> <span class='ocrx_word' id='word_1_375' title='bbox 1208 2789 1294 2819; x_wconf 89' lang='lat' dir='ltr'><em>XIV.</em></span> <span class='ocrx_word' id='word_1_376' title='bbox 1421 2789 1471 2821; x_wconf 72' lang='lat'><em>23⁷.</em></span> <span class='ocrx_word' id='word_1_377' title='bbox 1500 2790 1566 2829; x_wconf 79' lang='lat' dir='ltr'><em>Op.</em></span> <span class='ocrx_word' id='word_1_378' title='bbox 1593 2788 1677 2829; x_wconf 84' lang='lat' dir='ltr'><em>Imp.</em></span> <span class='ocrx_word' id='word_1_379' title='bbox 1706 2787 1724 2818; x_wconf 95' lang='lat' dir='ltr'><em>I.</em></span> <span class='ocrx_word' id='word_1_380' title='bbox 1752 2798 1779 2818; x_wconf 86' lang='lat' dir='ltr'><em>c.</em></span> 
     </span>
     <span class='ocr_line' id='line_1_44' title="bbox 473 2835 1353 2879; baseline -0.003 -12"><span class='ocrx_word' id='word_1_381' title='bbox 473 2847 548 2877; x_wconf 67' lang='lat' dir='ltr'><em>pag.</em></span> <span class='ocrx_word' id='word_1_382' title='bbox 592 2836 786 2879; x_wconf 56' lang='lat'><em>‹363—964.</em></span> <span class='ocrx_word' id='word_1_383' title='bbox 884 2837 936 2869; x_wconf 73' lang='lat'><em>30.</em></span> <span class='ocrx_word' id='word_1_384' title='bbox 964 2836 1090 2866; x_wconf 80' lang='lat' dir='ltr'><em>Psalm.</em></span> <span class='ocrx_word' id='word_1_385' title='bbox 1119 2835 1270 2873; x_wconf 78' lang='lat' dir='ltr'>CXVIII,</span> <span class='ocrx_word' id='word_1_386' title='bbox 1305 2846 1353 2877; x_wconf 60' lang='grc' dir='ltr'><em>ιι).</em></span> 
     </span>
    </p>
   </div>
  </div>
 </body>
</html>
