1986 3289
162 557 177 588 5

143 858 178 877 10

140 1129 173 1161 15

137 1429 178 1449 20

137 1726 175 1748 23

131 2586 175 2617 40

196 211 283 239 CAP.
305 203 398 256 Lx1.]
565 215 623 246 DE
651 214 965 246 ANTicfflusTo
995 215 1077 245 ΜΒ.
1106 214 1128 245 1.

193 320 296 357 viam
332 320 577 357 contrariam
613 328 805 368 ponentes
844 319 998 356 animas
1030 332 1121 356 suas
1153 333 1226 368 pro
1258 321 1385 356 salute
1417 322 1506 356 bea-

194 369 304 414 tifica
337 378 468 414 anime
499 378 763 423 subditorum,
799 377 854 413 illi
888 378 1049 426 inquam
1086 386 1176 414 sunt
1208 377 1309 414 servi
1343 377 1436 414 boni
1470 387 1507 413 et

195 436 343 481 fideles,
378 437 593 484 prudentes
626 444 662 472 et
697 435 909 483 sapientes,
945 437 992 472 de
1026 435 1171 483 quibus
1203 435 1298 472 facit
1339 447 1506 483 evange-

194 493 291 529 lium
327 493 591 531 mencionem.
654 493 777 529 Radix
810 502 943 529 autem
989 493 1101 529 istius
1148 493 1306 530 malicie
1350 492 1507 529 videtur

194 552 434 599 quibusdam
481 563 563 587 esse
611 552 784 599 superba
831 550 1029 598 cupiditas
1065 551 1239 587 Romani
1282 550 1505 599 pontificis3

195 611 243 645 ad
297 611 406 657 quod
451 608 685 656 supradicta
732 608 889 656 expedit
942 609 1146 645 racionem
1195 610 1342 645 addere
1388 608 1505 644 huius

195 667 333 704 sancti.
367 668 507 703 Nullus
532 666 637 703 enim
663 666 817 702 villicus
841 667 997 702 laborat
1031 679 1114 703 esse
1137 666 1355 703 officiarius
1387 666 1506 702 nimis

195 725 328 761 multis
362 725 522 772 populis
555 737 655 772 quos
689 723 861 761 nesciret
896 736 1031 772 regere
1072 725 1133 761 vel
1166 726 1217 761 ad
1250 724 1413 760 Domini
1446 723 1506 760 sui

193 782 368 818 officium
404 782 646 830 mancipare.
702 783 801 818 Cum
852 794 946 829 ergo
986 795 1090 830 papa
1122 782 1248 818 nescit
1281 782 1337 818 sic
1371 794 1507 830 regere

194 848 324 877 totum
359 840 718 884 christianismum,
763 840 918 876 videtur
951 841 1057 888 quod
1093 839 1142 876 sit
1175 839 1384 876 luciferina
1418 852 1506 887 pre-

195 897 377 945 sumpcio
429 897 611 945 accipere
656 910 775 945 super
809 910 848 934 se
881 906 1038 933 tantum
1073 897 1267 935 officium.
1322 898 1505 934 Christus

194 955 299 991 enim
333 955 406 991 fuit
438 957 485 992 de
519 955 751 1003 episcopatu
776 955 905 1003 gentis
934 955 1098 992 Judaice
1132 964 1399 1001 contentatus,
1434 968 1506 992 nec

193 1013 337 1061 aliquis
389 1014 595 1061 apostolus
628 1012 784 1061 accepit
817 1025 936 1061 super
969 1026 1009 1049 se
1053 1026 1200 1050 nomen
1240 1022 1413 1061 papatus
1445 1013 1507 1049 vel

191 1071 281 1107 talis
314 1070 534 1119 regiminis,
571 1072 638 1107 sed
672 1083 811 1107 omnes
845 1070 1014 1107 confessi
1047 1080 1139 1107 sunt
1171 1084 1211 1107 se
1246 1083 1329 1107 esse
1362 1071 1505 1116 socios,

192 1138 229 1164 et
262 1137 418 1165 tantum
452 1129 706 1176 profecerunt
739 1130 958 1165 secundum
984 1129 1132 1165 Christi
1164 1130 1345 1177 regulam
1380 1141 1505 1177 quan-

192 1195 277 1222 tum
312 1186 449 1223 docuit
493 1186 590 1222 fides
635 1186 831 1234 scripture
884 1195 920 1222 et
954 1186 1007 1222 eis
1054 1187 1248 1223 concessit
1286 1186 1505 1223 influencia

194 1243 325 1280 divine
358 1243 504 1292 gracie.

252 1304 332 1338 Nec
377 1303 483 1338 valet
528 1303 748 1338 concedere
794 1302 901 1349 quod
946 1313 1017 1349 per
1051 1303 1122 1338 hec
1162 1314 1268 1349 papa
1300 1303 1360 1338 vel
1393 1301 1505 1338 Anti-

195 1359 366 1395 christus
399 1360 603 1396 extollitur
641 1372 759 1408 snper
791 1371 902 1395 omne
933 1360 1035 1407 quod
1068 1360 1209 1395 dicitur
1242 1360 1348 1396 Deus
1382 1369 1418 1396 et
1449 1359 1505 1395 sic

197 1417 314 1453 fidem
349 1417 545 1465 scripture
568 1417 759 1463 verificat⁷
795 1417 888 1465 quia
917 1416 972 1453 sic
1004 1417 1096 1453 fecit
1120 1417 1320 1463 Scarioth,
1354 1417 1505 1453 Pilatus

197 1484 232 1511 et
266 1475 439 1511 maiores
478 1474 676 1512 notabiles
708 1474 958 1511 Antichristi.
1014 1476 1106 1511 Ideo
1145 1474 1373 1511 verificacio
1413 1475 1505 1511 fidei

196 1533 391 1581 scripture
424 1545 494 1581 per
526 1534 623 1569 tales
668 1541 705 1568 et
745 1532 985 1580 scripturam
1032 1545 1188 1569 sacram
1233 1533 1426 1569 dilucidat
1470 1542 1506 1569 et

196 1590 301 1638 ipsos
318 1603 363 1627 ac
379 1591 594 1638 complices
618 1603 710 1627 suos
734 1592 1018 1637 condempnat.
1053 1591 1145 1627 Ideo
1170 1603 1259 1626 cum
1294 1603 1398 1639 papa
1422 1603 1504 1626 non

194 1648 248 1684 sic
282 1648 455 1684 extendit
487 1661 598 1685 suam
623 1647 947 1684 iurisdiccionem
984 1661 1105 1696 super
1127 1657 1287 1684 sanctos
1321 1648 1505 1696 superius

163 1716 437 1743 ‘memoratos
481 1707 549 1743 sed
595 1706 728 1742 deficit
773 1705 812 1741 in
844 1706 1012 1742 notabili
1058 1705 1250 1753 regimine
1283 1708 1503 1742 secundum

193 1765 376 1801 ordinem
411 1763 565 1801 domini
588 1765 677 1800 Jesu
708 1763 869 1807 Christi,
903 1763 1117 1800 verisimile
1142 1773 1201 1800 est
1234 1765 1343 1812 quod
1376 1764 1504 1800 domi-

191 1821 300 1858 nium
336 1830 372 1858 et
405 1822 602 1870 cupiditas
635 1831 725 1858 sunt
764 1821 803 1857 in
837 1834 968 1860 causa.
1022 1823 1063 1857 In
1097 1821 1210 1858 cuius
1250 1821 1502 1858 confirmaci—

192 1892 309 1916 onem
344 1880 438 1916 facit
470 1881 628 1916 hereses
654 1892 696 1915 ex
719 1892 789 1915 sua
813 1879 963 1915 noticia
986 1879 1225 1927 germinare.
1260 1881 1361 1916 Nam
1396 1892 1502 1927 papa

192 1946 229 1973 et
261 1937 328 1974 alii
373 1937 433 1973 sui
478 1937 694 1985 complices
728 1937 864 1973 dicunt
910 1937 1180 1973 communiter
1224 1939 1332 1986 quod
1366 1950 1503 1973 conse-

192 2004 301 2032 crata
334 1995 463 2032 hostia
497 2004 554 2031 est
577 1995 763 2032 accidens
786 1994 870 2031 sine
894 1995 1074 2031 subiecto
1098 2004 1135 2031 et
1159 2007 1229 2043 per
1251 2007 1501 2044 consequens

191 2065 271 2089 non
306 2066 449 2101 corpus
484 2052 638 2089 domini
671 2055 762 2089 Jesu
787 2052 935 2089 Christi
969 2061 1005 2089 et
1038 2066 1108 2101 per
1141 2065 1389 2101 consequens
1421 2066 1502 2089 non

191 2119 248 2146 est
281 2124 303 2147 a
337 2111 519 2147 fidelibus
553 2112 820 2156 adorandum,
874 2119 957 2146 tum
1006 2110 1100 2158 quia
1145 2120 1241 2147 tunc
1286 2112 1502 2147 adorarent

191 2169 354 2215 ydolum
389 2171 496 2217 quod
521 2168 735 2214 nescirent,
769 2177 853 2204 tum
889 2168 1014 2204 eciam
1040 2168 1134 2216 quia
1167 2177 1261 2205 tunc
1285 2170 1502 2205 adorarent

191 2238 273 2262 rem
299 2226 471 2262 maxime
494 2226 836 2263 abhominabilem
862 2235 899 2262 et
921 2226 1137 2273 pessimam
1163 2238 1246 2262 rem
1268 2225 1311 2262 'in
1335 2228 1500 2262 mundo.

190 2285 238 2319 Et
271 2296 362 2320 cum
396 2284 527 2320 sciunt
560 2284 754 2332 populum
780 2285 950 2320 adorare
982 2284 1088 2320 istud
1120 2284 1347 2320 venerabile
1369 2296 1503 2320 sacra-

191 2350 383 2387 mentum⁷
431 2342 505 2390 ipsi
550 2341 801 2390 expeditione
834 2341 954 2378 tacita
1003 2341 1169 2378 suntin
1204 2354 1339 2380 causa.
1385 2341 1501 2378 Talia

190 2408 281 2435 sunt
334 2400 459 2436 multa
492 2409 642 2447 puncta
685 2399 777 2435 fidei
810 2412 888 2447 que
921 2399 1038 2435 hodie
1074 2412 1117 2435 ex
1150 2399 1336 2436 doctrina
1369 2399 1502 2435 Criso-

190 2457 309 2493 stomi
353 2466 443 2493 sunt
502 2457 706 2507 rimanda3
760 2466 796 2493 et
834 2457 889 2493 sic
927 2457 1112 2493 omnibus
1160 2457 1336 2505 pensatis
1382 2457 1502 2493 libra-

191 2514 296 2552 mine
329 2514 503 2551 racionis
526 2528 633 2563 papa
654 2515 716 2551 vel
738 2514 1009 2551 Antichristus
1033 2515 1190 2551 videtur
1212 2515 1395 2551 omnium
1421 2527 1503 2551 ma-

189 2572 321 2608 lorum
354 2572 585 2609 huiusmodi
620 2572 845 2609 suscitator.

258 2719 285 2745 8.
317 2720 362 2745 A:
383 2726 458 2751 quos
471 2717 573 2750 twice;
596 2718 636 2745 ib.
652 2719 696 2745 A:
719 2725 836 2753 regem.
912 2724 953 2752 19.
969 2719 1012 2744 A:
1034 2717 1150 2744 dicitur
1166 2716 1314 2744 Christus.
1392 2714 1439 2750 34.
1456 2716 1502 2742 A:

189 2753 426 2780 abhominabile.
516 2761 566 2786 40.
587 2754 631 2779 A:
652 2753 831 2779 suscitatur.

265 2824 313 2856 18.
341 2824 467 2856 Thess.
495 2825 532 2863 ΙΙ,
558 2835 590 2865 4.

1716 218 1796 256 229

1558 790 1625 817 The
1647 790 1754 825 pope's

1546 825 1771 860 presumption.

1563 1896 1620 1924 His
1641 1897 1749 1933 heresy

1524 1932 1711 1967 concerning
1732 1932 1782 1959 the

1615 1967 1694 1993 hosn
