1986 3289
173 176 252 212 228

216 285 261 312 He
282 283 402 311 teaclles

185 319 338 354 faithfuny
358 318 428 344 who

225 359 288 382 acts
308 361 341 379 as
363 354 400 379 he

243 388 382 420 teaches;

213 747 319 782 wisely
339 746 409 773 who

239 782 316 809 suits
336 781 384 808 his

205 817 365 844 discourse
385 820 415 842 to

222 852 269 879 his
290 851 405 878 hearer.

207 1219 374 1246 Greatness
395 1218 429 1244 of

178 1255 228 1281 the
248 1258 314 1280 true
330 1252 452 1287 priest's

249 1288 376 1323 dignity.

205 1851 300 1879 Some
322 1851 434 1886 priests

212 1894 262 1913 are
284 1890 423 1912 servants

219 1921 254 1947 of
270 1920 319 1947 the
344 1920 421 1947 devil

200 1963 236 1982 or
255 1955 304 1982 the
325 1954 434 1989 world,

201 1998 287 2017 some
308 1989 342 2016 of
360 1989 440 2016 God.

774 180 892 211 OPUS
918 179 1254 210 EVANGELICUM
1284 178 1367 209 LIB.
1394 178 1446 209 Ill.
1559 166 1665 220 [CAP.
1693 174 1771 202 LXI-

461 288 496 323 in
528 287 627 337 fide,
680 286 715 321 in
750 285 957 334 sapiencia,
1002 284 1037 319 in
1091 291 1263 333 tempore
1315 291 1543 333 opportuno.
1613 284 1654 319 In
1687 284 1773 333 fide

462 352 503 380 ut
534 345 741 380 credamus
772 343 826 379 sic
858 354 950 388 esse,
983 342 1080 378 sicut
1113 342 1314 386 docemus5
1344 342 1409 377 ille
1440 342 1632 377 credendo
1665 341 1773 377 docet

463 403 527 451 qui
545 402 652 451 facit
684 401 780 437 sicut
825 401 947 446 docet,
992 400 1057 448 qui
1098 407 1222 435 autem
1273 411 1345 435 non
1379 399 1486 446 facit
1530 400 1666 435 bonum
1701 411 1773 435 non

463 460 589 496 credit
620 460 656 495 in
689 460 799 494 bono.
840 458 918 501 Qui
947 464 1073 493 autem
1098 469 1170 493 non
1203 457 1327 493 credit
1358 457 1394 492 in
1417 457 1527 503 bono,
1560 469 1632 492 non
1666 456 1775 492 docet

464 519 499 554 in
521 517 620 567 fide,
654 517 718 565 qui
738 523 863 552 autem
898 528 982 551 cum
1004 515 1091 564 fide
1123 527 1194 551 non
1223 514 1416 563 predicat,
1450 527 1523 550 non
1545 514 1669 551 solum
1703 517 1808 550 non}

465 582 520 611 est
552 576 672 611 bonus
693 574 758 609 ille
789 585 926 609 servus
954 569 958 625 l
986 574 1055 608 sed
1086 573 1247 608 multum
1282 572 1433 620 infelix,
1465 572 1553 621 quia
1576 572 1674 608 alios
1695 572 1775 620 qui-

467 634 551 669 dem
576 633 698 679 docet,
730 643 770 668 se
791 638 917 666 autem
942 631 1120 681 negligit.
1153 630 1217 666 Sic
1243 630 1432 679 prudens,
1466 630 1552 678 quia
1584 642 1657 667 non
1678 642 1776 666 sem-

464 703 536 740 per
568 702 685 738 neque
717 689 890 726 omnibus
922 689 1048 724 omnia
1080 695 1168 724 sunt
1211 688 1386 737 dicenda)
1425 688 1511 736 quia
1540 688 1778 737 frequenter

466 749 532 784 illa
565 760 635 796 que
667 747 765 783 alios
797 747 991 797 edificant,
1031 746 1129 782 alios
1162 747 1386 790 destruunt;
1437 746 1534 781 sicut
1565 745 1777 794 infantibus

465 819 550 843 esca
583 813 758 841 mutatur
802 805 1010 841 secundum
1044 811 1195 849 etatem,
1243 804 1297 839 sic
1329 803 1363 838 in
1391 804 1538 852 populo
1569 804 1776 839 secundum

466 865 644 900 virtutem
679 863 855 899 doctrina
888 869 1129 911 temperatur
1168 868 1341 897 monente
1379 861 1583 910 Apostolo:
1614 861 1668 896 Et
1706 872 1778 911 ego

465 923 626 970 fratres
677 933 749 957 non
795 920 908 969 potui
958 920 1062 956 vobis
1106 920 1210 967 loqui
1253 919 1363 967 quasi
1403 919 1670 968 spiritualibus
1713 919 1781 954 sed

466 979 576 1028 quasi
605 978 840 1023 carnalibus,
872 978 985 1027 quasi
1009 977 1190 1026 parvulis
1222 977 1257 1012 in
1296 977 1452 1012 Christo
1485 977 1547 1013 lac
1579 977 1683 1013 vobis
1709 989 1780 1026 po-

467 1045 545 1073 tum
581 1037 680 1083 dedi,
713 1048 787 1072 non
820 1048 970 1080 escam;
1007 1036 1043 1071 in
1076 1042 1250 1084 tempore
1287 1047 1331 1070 ne
1363 1035 1618 1084 inopportune
1650 1034 1779 1070 oblata

468 1095 643 1131 doctrina
680 1106 751 1130 non
780 1094 909 1143 prosit
952 1094 1020 1129 sed
1052 1100 1198 1139 noceat,
1238 1093 1336 1128 sicut
1367 1104 1452 1128 esca
1485 1092 1685 1129 contraria
1717 1099 1781 1128 aut

467 1160 582 1189 extra
615 1159 765 1202 tempus
797 1158 966 1201 accepta.

525 1210 659 1246 ‘Amen
694 1210 778 1246 dico
812 1210 929 1255 vobis,
964 1209 1140 1257 quoniam
1164 1220 1282 1257 super
1314 1208 1439 1244 omnia
1463 1208 1559 1244 bona
1591 1220 1661 1244 sua
1694 1220 1781 1244 con-

467 1269 597 1305 stituet
628 1270 742 1303 eum.³
781 1267 959 1303 Omnium
983 1266 1133 1315 quidem
1157 1267 1343 1302 bonorum
1378 1278 1521 1316 magna
1545 1272 1599 1302 est
1628 1266 1782 1316 gracia,

469 1327 569 1362 inter
600 1338 730 1362 omnes
752 1332 876 1361 status
905 1325 1093 1361 viancium
1128 1324 1302 1360 maxima
1334 1331 1389 1360 est
1410 1324 1665 1360 sacerdotalis
1698 1323 1783 1374 dig-

470 1384 582 1430 nitas,
627 1384 661 1420 si
700 1383 783 1432 quis
815 1395 897 1418 eam
931 1382 1177 1418 immaculate
1214 1382 1415 1418 custodiat.
1472 1382 1573 1417 Nam
1605 1381 1639 1417 si
1667 1393 1784 1431 super

469 1442 595 1478 omnia
630 1453 749 1490 opera
780 1453 850 1477 sua
878 1441 1140 1489 preciosiores
1172 1440 1368 1476 existimat
1398 1440 1506 1476 Deus
1537 1439 1686 1475 animas
1718 1439 1784 1475 ho-

470 1500 637 1535 minum:
669 1506 809 1547 quanto
843 1498 971 1548 magis
1002 1497 1187 1534 credibile
1218 1505 1273 1534 est
1307 1505 1345 1533 ut
1376 1509 1496 1546 super
1527 1497 1653 1533 omnia
1686 1498 1782 1533 bona

468 1570 537 1594 sua
569 1558 619 1593 sit
649 1557 716 1606 qui
745 1557 901 1605 confert
938 1556 1023 1592 Deo
1063 1556 1214 1592 lucrum
1248 1555 1498 1591 animarum?
1541 1555 1628 1590 Non
1659 1555 1783 1591 solum

470 1620 597 1652 autem
632 1615 806 1650 omnibus
838 1614 944 1650 bonis
975 1614 1054 1650 suis
1087 1613 1284 1650 meliorem
1319 1613 1462 1649 indicat
1493 1613 1684 1649 hominem
1716 1613 1785 1649 sed

470 1674 590 1710 eciam
623 1685 690 1709 sue
721 1672 840 1721 ipsius
867 1672 1121 1721 passibilitati
1149 1672 1312 1708 salutem
1349 1671 1531 1720 prepom't
1562 1670 1782 1706 humanam.

471 1731 561 1767 Ideo
613 1742 781 1781 magnus
813 1737 869 1766 est
911 1730 975 1778 qui
1005 1730 1096 1765 bene
1128 1729 1231 1779 regit
1275 1730 1527 1765 hereditatem
1562 1729 1640 1765 eius
1671 1740 1782 1777 quam

468 1788 635 1838 proprio
667 1788 857 1838 sanguine
889 1787 1101 1836 acquisivit.
1137 1788 1220 1823 Hee
1253 1786 1537 1824 CrisostomuS.

531 1848 586 1882 Ex
619 1845 694 1882 isto
728 1845 941 1882 benedicto
975 1853 1204 1881 commento
1245 1844 1474 1893 evangelico
1506 1843 1624 1880 huius
1657 1843 1783 1880 sancti

474 1912 612 1952 patent
658 1903 783 1940 multa
830 1903 1024 1939 notabilia
1057 1902 1220 1950 prelatis
1254 1912 1290 1939 et
1332 1902 1406 1938 toti
1440 1901 1628 1938 militanti
1662 1901 1785 1938 eccle-

474 1961 529 1998 sie
562 1963 810 1998 annotanda.
845 1963 978 1997 Potest
1012 1960 1117 1997 enim
1149 1973 1192 1997 ex
1224 1960 1353 1997 verbis
1387 1959 1503 1996 huius
1536 1959 1664 1996 sancti
1697 1971 1784 2007 per-

475 2019 594 2067 pendi
629 2020 837 2068 quomodo
870 2018 993 2067 aliqui
1017 2027 1109 2055 sunt
1142 2018 1285 2066 prelati
1318 2027 1355 2054 et
1378 2019 1608 2054 sacerdotes
1642 2017 1783 2054 cesarii

476 2076 544 2125 qui
577 2085 745 2125 possunt
778 2077 913 2113 vocari
938 2076 1132 2124 prepositi
1166 2085 1203 2112 et
1227 2076 1328 2113 servi
1353 2075 1502 2112 diaboli
1526 2074 1606 2111 sive
1630 2074 1783 2122 mundi,

475 2135 541 2171 alii
565 2144 698 2171 autem
724 2143 815 2171 sunt
838 2134 941 2171 servi
966 2134 1037 2170 Dei
1062 2143 1099 2170 et
1124 2133 1294 2170 ministri
1328 2142 1465 2170 sancte
1488 2132 1627 2169 matris
1661 2133 1783 2169 eccle-

477 2193 545 2229 sie.
581 2192 639 2228 Illi
673 2201 805 2229 autem
841 2192 908 2241 qui
942 2192 1093 2228 intrant
1117 2192 1342 2238 ecclesiam,
1376 2200 1417 2227 ut
1450 2198 1669 2239 pascantur
1700 2192 1784 2227 lau—

1814 566 1897 605 427³

1798 817 1836 837 10

1801 1095 1836 1126 15⁷>

1801 1671 1840 1703 25

1803 1958 1843 1991 30

476 2250 560 2287 cius
583 2251 717 2299 quoad
748 2262 924 2295 carnem,
959 2259 1002 2286 ut
1025 2252 1157 2287 vivant
1181 2249 1393 2298 gloriosius
1417 2250 1551 2297 quoad
1575 2249 1783 2294 mundum,
1802 2256 1840 2288 35

476 2317 513 2344 et
557 2317 598 2344 ut
643 2308 808 2344 dimissa
842 2307 989 2344 Christi
1023 2308 1159 2355 regula
1206 2309 1375 2355 perdant
1409 2306 1670 2343 effectualiter
1702 2306 1785 2342 ani-

476 2378 560 2402 mas
594 2365 864 2412 subditorum,
916 2365 991 2413 ipsi
1038 2365 1200 2401 indubie
1246 2373 1338 2401 sunt
1370 2366 1599 2401 sacerdotes
1633 2363 1783 2400 diaboli

476 2432 513 2460 et
546 2423 733 2472 discipuli
764 2423 1012 2460 Antichristi.
1066 2423 1144 2459 Alii
1177 2431 1311 2459 autem
1346 2422 1413 2471 qui
1446 2421 1684 2470 gradiuntur
1715 2433 1786 2470 per

544 2630 564 2649 1.
586 2621 620 2648 B:
642 2624 673 2648 et
689 2622 857 2656 sapiencia.
979 2621 1006 2648 8.
1027 2622 1071 2648 A:
1093 2620 1166 2655 quia
1188 2621 1282 2648 deest.
1398 2619 1436 2647 15.
1458 2620 1501 2646 A:
1524 2619 1668 2646 doctrina
1689 2619 1783 2646 deest.

475 2664 521 2689 24.
544 2656 582 2683 B:
604 2656 762 2683 indicabit.
887 2655 929 2683 25.
950 2656 994 2683 A:
1016 2656 1144 2682 salutem
1164 2656 1349 2683 animarum.
1433 2653 1478 2681 28.
1500 2655 1529 2681 A
1549 2654 1578 2681 in
1601 2661 1712 2689 marg:
1735 2653 1785 2681 Jo-

475 2691 600 2718 hannes.
691 2690 735 2718 38.
756 2692 794 2718 A:
817 2690 866 2717 illi
881 2693 992 2717 autem.

551 2796 598 2816 11.
626 2787 647 2817 l.
676 2786 754 2818 Cor.
782 2786 837 2825 ΙΙΙ,
869 2796 894 2825 1⁷
924 2795 949 2816 2.
