<?xml version="1.0" encoding="UTF-8"?>
<!DOCTYPE html PUBLIC "-//W3C//DTD XHTML 1.0 Transitional//EN"
    "http://www.w3.org/TR/xhtml1/DTD/xhtml1-transitional.dtd">
<html xmlns="http://www.w3.org/1999/xhtml" xml:lang="en" lang="en">
 <head>
  <title>
</title>
<meta http-equiv="Content-Type" content="text/html;charset=utf-8" />
  <meta name='ocr-system' content='tesseract 3.04.00' />
  <meta name='ocr-capabilities' content='ocr_page ocr_carea ocr_par ocr_line ocrx_word'/>
</head>
<body>
  <div class='ocr_page' id='page_1' title='image "./opusevangelicum34wycl/opusevangelicum34wycl_0183.png"; bbox 0 0 1986 3289; ppageno 0'>
   <div class='ocr_carea' id='block_1_1' title="bbox 190 228 1786 282">
    <p class='ocr_par' dir='ltr' id='par_1_1' title="bbox 190 228 1786 282">
     <span class='ocr_line' id='line_1_1' title="bbox 190 228 1786 282; baseline 0.006 -14"><span class='ocrx_word' id='word_1_1' title='bbox 190 235 278 263; x_wconf 71' lang='lat' dir='ltr'>CAP.</span> <span class='ocrx_word' id='word_1_2' title='bbox 299 228 379 282; x_wconf 71' lang='lat' dir='ltr'>XL]</span> <span class='ocrx_word' id='word_1_3' title='bbox 561 240 620 271; x_wconf 87' lang='lat' dir='ltr'>DE</span> <span class='ocrx_word' id='word_1_4' title='bbox 647 236 962 271; x_wconf 68' lang='lat' dir='ltr'>ANTlcnmsTo</span> <span class='ocrx_word' id='word_1_5' title='bbox 991 240 1074 270; x_wconf 69' lang='grc' dir='ltr'>ΜΒ.</span> <span class='ocrx_word' id='word_1_6' title='bbox 1102 239 1124 270; x_wconf 71' lang='grc' dir='ltr'>ι,</span> <span class='ocrx_word' id='word_1_7' title='bbox 1715 233 1786 277; x_wconf 83' lang='lat'>1-45</span> 
     </span>
    </p>
   </div>
   <div class='ocr_carea' id='block_1_2' title="bbox 146 343 1790 2071">
    <p class='ocr_par' dir='ltr' id='par_1_2' title="bbox 146 343 1790 2071">
     <span class='ocr_line' id='line_1_2' title="bbox 251 343 1502 393; baseline -0.001 -12"><span class='ocrx_word' id='word_1_8' title='bbox 251 347 449 391; x_wconf 89' lang='lat' dir='ltr'>Quartum</span> <span class='ocrx_word' id='word_1_9' title='bbox 497 352 630 381; x_wconf 82' lang='lat' dir='ltr'>autem</span> <span class='ocrx_word' id='word_1_10' title='bbox 676 344 952 381; x_wconf 90' lang='lat' dir='ltr'>testimonium</span> <span class='ocrx_word' id='word_1_11' title='bbox 1006 353 1063 380; x_wconf 92' lang='lat' dir='ltr'>est</span> <span class='ocrx_word' id='word_1_12' title='bbox 1107 343 1207 380; x_wconf 90' lang='lat' dir='ltr'>illud</span> <span class='ocrx_word' id='word_1_13' title='bbox 1253 345 1361 393; x_wconf 91' lang='lat' dir='ltr'>quod</span> <span class='ocrx_word' id='word_1_14' title='bbox 1406 344 1502 380; x_wconf 88' lang='lat' dir='ltr'>dicit</span> 
     </span>
     <span class='ocr_line' id='line_1_3' title="bbox 194 402 1502 450; baseline -0.002 -10"><span class='ocrx_word' id='word_1_15' title='bbox 194 402 360 441; x_wconf 87' lang='lat' dir='ltr'>ecclesia</span> <span class='ocrx_word' id='word_1_16' title='bbox 403 402 444 438; x_wconf 91' lang='lat' dir='ltr'>in</span> <span class='ocrx_word' id='word_1_17' title='bbox 490 415 643 439; x_wconf 88' lang='lat' dir='ltr'>canone</span> <span class='ocrx_word' id='word_1_18' title='bbox 686 402 807 439; x_wconf 86' lang='lat' dir='ltr'>misse</span> <span class='ocrx_word' id='word_1_19' title='bbox 849 402 917 438; x_wconf 89' lang='lat' dir='ltr'>ubi</span> <span class='ocrx_word' id='word_1_20' title='bbox 963 410 1051 439; x_wconf 88' lang='lat' dir='ltr'>orat</span> <span class='ocrx_word' id='word_1_21' title='bbox 1090 403 1197 450; x_wconf 93' lang='lat' dir='ltr'>quod</span> <span class='ocrx_word' id='word_1_22' title='bbox 1243 403 1315 438; x_wconf 89' lang='lat' dir='ltr'>hec</span> <span class='ocrx_word' id='word_1_23' title='bbox 1359 403 1502 450; x_wconf 83' lang='lat' dir='ltr'>duplex</span> 
     </span>
     <span class='ocr_line' id='line_1_4' title="bbox 194 459 1503 510; baseline -0.001 -13"><span class='ocrx_word' id='word_1_24' title='bbox 194 461 351 498; x_wconf 87' lang='lat' dir='ltr'>oblacio</span> <span class='ocrx_word' id='word_1_25' title='bbox 375 473 495 510; x_wconf 90' lang='lat' dir='ltr'>quam</span> <span class='ocrx_word' id='word_1_26' title='bbox 526 460 636 508; x_wconf 89' lang='lat' dir='ltr'>prius</span> <span class='ocrx_word' id='word_1_27' title='bbox 667 460 811 496; x_wconf 90' lang='lat' dir='ltr'>obtulit</span> <span class='ocrx_word' id='word_1_28' title='bbox 845 460 913 496; x_wconf 87' lang='lat' dir='ltr'>fiat</span> <span class='ocrx_word' id='word_1_29' title='bbox 944 459 1060 496; x_wconf 87' lang='lat' dir='ltr'>nobis</span> <span class='ocrx_word' id='word_1_30' title='bbox 1093 472 1238 508; x_wconf 87' lang='lat' dir='ltr'>corpus</span> <span class='ocrx_word' id='word_1_31' title='bbox 1271 469 1308 496; x_wconf 92' lang='lat' dir='ltr'>et</span> <span class='ocrx_word' id='word_1_32' title='bbox 1340 459 1503 508; x_wconf 83' lang='lat' dir='ltr'>sanguis</span> 
     </span>
     <span class='ocr_line' id='line_1_5' title="bbox 195 517 1505 555; baseline -0.002 0"><span class='ocrx_word' id='word_1_33' title='bbox 195 518 348 555; x_wconf 89' lang='lat' dir='ltr'>domini</span> <span class='ocrx_word' id='word_1_34' title='bbox 391 518 517 555; x_wconf 86' lang='lat' dir='ltr'>nostri</span> <span class='ocrx_word' id='word_1_35' title='bbox 559 520 651 554; x_wconf 82' lang='lat' dir='ltr'>Jesu</span> <span class='ocrx_word' id='word_1_36' title='bbox 684 517 846 554; x_wconf 87' lang='lat' dir='ltr'>Christi.</span> <span class='ocrx_word' id='word_1_37' title='bbox 891 519 1015 554; x_wconf 87' lang='lat' dir='ltr'>Multa</span> <span class='ocrx_word' id='word_1_38' title='bbox 1062 526 1153 554; x_wconf 89' lang='lat' dir='ltr'>sunt</span> <span class='ocrx_word' id='word_1_39' title='bbox 1192 517 1424 554; x_wconf 89' lang='lat' dir='ltr'>testimonia</span> <span class='ocrx_word' id='word_1_40' title='bbox 1464 517 1505 552; x_wconf 92' lang='lat' dir='ltr'>in</span> 
     </span>
     <span class='ocr_line' id='line_1_6' title="bbox 163 575 1505 621; baseline -0.002 -8"><span class='ocrx_word' id='word_1_41' title='bbox 163 575 301 613; x_wconf 85' lang='lat' dir='ltr'>5idem</span> <span class='ocrx_word' id='word_1_42' title='bbox 334 575 538 621; x_wconf 83' lang='lat' dir='ltr'>sonancia,</span> <span class='ocrx_word' id='word_1_43' title='bbox 578 577 684 612; x_wconf 90' lang='lat' dir='ltr'>unde</span> <span class='ocrx_word' id='word_1_44' title='bbox 717 584 833 613; x_wconf 84' lang='lat' dir='ltr'>autor</span> <span class='ocrx_word' id='word_1_45' title='bbox 866 577 923 612; x_wconf 94' lang='lat' dir='ltr'>De</span> <span class='ocrx_word' id='word_1_46' title='bbox 955 575 1106 613; x_wconf 83' lang='lat' dir='ltr'>Divinis</span> <span class='ocrx_word' id='word_1_47' title='bbox 1140 575 1293 612; x_wconf 85' lang='lat' dir='ltr'>Officiis</span> <span class='ocrx_word' id='word_1_48' title='bbox 1314 575 1505 617; x_wconf 56' lang='lat' dir='ltr'>,declarat</span> 
     </span>
     <span class='ocr_line' id='line_1_7' title="bbox 195 633 1506 682; baseline -0.002 -11"><span class='ocrx_word' id='word_1_49' title='bbox 195 644 239 671; x_wconf 91' lang='lat' dir='ltr'>ut</span> <span class='ocrx_word' id='word_1_50' title='bbox 280 634 398 670; x_wconf 89' lang='lat' dir='ltr'>fidem</span> <span class='ocrx_word' id='word_1_51' title='bbox 439 633 602 670; x_wconf 86' lang='lat' dir='ltr'>ecclesie</span> <span class='ocrx_word' id='word_1_52' title='bbox 642 635 764 682; x_wconf 84' lang='lat' dir='ltr'>quod,</span> <span class='ocrx_word' id='word_1_53' title='bbox 809 633 906 669; x_wconf 89' lang='lat' dir='ltr'>sicut</span> <span class='ocrx_word' id='word_1_54' title='bbox 943 634 1122 670; x_wconf 81' lang='lat' dir='ltr'>Christus</span> <span class='ocrx_word' id='word_1_55' title='bbox 1159 641 1215 669; x_wconf 87' lang='lat' dir='ltr'>est</span> <span class='ocrx_word' id='word_1_56' title='bbox 1252 633 1368 669; x_wconf 83' lang='lat' dir='ltr'>simul</span> <span class='ocrx_word' id='word_1_57' title='bbox 1399 633 1506 669; x_wconf 86' lang='lat' dir='ltr'>Deus</span> 
     </span>
     <span class='ocr_line' id='line_1_8' title="bbox 197 691 1507 740; baseline -0.002 -12"><span class='ocrx_word' id='word_1_58' title='bbox 197 700 232 729; x_wconf 89' lang='lat' dir='ltr'>et</span> <span class='ocrx_word' id='word_1_59' title='bbox 263 693 388 739; x_wconf 86' lang='lat' dir='ltr'>homo,</span> <span class='ocrx_word' id='word_1_60' title='bbox 426 691 482 728; x_wconf 88' lang='lat' dir='ltr'>sic</span> <span class='ocrx_word' id='word_1_61' title='bbox 514 692 584 728; x_wconf 83' lang='lat' dir='ltr'>hoc</span> <span class='ocrx_word' id='word_1_62' title='bbox 615 698 902 728; x_wconf 85' lang='lat' dir='ltr'>sacramentum</span> <span class='ocrx_word' id='word_1_63' title='bbox 930 691 1044 740; x_wconf 82' lang='lat' dir='ltr'>panis</span> <span class='ocrx_word' id='word_1_64' title='bbox 1077 699 1111 727; x_wconf 88' lang='lat' dir='ltr'>et</span> <span class='ocrx_word' id='word_1_65' title='bbox 1143 691 1275 728; x_wconf 86' lang='lat' dir='ltr'>calicis</span> <span class='ocrx_word' id='word_1_66' title='bbox 1306 699 1361 727; x_wconf 85' lang='lat' dir='ltr'>est</span> <span class='ocrx_word' id='word_1_67' title='bbox 1391 691 1507 727; x_wconf 86' lang='lat' dir='ltr'>simul</span> 
     </span>
     <span class='ocr_line' id='line_1_9' title="bbox 193 748 1507 800; baseline 0 -14"><span class='ocrx_word' id='word_1_68' title='bbox 193 750 308 800; x_wconf 82' lang='lat' dir='ltr'>panis</span> <span class='ocrx_word' id='word_1_69' title='bbox 340 757 375 786; x_wconf 88' lang='lat' dir='ltr'>et</span> <span class='ocrx_word' id='word_1_70' title='bbox 407 750 534 786; x_wconf 79' lang='lat' dir='ltr'>vinum</span> <span class='ocrx_word' id='word_1_71' title='bbox 568 757 603 785; x_wconf 85' lang='lat' dir='ltr'>et</span> <span class='ocrx_word' id='word_1_72' title='bbox 634 761 775 798; x_wconf 79' lang='lat' dir='ltr'>corpus</span> <span class='ocrx_word' id='word_1_73' title='bbox 797 761 843 785; x_wconf 89' lang='lat' dir='ltr'>ac</span> <span class='ocrx_word' id='word_1_74' title='bbox 863 749 1025 799; x_wconf 78' lang='lat' dir='ltr'>sanguis</span> <span class='ocrx_word' id='word_1_75' title='bbox 1058 749 1204 785; x_wconf 84' lang='lat' dir='ltr'>domini</span> <span class='ocrx_word' id='word_1_76' title='bbox 1231 749 1320 785; x_wconf 89' lang='lat' dir='ltr'>Jesu</span> <span class='ocrx_word' id='word_1_77' title='bbox 1349 748 1507 786; x_wconf 86' lang='lat' dir='ltr'>Christi.</span> 
     </span>
     <span class='ocr_line' id='line_1_10' title="bbox 256 806 1783 855; baseline -0.001 -11"><span class='ocrx_word' id='word_1_78' title='bbox 256 810 305 844; x_wconf 85' lang='lat' dir='ltr'>Et</span> <span class='ocrx_word' id='word_1_79' title='bbox 338 809 388 844; x_wconf 90' lang='lat' dir='ltr'>ad</span> <span class='ocrx_word' id='word_1_80' title='bbox 421 809 496 844; x_wconf 93' lang='lat' dir='ltr'>hoc</span> <span class='ocrx_word' id='word_1_81' title='bbox 528 808 632 844; x_wconf 89' lang='lat' dir='ltr'>valet</span> <span class='ocrx_word' id='word_1_82' title='bbox 665 806 883 843; x_wconf 85' lang='lat' dir='ltr'>efficaciter</span> <span class='ocrx_word' id='word_1_83' title='bbox 915 806 1195 855; x_wconf 87' lang='lat' dir='ltr'>supradictum</span> <span class='ocrx_word' id='word_1_84' title='bbox 1229 806 1508 843; x_wconf 89' lang='lat' dir='ltr'>testimonium</span> <span class='ocrx_word' id='word_1_85' title='bbox 1540 826 1618 853; x_wconf 79' lang='lat' dir='ltr'>This</span> <span class='ocrx_word' id='word_1_86' title='bbox 1639 826 1783 853; x_wconf 77' lang='lat' dir='ltr'>evidence</span> 
     </span>
     <span class='ocr_line' id='line_1_11' title="bbox 146 861 1790 923; baseline -0.001 -21"><span class='ocrx_word' id='word_1_87' title='bbox 146 876 184 897; x_wconf 92' lang='lat'>10</span> <span class='ocrx_word' id='word_1_88' title='bbox 199 865 430 913; x_wconf 83' lang='lat' dir='ltr'>Augustini3</span> <span class='ocrx_word' id='word_1_89' title='bbox 464 874 501 902; x_wconf 88' lang='lat' dir='ltr'>et</span> <span class='ocrx_word' id='word_1_90' title='bbox 532 865 638 901; x_wconf 88' lang='lat' dir='ltr'>istud</span> <span class='ocrx_word' id='word_1_91' title='bbox 671 865 919 913; x_wconf 86' lang='lat' dir='ltr'>quadruplex</span> <span class='ocrx_word' id='word_1_92' title='bbox 951 864 1225 901; x_wconf 86' lang='lat' dir='ltr'>testimonium</span> <span class='ocrx_word' id='word_1_93' title='bbox 1259 864 1507 913; x_wconf 85' lang='lat' dir='ltr'>triplicatum</span> <span class='ocrx_word' id='word_1_94' title='bbox 1537 861 1717 923; x_wconf 50' lang='lat' dir='ltr'>ggsseenss&#39;ggjlss</span> <span class='ocrx_word' id='word_1_95' title='bbox 1737 866 1790 922; x_wconf 49' lang='lat'>{3³¹3</span> 
     </span>
     <span class='ocr_line' id='line_1_12' title="bbox 200 904 1781 971; baseline -0.002 -12"><span class='ocrx_word' id='word_1_96' title='bbox 200 924 348 960; x_wconf 89' lang='lat' dir='ltr'>faceret</span> <span class='ocrx_word' id='word_1_97' title='bbox 400 923 537 959; x_wconf 89' lang='lat' dir='ltr'>fideles</span> <span class='ocrx_word' id='word_1_98' title='bbox 589 922 793 971; x_wconf 87' lang='lat' dir='ltr'>quiescere</span> <span class='ocrx_word' id='word_1_99' title='bbox 844 922 886 959; x_wconf 90' lang='lat' dir='ltr'>in</span> <span class='ocrx_word' id='word_1_100' title='bbox 938 922 1104 971; x_wconf 87' lang='lat' dir='ltr'>antiqua</span> <span class='ocrx_word' id='word_1_101' title='bbox 1148 923 1226 959; x_wconf 90' lang='lat' dir='ltr'>fide</span> <span class='ocrx_word' id='word_1_102' title='bbox 1271 922 1436 959; x_wconf 86' lang='lat' dir='ltr'>ecclesie</span> <span class='ocrx_word' id='word_1_103' title='bbox 1488 935 1511 958; x_wconf 87' lang='lat' dir='ltr'>a</span> <span class='ocrx_word' id='word_1_104' title='bbox 1547 904 1694 958; x_wconf 62' lang='lat' dir='ltr'>oldpl&#39;aith</span> <span class='ocrx_word' id='word_1_105' title='bbox 1716 931 1781 968; x_wconf 69' lang='lat' dir='ltr'>mat</span> 
     </span>
     <span class='ocr_line' id='line_1_13' title="bbox 200 966 1760 1029; baseline -0.001 -12"><span class='ocrx_word' id='word_1_106' title='bbox 200 980 461 1029; x_wconf 86' lang='lat' dir='ltr'>popularibus</span> <span class='ocrx_word' id='word_1_107' title='bbox 494 993 619 1029; x_wconf 88' lang='lat' dir='ltr'>usque</span> <span class='ocrx_word' id='word_1_108' title='bbox 652 980 771 1017; x_wconf 90' lang='lat' dir='ltr'>hodie</span> <span class='ocrx_word' id='word_1_109' title='bbox 803 981 1026 1026; x_wconf 88' lang='lat' dir='ltr'>observata,</span> <span class='ocrx_word' id='word_1_110' title='bbox 1059 980 1211 1017; x_wconf 85' lang='lat' dir='ltr'>scilieet</span> <span class='ocrx_word' id='word_1_111' title='bbox 1241 982 1349 1029; x_wconf 90' lang='lat' dir='ltr'>quod</span> <span class='ocrx_word' id='word_1_112' title='bbox 1381 992 1511 1017; x_wconf 85' lang='lat' dir='ltr'>sacra-</span> <span class='ocrx_word' id='word_1_113' title='bbox 1573 966 1760 1027; x_wconf 51' lang='lat' dir='ltr'>tffigahdoffnff</span> 
     </span>
     <span class='ocr_line' id='line_1_14' title="bbox 203 1034 1784 1086; baseline -0.003 -11"><span class='ocrx_word' id='word_1_114' title='bbox 203 1048 382 1075; x_wconf 88' lang='lat' dir='ltr'>mentum</span> <span class='ocrx_word' id='word_1_115' title='bbox 427 1038 519 1075; x_wconf 86' lang='lat' dir='ltr'>licet</span> <span class='ocrx_word' id='word_1_116' title='bbox 562 1039 603 1075; x_wconf 91' lang='lat' dir='ltr'>in</span> <span class='ocrx_word' id='word_1_117' title='bbox 646 1047 789 1075; x_wconf 86' lang='lat' dir='ltr'>natura</span> <span class='ocrx_word' id='word_1_118' title='bbox 832 1051 903 1075; x_wconf 88' lang='lat' dir='ltr'>sua</span> <span class='ocrx_word' id='word_1_119' title='bbox 941 1038 990 1075; x_wconf 88' lang='lat' dir='ltr'>sit</span> <span class='ocrx_word' id='word_1_120' title='bbox 1030 1038 1145 1086; x_wconf 88' lang='lat' dir='ltr'>panis</span> <span class='ocrx_word' id='word_1_121' title='bbox 1183 1047 1319 1075; x_wconf 91' lang='lat' dir='ltr'>tamen</span> <span class='ocrx_word' id='word_1_122' title='bbox 1360 1037 1513 1074; x_wconf 87' lang='lat' dir='ltr'>mistice</span> <span class='ocrx_word' id='word_1_123' title='bbox 1539 1035 1672 1063; x_wconf 73' lang='lat' dir='ltr'>Ciu-ist’s</span> <span class='ocrx_word' id='word_1_124' title='bbox 1693 1034 1784 1069; x_wconf 76' lang='lat' dir='ltr'>body.</span> 
     </span>
     <span class='ocr_line' id='line_1_15' title="bbox 202 1096 1514 1144; baseline -0.001 -12"><span class='ocrx_word' id='word_1_125' title='bbox 202 1108 347 1144; x_wconf 90' lang='lat' dir='ltr'>corpus</span> <span class='ocrx_word' id='word_1_126' title='bbox 399 1096 561 1142; x_wconf 87' lang='lat' dir='ltr'>Christi,</span> <span class='ocrx_word' id='word_1_127' title='bbox 620 1105 658 1133; x_wconf 92' lang='lat' dir='ltr'>et</span> <span class='ocrx_word' id='word_1_128' title='bbox 711 1096 766 1133; x_wconf 90' lang='lat' dir='ltr'>sic</span> <span class='ocrx_word' id='word_1_129' title='bbox 819 1105 877 1132; x_wconf 93' lang='lat' dir='ltr'>est</span> <span class='ocrx_word' id='word_1_130' title='bbox 921 1109 1067 1144; x_wconf 89' lang='lat' dir='ltr'>corpus</span> <span class='ocrx_word' id='word_1_131' title='bbox 1107 1096 1256 1133; x_wconf 88' lang='lat' dir='ltr'>Christi</span> <span class='ocrx_word' id='word_1_132' title='bbox 1299 1096 1340 1132; x_wconf 89' lang='lat' dir='ltr'>in</span> <span class='ocrx_word' id='word_1_133' title='bbox 1384 1096 1514 1132; x_wconf 88' lang='lat' dir='ltr'>forma</span> 
     </span>
     <span class='ocr_line' id='line_1_16' title="bbox 151 1153 1516 1203; baseline -0.002 -12"><span class='ocrx_word' id='word_1_134' title='bbox 151 1154 330 1203; x_wconf 77' lang='lat' dir='ltr'>15panis‚</span> <span class='ocrx_word' id='word_1_135' title='bbox 377 1164 413 1190; x_wconf 87' lang='lat' dir='ltr'>et</span> <span class='ocrx_word' id='word_1_136' title='bbox 446 1162 743 1191; x_wconf 90' lang='lat' dir='ltr'>sacramentum</span> <span class='ocrx_word' id='word_1_137' title='bbox 789 1153 923 1190; x_wconf 85' lang='lat' dir='ltr'>calicis</span> <span class='ocrx_word' id='word_1_138' title='bbox 967 1154 1060 1191; x_wconf 90' lang='lat' dir='ltr'>licet</span> <span class='ocrx_word' id='word_1_139' title='bbox 1103 1154 1143 1190; x_wconf 90' lang='lat' dir='ltr'>in</span> <span class='ocrx_word' id='word_1_140' title='bbox 1181 1163 1325 1191; x_wconf 88' lang='lat' dir='ltr'>natura</span> <span class='ocrx_word' id='word_1_141' title='bbox 1363 1167 1434 1190; x_wconf 87' lang='lat' dir='ltr'>sua</span> <span class='ocrx_word' id='word_1_142' title='bbox 1466 1153 1516 1189; x_wconf 88' lang='lat' dir='ltr'>sit</span> 
     </span>
     <span class='ocr_line' id='line_1_17' title="bbox 202 1211 1517 1260; baseline -0.002 -12"><span class='ocrx_word' id='word_1_143' title='bbox 202 1212 337 1249; x_wconf 88' lang='lat' dir='ltr'>vinum</span> <span class='ocrx_word' id='word_1_144' title='bbox 384 1221 442 1248; x_wconf 89' lang='lat' dir='ltr'>est</span> <span class='ocrx_word' id='word_1_145' title='bbox 480 1221 615 1249; x_wconf 85' lang='lat' dir='ltr'>tamen</span> <span class='ocrx_word' id='word_1_146' title='bbox 656 1212 823 1260; x_wconf 87' lang='lat' dir='ltr'>mystice</span> <span class='ocrx_word' id='word_1_147' title='bbox 862 1220 930 1248; x_wconf 89' lang='lat' dir='ltr'>aut</span> <span class='ocrx_word' id='word_1_148' title='bbox 968 1212 1315 1249; x_wconf 82' lang='lat' dir='ltr'>sacramentaliter</span> <span class='ocrx_word' id='word_1_149' title='bbox 1356 1211 1517 1259; x_wconf 84' lang='lat' dir='ltr'>sanguis</span> 
     </span>
     <span class='ocr_line' id='line_1_18' title="bbox 204 1269 1519 1318; baseline -0.001 -12"><span class='ocrx_word' id='word_1_150' title='bbox 204 1270 365 1307; x_wconf 86' lang='lat' dir='ltr'>Christi.</span> <span class='ocrx_word' id='word_1_151' title='bbox 413 1272 616 1318; x_wconf 83' lang='lat' dir='ltr'>Interroga</span> <span class='ocrx_word' id='word_1_152' title='bbox 661 1278 794 1306; x_wconf 87' lang='lat' dir='ltr'>autem</span> <span class='ocrx_word' id='word_1_153' title='bbox 842 1279 1029 1317; x_wconf 86' lang='lat' dir='ltr'>parentes</span> <span class='ocrx_word' id='word_1_154' title='bbox 1072 1278 1176 1316; x_wconf 82' lang='lat' dir='ltr'>tuos,</span> <span class='ocrx_word' id='word_1_155' title='bbox 1223 1271 1317 1306; x_wconf 87' lang='lat' dir='ltr'>dum</span> <span class='ocrx_word' id='word_1_156' title='bbox 1363 1269 1404 1305; x_wconf 89' lang='lat' dir='ltr'>in</span> <span class='ocrx_word' id='word_1_157' title='bbox 1443 1269 1519 1305; x_wconf 84' lang='lat' dir='ltr'>ista</span> 
     </span>
     <span class='ocr_line' id='line_1_19' title="bbox 206 1327 1518 1365; baseline -0.002 -1"><span class='ocrx_word' id='word_1_158' title='bbox 206 1327 374 1364; x_wconf 89' lang='lat' dir='ltr'>materia</span> <span class='ocrx_word' id='word_1_159' title='bbox 407 1328 544 1364; x_wconf 84' lang='lat' dir='ltr'>fideles</span> <span class='ocrx_word' id='word_1_160' title='bbox 577 1327 764 1364; x_wconf 85' lang='lat' dir='ltr'>habueris</span> <span class='ocrx_word' id='word_1_161' title='bbox 798 1336 835 1364; x_wconf 89' lang='lat' dir='ltr'>et</span> <span class='ocrx_word' id='word_1_162' title='bbox 868 1327 1002 1364; x_wconf 89' lang='lat' dir='ltr'>dicent</span> <span class='ocrx_word' id='word_1_163' title='bbox 1026 1327 1098 1364; x_wconf 88' lang='lat' dir='ltr'>tibi</span> <span class='ocrx_word' id='word_1_164' title='bbox 1122 1327 1378 1365; x_wconf 88' lang='lat' dir='ltr'>concorditer</span> <span class='ocrx_word' id='word_1_165' title='bbox 1401 1327 1518 1363; x_wconf 83' lang='lat' dir='ltr'>istam</span> 
     </span>
     <span class='ocr_line' id='line_1_20' title="bbox 206 1384 1519 1434; baseline -0.002 -12"><span class='ocrx_word' id='word_1_166' title='bbox 206 1386 338 1422; x_wconf 89' lang='lat' dir='ltr'>fidem.</span> <span class='ocrx_word' id='word_1_167' title='bbox 386 1387 504 1431; x_wconf 85' lang='lat' dir='ltr'>Quod</span> <span class='ocrx_word' id='word_1_168' title='bbox 545 1395 679 1422; x_wconf 86' lang='lat' dir='ltr'>autem</span> <span class='ocrx_word' id='word_1_169' title='bbox 718 1385 793 1422; x_wconf 84' lang='lat' dir='ltr'>ista</span> <span class='ocrx_word' id='word_1_170' title='bbox 831 1385 961 1422; x_wconf 86' lang='lat' dir='ltr'>hostia</span> <span class='ocrx_word' id='word_1_171' title='bbox 1001 1385 1050 1422; x_wconf 88' lang='lat' dir='ltr'>sit</span> <span class='ocrx_word' id='word_1_172' title='bbox 1082 1385 1196 1434; x_wconf 79' lang='lat' dir='ltr'>panis</span> <span class='ocrx_word' id='word_1_173' title='bbox 1242 1394 1278 1422; x_wconf 91' lang='lat' dir='ltr'>et</span> <span class='ocrx_word' id='word_1_174' title='bbox 1310 1397 1382 1434; x_wconf 88' lang='lat' dir='ltr'>per</span> <span class='ocrx_word' id='word_1_175' title='bbox 1413 1384 1519 1420; x_wconf 89' lang='lat' dir='ltr'>idem</span> 
     </span>
     <span class='ocr_line' id='line_1_21' title="bbox 150 1442 1521 1492; baseline -0.002 -12"><span class='ocrx_word' id='word_1_176' title='bbox 150 1453 192 1474; x_wconf 87' lang='lat'>20</span> <span class='ocrx_word' id='word_1_177' title='bbox 206 1452 506 1480; x_wconf 82' lang='lat' dir='ltr'>sacramentum</span> <span class='ocrx_word' id='word_1_178' title='bbox 542 1443 676 1481; x_wconf 87' lang='lat' dir='ltr'>calicis</span> <span class='ocrx_word' id='word_1_179' title='bbox 708 1456 845 1480; x_wconf 87' lang='lat' dir='ltr'>verum</span> <span class='ocrx_word' id='word_1_180' title='bbox 879 1443 1032 1491; x_wconf 88' lang='lat' dir='ltr'>vinum,</span> <span class='ocrx_word' id='word_1_181' title='bbox 1066 1452 1176 1492; x_wconf 88' lang='lat' dir='ltr'>patet</span> <span class='ocrx_word' id='word_1_182' title='bbox 1210 1456 1254 1480; x_wconf 80' lang='lat' dir='ltr'>ex</span> <span class='ocrx_word' id='word_1_183' title='bbox 1286 1442 1521 1480; x_wconf 89' lang='lat' dir='ltr'>testimonio</span> 
     </span>
     <span class='ocr_line' id='line_1_22' title="bbox 205 1499 1523 1550; baseline -0.002 -12"><span class='ocrx_word' id='word_1_184' title='bbox 205 1501 389 1550; x_wconf 88' lang='lat' dir='ltr'>Apostoli</span> <span class='ocrx_word' id='word_1_185' title='bbox 421 1501 488 1537; x_wconf 90' lang='lat' dir='ltr'>ubi</span> <span class='ocrx_word' id='word_1_186' title='bbox 522 1515 654 1550; x_wconf 86' lang='lat' dir='ltr'>supra.</span> <span class='ocrx_word' id='word_1_187' title='bbox 688 1504 791 1538; x_wconf 84' lang='lat' dir='ltr'>Nam</span> <span class='ocrx_word' id='word_1_188' title='bbox 827 1510 887 1538; x_wconf 90' lang='lat' dir='ltr'>ter</span> <span class='ocrx_word' id='word_1_189' title='bbox 917 1510 1007 1550; x_wconf 90' lang='lat' dir='ltr'>post</span> <span class='ocrx_word' id='word_1_190' title='bbox 1040 1501 1390 1538; x_wconf 87' lang='lat' dir='ltr'>consecracionem</span> <span class='ocrx_word' id='word_1_191' title='bbox 1426 1499 1523 1536; x_wconf 90' lang='lat' dir='ltr'>dicit</span> 
     </span>
     <span class='ocr_line' id='line_1_23' title="bbox 207 1558 1524 1610; baseline -0.002 -15"><span class='ocrx_word' id='word_1_192' title='bbox 207 1559 325 1596; x_wconf 87' lang='lat' dir='ltr'>istam</span> <span class='ocrx_word' id='word_1_193' title='bbox 359 1559 531 1596; x_wconf 84' lang='lat' dir='ltr'>hostiam</span> <span class='ocrx_word' id='word_1_194' title='bbox 567 1572 652 1596; x_wconf 91' lang='lat' dir='ltr'>esse</span> <span class='ocrx_word' id='word_1_195' title='bbox 684 1572 850 1607; x_wconf 88' lang='lat' dir='ltr'>panem:</span> <span class='ocrx_word' id='word_1_196' title='bbox 881 1560 1207 1610; x_wconf 70' lang='lat' dir='ltr'>chiescunque,</span> <span class='ocrx_word' id='word_1_197' title='bbox 1240 1558 1383 1607; x_wconf 83' lang='lat' dir='ltr'>inquit,</span> <span class='ocrx_word' id='word_1_198' title='bbox 1417 1570 1524 1594; x_wconf 83' lang='lat' dir='ltr'>man-</span> 
     </span>
     <span class='ocr_line' id='line_1_24' title="bbox 209 1615 1527 1667; baseline -0.003 -13"><span class='ocrx_word' id='word_1_199' title='bbox 209 1618 396 1654; x_wconf 83' lang='lat' dir='ltr'>ducabitis</span> <span class='ocrx_word' id='word_1_200' title='bbox 423 1630 566 1667; x_wconf 86' lang='lat' dir='ltr'>panem</span> <span class='ocrx_word' id='word_1_201' title='bbox 600 1619 699 1654; x_wconf 87' lang='lat' dir='ltr'>hunc</span> <span class='ocrx_word' id='word_1_202' title='bbox 732 1625 767 1654; x_wconf 86' lang='lat' dir='ltr'>et</span> <span class='ocrx_word' id='word_1_203' title='bbox 799 1618 956 1654; x_wconf 80' lang='lat' dir='ltr'>calicem</span> <span class='ocrx_word' id='word_1_204' title='bbox 987 1617 1135 1664; x_wconf 85' lang='lat' dir='ltr'>bibetis,</span> <span class='ocrx_word' id='word_1_205' title='bbox 1169 1625 1333 1653; x_wconf 86' lang='lat' dir='ltr'>mortem</span> <span class='ocrx_word' id='word_1_206' title='bbox 1367 1615 1527 1652; x_wconf 84' lang='lat' dir='ltr'>Domini</span> 
     </span>
     <span class='ocr_line' id='line_1_25' title="bbox 208 1674 1526 1724; baseline -0.002 -13"><span class='ocrx_word' id='word_1_207' title='bbox 208 1675 487 1713; x_wconf 79' lang='lat' dir='ltr'>annunciabitis</span> <span class='ocrx_word' id='word_1_208' title='bbox 516 1676 634 1712; x_wconf 84' lang='lat' dir='ltr'>donec</span> <span class='ocrx_word' id='word_1_209' title='bbox 665 1675 801 1711; x_wconf 79' lang='lat' dir='ltr'>veniat.</span> <span class='ocrx_word' id='word_1_210' title='bbox 838 1676 972 1724; x_wconf 82' lang='lat' dir='ltr'>Itaque</span> <span class='ocrx_word' id='word_1_211' title='bbox 991 1675 1204 1724; x_wconf 80' lang='lat' dir='ltr'>quicunque</span> <span class='ocrx_word' id='word_1_212' title='bbox 1232 1674 1526 1711; x_wconf 79' lang='lat' dir='ltr'>manducaverit</span> 
     </span>
     <span class='ocr_line' id='line_1_26' title="bbox 153 1731 1528 1783; baseline -0.002 -14"><span class='ocrx_word' id='word_1_213' title='bbox 153 1732 344 1782; x_wconf 78' lang='lat' dir='ltr'>25panem</span> <span class='ocrx_word' id='word_1_214' title='bbox 399 1734 459 1770; x_wconf 77' lang='lat' dir='ltr'>vel</span> <span class='ocrx_word' id='word_1_215' title='bbox 509 1734 644 1770; x_wconf 79' lang='lat' dir='ltr'>biberit</span> <span class='ocrx_word' id='word_1_216' title='bbox 687 1733 844 1770; x_wconf 86' lang='lat' dir='ltr'>calicem</span> <span class='ocrx_word' id='word_1_217' title='bbox 890 1733 1051 1770; x_wconf 88' lang='lat' dir='ltr'>Domini</span> <span class='ocrx_word' id='word_1_218' title='bbox 1092 1733 1262 1783; x_wconf 79' lang='lat' dir='ltr'>indigne,</span> <span class='ocrx_word' id='word_1_219' title='bbox 1315 1744 1404 1768; x_wconf 85' lang='lat' dir='ltr'>reus</span> <span class='ocrx_word' id='word_1_220' title='bbox 1454 1731 1528 1767; x_wconf 78' lang='lat' dir='ltr'>erit</span> 
     </span>
     <span class='ocr_line' id='line_1_27' title="bbox 210 1789 1526 1841; baseline -0.002 -14"><span class='ocrx_word' id='word_1_221' title='bbox 210 1792 389 1840; x_wconf 82' lang='lat' dir='ltr'>corporis</span> <span class='ocrx_word' id='word_1_222' title='bbox 431 1799 466 1827; x_wconf 83' lang='lat' dir='ltr'>et</span> <span class='ocrx_word' id='word_1_223' title='bbox 509 1791 711 1841; x_wconf 79' lang='lat' dir='ltr'>sanguinis</span> <span class='ocrx_word' id='word_1_224' title='bbox 743 1791 915 1829; x_wconf 86' lang='lat' dir='ltr'>Domini.</span> <span class='ocrx_word' id='word_1_225' title='bbox 961 1791 1104 1827; x_wconf 83' lang='lat' dir='ltr'>Probet</span> <span class='ocrx_word' id='word_1_226' title='bbox 1150 1799 1274 1827; x_wconf 85' lang='lat' dir='ltr'>autem</span> <span class='ocrx_word' id='word_1_227' title='bbox 1319 1802 1360 1826; x_wconf 85' lang='lat' dir='ltr'>se</span> <span class='ocrx_word' id='word_1_228' title='bbox 1403 1789 1526 1838; x_wconf 82' lang='lat' dir='ltr'>ipsum</span> 
     </span>
     <span class='ocr_line' id='line_1_28' title="bbox 212 1844 1528 1898; baseline -0.003 -13"><span class='ocrx_word' id='word_1_229' title='bbox 212 1850 324 1885; x_wconf 82' lang='lat' dir='ltr'>homo</span> <span class='ocrx_word' id='word_1_230' title='bbox 357 1856 392 1885; x_wconf 86' lang='lat' dir='ltr'>et</span> <span class='ocrx_word' id='word_1_231' title='bbox 422 1850 477 1885; x_wconf 86' lang='lat' dir='ltr'>sic</span> <span class='ocrx_word' id='word_1_232' title='bbox 511 1850 557 1885; x_wconf 84' lang='lat' dir='ltr'>de</span> <span class='ocrx_word' id='word_1_233' title='bbox 583 1861 686 1898; x_wconf 80' lang='lat' dir='ltr'>pane</span> <span class='ocrx_word' id='word_1_234' title='bbox 717 1849 783 1885; x_wconf 91' lang='lat' dir='ltr'>illo</span> <span class='ocrx_word' id='word_1_235' title='bbox 816 1850 905 1885; x_wconf 83' lang='lat' dir='ltr'>edat</span> <span class='ocrx_word' id='word_1_236' title='bbox 937 1856 971 1885; x_wconf 89' lang='lat' dir='ltr'>et</span> <span class='ocrx_word' id='word_1_237' title='bbox 1004 1849 1051 1884; x_wconf 84' lang='lat' dir='ltr'>de</span> <span class='ocrx_word' id='word_1_238' title='bbox 1091 1849 1209 1884; x_wconf 88' lang='lat' dir='ltr'>calice</span> <span class='ocrx_word' id='word_1_239' title='bbox 1241 1848 1353 1885; x_wconf 86' lang='lat' dir='ltr'>bibat.</span> <span class='ocrx_word' id='word_1_240' title='bbox 1390 1844 1528 1892; x_wconf 87' lang='lat' dir='ltr'>Qualis</span> 
     </span>
     <span class='ocr_line' id='line_1_29' title="bbox 213 1904 1528 1955; baseline -0.002 -12"><span class='ocrx_word' id='word_1_241' title='bbox 213 1916 345 1943; x_wconf 87' lang='lat' dir='ltr'>autem</span> <span class='ocrx_word' id='word_1_242' title='bbox 378 1907 493 1955; x_wconf 86' lang='lat' dir='ltr'>panis</span> <span class='ocrx_word' id='word_1_243' title='bbox 525 1907 591 1943; x_wconf 88' lang='lat' dir='ltr'>ille</span> <span class='ocrx_word' id='word_1_244' title='bbox 622 1906 754 1953; x_wconf 85' lang='lat' dir='ltr'>fuerit,</span> <span class='ocrx_word' id='word_1_245' title='bbox 789 1907 967 1943; x_wconf 88' lang='lat' dir='ltr'>declarat</span> <span class='ocrx_word' id='word_1_246' title='bbox 1000 1906 1110 1954; x_wconf 86' lang='lat' dir='ltr'>prius</span> <span class='ocrx_word' id='word_1_247' title='bbox 1154 1906 1260 1942; x_wconf 89' lang='lat' dir='ltr'>idem</span> <span class='ocrx_word' id='word_1_248' title='bbox 1292 1904 1528 1953; x_wconf 77' lang='lat' dir='ltr'>Apostolus3</span> 
     </span>
     <span class='ocr_line' id='line_1_30' title="bbox 214 1962 1520 2014; baseline -0.002 -14"><span class='ocrx_word' id='word_1_249' title='bbox 214 1966 334 2003; x_wconf 89' lang='lat' dir='ltr'>ICor.</span> <span class='ocrx_word' id='word_1_250' title='bbox 351 1966 396 2011; x_wconf 85' lang='lat' dir='ltr'>X,</span> <span class='ocrx_word' id='word_1_251' title='bbox 428 1966 474 2002; x_wconf 86' lang='lat'>16</span> <span class='ocrx_word' id='word_1_252' title='bbox 500 1965 664 2013; x_wconf 87' lang='lat' dir='ltr'>quando</span> <span class='ocrx_word' id='word_1_253' title='bbox 688 1964 786 2000; x_wconf 90' lang='lat' dir='ltr'>dicit</span> <span class='ocrx_word' id='word_1_254' title='bbox 810 1966 917 2013; x_wconf 90' lang='lat' dir='ltr'>quod</span> <span class='ocrx_word' id='word_1_255' title='bbox 943 1973 1001 2001; x_wconf 90' lang='lat' dir='ltr'>est</span> <span class='ocrx_word' id='word_1_256' title='bbox 1018 1964 1135 2013; x_wconf 84' lang='lat' dir='ltr'>panis</span> <span class='ocrx_word' id='word_1_257' title='bbox 1157 1976 1267 2012; x_wconf 84' lang='lat' dir='ltr'>quenz</span> <span class='ocrx_word' id='word_1_258' title='bbox 1281 1962 1520 2014; x_wconf 74' lang='lat' dir='ltr'>frangimus</span> 
     </span>
     <span class='ocr_line' id='line_1_31' title="bbox 158 2020 1530 2071; baseline -0.002 -13"><span class='ocrx_word' id='word_1_259' title='bbox 158 2022 199 2053; x_wconf 75' lang='lat'>30</span> <span class='ocrx_word' id='word_1_260' title='bbox 214 2032 252 2058; x_wconf 87' lang='lat' dir='ltr'>et</span> <span class='ocrx_word' id='word_1_261' title='bbox 290 2035 370 2058; x_wconf 90' lang='lat' dir='ltr'>non</span> <span class='ocrx_word' id='word_1_262' title='bbox 410 2022 577 2059; x_wconf 86' lang='lat' dir='ltr'>dubium</span> <span class='ocrx_word' id='word_1_263' title='bbox 618 2022 712 2071; x_wconf 89' lang='lat' dir='ltr'>quia</span> <span class='ocrx_word' id='word_1_264' title='bbox 744 2023 962 2070; x_wconf 90' lang='lat' dir='ltr'>Apostolus</span> <span class='ocrx_word' id='word_1_265' title='bbox 1002 2021 1132 2058; x_wconf 91' lang='lat' dir='ltr'>noluit</span> <span class='ocrx_word' id='word_1_266' title='bbox 1165 2022 1272 2070; x_wconf 90' lang='lat' dir='ltr'>quod</span> <span class='ocrx_word' id='word_1_267' title='bbox 1310 2020 1530 2068; x_wconf 80' lang='lat' dir='ltr'>frangimus</span> 
     </span>
    </p>
   </div>
   <div class='ocr_carea' id='block_1_3' title="bbox 216 2078 1530 2174">
    <p class='ocr_par' dir='ltr' id='par_1_3' title="bbox 216 2078 1530 2174">
     <span class='ocr_line' id='line_1_32' title="bbox 216 2078 1530 2128; baseline -0.002 -12"><span class='ocrx_word' id='word_1_268' title='bbox 216 2081 376 2126; x_wconf 82' lang='lat' dir='ltr'>collum,</span> <span class='ocrx_word' id='word_1_269' title='bbox 431 2081 596 2116; x_wconf 88' lang='lat' dir='ltr'>dorsum</span> <span class='ocrx_word' id='word_1_270' title='bbox 650 2090 687 2117; x_wconf 89' lang='lat' dir='ltr'>et</span> <span class='ocrx_word' id='word_1_271' title='bbox 732 2090 888 2127; x_wconf 83' lang='lat' dir='ltr'>partem</span> <span class='ocrx_word' id='word_1_272' title='bbox 934 2080 1156 2128; x_wconf 90' lang='lat' dir='ltr'>quamlibet</span> <span class='ocrx_word' id='word_1_273' title='bbox 1209 2078 1394 2127; x_wconf 83' lang='lat' dir='ltr'>corporis</span> <span class='ocrx_word' id='word_1_274' title='bbox 1440 2080 1530 2114; x_wconf 89' lang='lat' dir='ltr'>Jesu</span> 
     </span>
     <span class='ocr_line' id='line_1_33' title="bbox 217 2137 378 2174; baseline 0.006 -1"><span class='ocrx_word' id='word_1_275' title='bbox 217 2137 378 2174; x_wconf 89' lang='lat' dir='ltr'>Christi.</span> 
     </span>
    </p>
   </div>
   <div class='ocr_carea' id='block_1_4' title="bbox 738 2249 1013 2290">
    <p class='ocr_par' dir='ltr' id='par_1_4' title="bbox 738 2249 1013 2290">
     <span class='ocr_line' id='line_1_34' title="bbox 738 2249 1013 2290; baseline 0 0"><span class='ocrx_word' id='word_1_276' title='bbox 738 2249 877 2290; x_wconf 83' lang='lat' dir='ltr'><strong>CAP.</strong></span> <span class='ocrx_word' id='word_1_277' title='bbox 909 2250 1013 2290; x_wconf 85' lang='lat' dir='ltr'>XL.</span> 
     </span>
    </p>
   </div>
   <div class='ocr_carea' id='block_1_5' title="bbox 279 2342 1794 2394">
    <p class='ocr_par' dir='ltr' id='par_1_5' title="bbox 279 2342 1794 2394">
     <span class='ocr_line' id='line_1_35' title="bbox 279 2342 1794 2394; baseline -0.005 -12"><span class='ocrx_word' id='word_1_278' title='bbox 279 2348 413 2382; x_wconf 82' lang='lat' dir='ltr'>Restat</span> <span class='ocrx_word' id='word_1_279' title='bbox 436 2354 711 2382; x_wconf 83' lang='lat' dir='ltr'>transcurrere</span> <span class='ocrx_word' id='word_1_280' title='bbox 734 2358 804 2394; x_wconf 87' lang='lat' dir='ltr'>per</span> <span class='ocrx_word' id='word_1_281' title='bbox 827 2346 958 2393; x_wconf 81' lang='lat' dir='ltr'>glosas</span> <span class='ocrx_word' id='word_1_282' title='bbox 990 2345 1221 2392; x_wconf 85' lang='lat' dir='ltr'>prophanas</span> <span class='ocrx_word' id='word_1_283' title='bbox 1246 2356 1344 2392; x_wconf 85' lang='lat' dir='ltr'>quas</span> <span class='ocrx_word' id='word_1_284' title='bbox 1368 2342 1533 2379; x_wconf 88' lang='lat' dir='ltr'>heretici</span> <span class='ocrx_word' id='word_1_285' title='bbox 1575 2349 1642 2376; x_wconf 79' lang='lat' dir='ltr'>The</span> <span class='ocrx_word' id='word_1_286' title='bbox 1663 2348 1794 2375; x_wconf 81' lang='lat' dir='ltr'>heretics</span> 
     </span>
    </p>
   </div>
   <div class='ocr_carea' id='block_1_6' title="bbox 165 2383 1815 2508">
    <p class='ocr_par' dir='ltr' id='par_1_6' title="bbox 165 2383 1815 2508">
     <span class='ocr_line' id='line_1_36' title="bbox 165 2383 1815 2451; baseline -0.003 -11"><span class='ocrx_word' id='word_1_287' title='bbox 165 2403 204 2434; x_wconf 74' lang='lat'>35</span> <span class='ocrx_word' id='word_1_288' title='bbox 222 2404 448 2440; x_wconf 86' lang='lat' dir='ltr'>attribuunt</span> <span class='ocrx_word' id='word_1_289' title='bbox 500 2403 669 2440; x_wconf 79' lang='lat' dir='ltr'>textibus</span> <span class='ocrx_word' id='word_1_290' title='bbox 722 2403 815 2439; x_wconf 87' lang='lat' dir='ltr'>fidei</span> <span class='ocrx_word' id='word_1_291' title='bbox 867 2402 1049 2451; x_wconf 88' lang='lat' dir='ltr'>superius</span> <span class='ocrx_word' id='word_1_292' title='bbox 1101 2402 1304 2449; x_wconf 80' lang='lat' dir='ltr'>allegatis:</span> <span class='ocrx_word' id='word_1_293' title='bbox 1359 2383 1815 2451; x_wconf 52' lang='lat' dir='ltr'>Quidalnt{{{0¹5{{{{1‘}s¹bdye</span> 
     </span>
     <span class='ocr_line' id='line_1_37' title="bbox 223 2453 1798 2508; baseline -0.003 -10"><span class='ocrx_word' id='word_1_294' title='bbox 223 2471 355 2498; x_wconf 87' lang='lat' dir='ltr'>autem</span> <span class='ocrx_word' id='word_1_295' title='bbox 402 2461 566 2498; x_wconf 87' lang='lat' dir='ltr'>heretici</span> <span class='ocrx_word' id='word_1_296' title='bbox 611 2474 684 2508; x_wconf 84' lang='lat' dir='ltr'>pro</span> <span class='ocrx_word' id='word_1_297' title='bbox 732 2461 1012 2497; x_wconf 87' lang='lat' dir='ltr'>fundamento</span> <span class='ocrx_word' id='word_1_298' title='bbox 1046 2459 1211 2508; x_wconf 87' lang='lat' dir='ltr'>capiunt</span> <span class='ocrx_word' id='word_1_299' title='bbox 1255 2460 1364 2507; x_wconf 91' lang='lat' dir='ltr'>quod</span> <span class='ocrx_word' id='word_1_300' title='bbox 1408 2467 1535 2495; x_wconf 88' lang='lat' dir='ltr'>textus</span> <span class='ocrx_word' id='word_1_301' title='bbox 1576 2454 1650 2481; x_wconf 49' lang='lat'>¹³¹5&amp;</span> <span class='ocrx_word' id='word_1_302' title='bbox 1670 2453 1798 2487; x_wconf 70' lang='lat' dir='ltr'>glosses,</span> 
     </span>
    </p>
   </div>
   <div class='ocr_carea' id='block_1_7' title="bbox 221 2516 1536 2567">
    <p class='ocr_par' dir='ltr' id='par_1_7' title="bbox 221 2516 1536 2567">
     <span class='ocr_line' id='line_1_38' title="bbox 221 2516 1536 2567; baseline -0.002 -12"><span class='ocrx_word' id='word_1_303' title='bbox 221 2519 383 2567; x_wconf 67' lang='lat' dir='ltr'>‘allegati</span> <span class='ocrx_word' id='word_1_304' title='bbox 428 2519 610 2567; x_wconf 88' lang='lat' dir='ltr'>superius</span> <span class='ocrx_word' id='word_1_305' title='bbox 655 2519 758 2555; x_wconf 87' lang='lat' dir='ltr'>sicut</span> <span class='ocrx_word' id='word_1_306' title='bbox 804 2517 917 2554; x_wconf 89' lang='lat' dir='ltr'>multi</span> <span class='ocrx_word' id='word_1_307' title='bbox 963 2517 997 2554; x_wconf 92' lang='lat' dir='ltr'>ei</span> <span class='ocrx_word' id='word_1_308' title='bbox 1041 2517 1189 2553; x_wconf 89' lang='lat' dir='ltr'>similes</span> <span class='ocrx_word' id='word_1_309' title='bbox 1234 2525 1326 2553; x_wconf 88' lang='lat' dir='ltr'>sunt</span> <span class='ocrx_word' id='word_1_310' title='bbox 1370 2516 1459 2552; x_wconf 89' lang='lat' dir='ltr'>falsi</span> <span class='ocrx_word' id='word_1_311' title='bbox 1499 2525 1536 2552; x_wconf 92' lang='lat' dir='ltr'>et</span> 
     </span>
    </p>
   </div>
   <div class='ocr_carea' id='block_1_8' title="bbox 228 2682 1538 2757">
    <p class='ocr_par' dir='ltr' id='par_1_8' title="bbox 228 2682 1538 2757">
     <span class='ocr_line' id='line_1_39' title="bbox 300 2682 1538 2722; baseline -0.004 -7"><span class='ocrx_word' id='word_1_312' title='bbox 300 2697 320 2716; x_wconf 85' lang='lat' dir='ltr'>l.</span> <span class='ocrx_word' id='word_1_313' title='bbox 341 2689 368 2715; x_wconf 87' lang='lat' dir='ltr'>A</span> <span class='ocrx_word' id='word_1_314' title='bbox 388 2688 419 2714; x_wconf 88' lang='lat' dir='ltr'>in</span> <span class='ocrx_word' id='word_1_315' title='bbox 440 2695 554 2722; x_wconf 57' lang='lat' dir='ltr'>marg:</span> <span class='ocrx_word' id='word_1_316' title='bbox 574 2693 607 2720; x_wconf 80' lang='lat'>4.</span> <span class='ocrx_word' id='word_1_317' title='bbox 674 2686 698 2714; x_wconf 85' lang='lat'>5.</span> <span class='ocrx_word' id='word_1_318' title='bbox 719 2687 748 2713; x_wconf 93' lang='lat' dir='ltr'>A</span> <span class='ocrx_word' id='word_1_319' title='bbox 767 2686 797 2713; x_wconf 91' lang='lat' dir='ltr'>in</span> <span class='ocrx_word' id='word_1_320' title='bbox 814 2694 929 2721; x_wconf 58' lang='lat' dir='ltr'>marg:</span> <span class='ocrx_word' id='word_1_321' title='bbox 951 2686 981 2713; x_wconf 76' lang='grc'>5.</span> <span class='ocrx_word' id='word_1_322' title='bbox 1059 2684 1102 2713; x_wconf 84' lang='lat'>33.</span> <span class='ocrx_word' id='word_1_323' title='bbox 1127 2685 1199 2721; x_wconf 85' lang='lat' dir='ltr'>Cap.</span> <span class='ocrx_word' id='word_1_324' title='bbox 1221 2684 1354 2712; x_wconf 83' lang='lat' dir='ltr'><em>XXXIX.</em></span> <span class='ocrx_word' id='word_1_325' title='bbox 1393 2682 1439 2718; x_wconf 78' lang='lat'>34.</span> <span class='ocrx_word' id='word_1_326' title='bbox 1460 2685 1489 2711; x_wconf 92' lang='lat' dir='ltr'><strong>A</strong></span> <span class='ocrx_word' id='word_1_327' title='bbox 1507 2683 1538 2710; x_wconf 84' lang='lat' dir='ltr'>in</span> 
     </span>
     <span class='ocr_line' id='line_1_40' title="bbox 228 2719 1400 2757; baseline -0.003 -7"><span class='ocrx_word' id='word_1_328' title='bbox 228 2731 342 2757; x_wconf 79' lang='lat' dir='ltr'>marg.:</span> <span class='ocrx_word' id='word_1_329' title='bbox 362 2722 540 2754; x_wconf 70' lang='lat' dir='ltr'>Jolzannes‚·</span> <span class='ocrx_word' id='word_1_330' title='bbox 559 2721 581 2748; x_wconf 83' lang='lat' dir='ltr'>B</span> <span class='ocrx_word' id='word_1_331' title='bbox 607 2721 636 2748; x_wconf 88' lang='lat' dir='ltr'>in</span> <span class='ocrx_word' id='word_1_332' title='bbox 664 2729 779 2755; x_wconf 83' lang='lat' dir='ltr'>marg.:</span> <span class='ocrx_word' id='word_1_333' title='bbox 801 2727 855 2754; x_wconf 82' lang='lat'>40.</span> <span class='ocrx_word' id='word_1_334' title='bbox 946 2719 986 2748; x_wconf 76' lang='lat'>35.</span> <span class='ocrx_word' id='word_1_335' title='bbox 1007 2721 1035 2747; x_wconf 94' lang='lat' dir='ltr'>A</span> <span class='ocrx_word' id='word_1_336' title='bbox 1055 2720 1085 2747; x_wconf 87' lang='lat' dir='ltr'>in</span> <span class='ocrx_word' id='word_1_337' title='bbox 1108 2728 1220 2755; x_wconf 58' lang='lat' dir='ltr'>marg:</span> <span class='ocrx_word' id='word_1_338' title='bbox 1245 2719 1400 2747; x_wconf 77' lang='lat' dir='ltr'>Obieccio.</span> 
     </span>
    </p>
   </div>
   <div class='ocr_carea' id='block_1_9' title="bbox 232 2802 1540 2891">
    <p class='ocr_par' dir='ltr' id='par_1_9' title="bbox 232 2802 1540 2891">
     <span class='ocr_line' id='line_1_41' title="bbox 303 2802 1540 2845; baseline -0.004 -8"><span class='ocrx_word' id='word_1_339' title='bbox 303 2816 329 2836; x_wconf 88' lang='lat'>1.</span> <span class='ocrx_word' id='word_1_340' title='bbox 358 2805 442 2837; x_wconf 81' lang='lat' dir='ltr'>lbid.</span> <span class='ocrx_word' id='word_1_341' title='bbox 468 2804 548 2845; x_wconf 64' lang='lat'>4:34.</span> <span class='ocrx_word' id='word_1_342' title='bbox 636 2804 665 2835; x_wconf 83' lang='grc'>5.</span> <span class='ocrx_word' id='word_1_343' title='bbox 693 2804 772 2835; x_wconf 85' lang='lat' dir='ltr'>Scil.</span> <span class='ocrx_word' id='word_1_344' title='bbox 800 2805 832 2835; x_wconf 83' lang='lat' dir='ltr'>S.</span> <span class='ocrx_word' id='word_1_345' title='bbox 861 2803 1078 2836; x_wconf 70' lang='lat' dir='ltr'>Ambrosius.</span> <span class='ocrx_word' id='word_1_346' title='bbox 1107 2802 1158 2834; x_wconf 90' lang='lat' dir='ltr'>Cf.</span> <span class='ocrx_word' id='word_1_347' title='bbox 1185 2803 1320 2834; x_wconf 89' lang='lat' dir='ltr'>Decret.</span> <span class='ocrx_word' id='word_1_348' title='bbox 1346 2808 1423 2833; x_wconf 87' lang='lat' dir='ltr'>tert.</span> <span class='ocrx_word' id='word_1_349' title='bbox 1450 2812 1540 2842; x_wconf 82' lang='lat' dir='ltr'>pars.</span> 
     </span>
     <span class='ocr_line' id='line_1_42' title="bbox 232 2847 1472 2891; baseline -0.003 -9"><span class='ocrx_word' id='word_1_350' title='bbox 232 2852 281 2882; x_wconf 81' lang='lat' dir='ltr'>De</span> <span class='ocrx_word' id='word_1_351' title='bbox 309 2852 474 2882; x_wconf 82' lang='lat' dir='ltr'>Consecr.</span> <span class='ocrx_word' id='word_1_352' title='bbox 501 2851 577 2881; x_wconf 77' lang='lat' dir='ltr'>dist.</span> <span class='ocrx_word' id='word_1_353' title='bbox 606 2851 642 2890; x_wconf 86' lang='lat' dir='ltr'>Il,</span> <span class='ocrx_word' id='word_1_354' title='bbox 671 2850 754 2891; x_wconf 76' lang='lat' dir='ltr'>Cap.</span> <span class='ocrx_word' id='word_1_355' title='bbox 783 2850 930 2880; x_wconf 82' lang='lat' dir='ltr'>LXXIV.</span> <span class='ocrx_word' id='word_1_356' title='bbox 1007 2859 1059 2881; x_wconf 87' lang='lat'>22.</span> <span class='ocrx_word' id='word_1_357' title='bbox 1087 2849 1110 2880; x_wconf 95' lang='grc' dir='ltr'>Ι.</span> <span class='ocrx_word' id='word_1_358' title='bbox 1138 2849 1216 2880; x_wconf 90' lang='lat' dir='ltr'>Cor.</span> <span class='ocrx_word' id='word_1_359' title='bbox 1243 2849 1299 2888; x_wconf 85' lang='lat' dir='ltr'>XI,</span> <span class='ocrx_word' id='word_1_360' title='bbox 1327 2847 1472 2879; x_wconf 75' lang='lat'>26—28.</span> 
     </span>
    </p>
   </div>
   <div class='ocr_carea' id='block_1_10' title="bbox 1366 2916 1404 2936">
    <p class='ocr_par' dir='ltr' id='par_1_10' title="bbox 1366 2916 1404 2936">
     <span class='ocr_line' id='line_1_43' title="bbox 1366 2916 1404 2936; baseline -0.026 0"><span class='ocrx_word' id='word_1_361' title='bbox 1366 2916 1404 2936; x_wconf 76' lang='lat'>10</span> 
     </span>
    </p>
   </div>
  </div>
 </body>
</html>
