1986 3289
183 182 261 220 262
779 188 897 219 OPUS
922 186 1258 218 EVANGELICUM
1287 186 1370 217 LIB.
1398 185 1451 217 ΙΙΙ.
1559 174 1668 228 [CAP.
1690 181 1783 209 LXX-

480 294 583 338 Quid
626 300 751 329 autem
793 300 922 342 potest
966 293 1090 329 maius
1135 292 1230 329 dari,
1248 292 1368 341 fideli
1398 304 1511 328 servo
1555 304 1667 341 quarn
1708 303 1788 328 esse

473 364 559 388 cum
593 351 761 387 Domino
795 358 828 387 et
862 351 995 387 videre
1031 350 1221 401 gaudium
1254 350 1418 386 Domini
1446 350 1516 386 sui.
1563 351 1647 386 Hec
1678 350 1788 386 Jero-

473 421 628 457 nymus.

194 465 447 528 efftffhsssffitest‘ssg
532 468 654 503 Plana
687 466 846 502 videtur
880 479 964 503 esse
997 465 1202 502 sentencia
1244 465 1360 502 huius
1394 464 1522 502 sancti
1555 466 1664 513 quod
1696 464 1788 501 licet

190 535 399 574 same-things
420 542 452 561 as
474 526 703 562 sacerdotes
726 524 991 572 predestinati
1014 525 1189 560 habeant
1211 523 1251 559 in
1273 523 1337 560 via
1360 523 1498 560 omnia
1531 535 1606 570 que
1640 523 1788 559 habent
1805 525 1820 556 5

183 570 579 631 thosfflnffiagembeati
612 583 653 618 in
686 582 830 630 patria,
884 592 1020 619 tamen
1055 591 1221 630 propter
1254 582 1378 618 alium
1415 583 1581 617 modum
1615 579 1788 616 habendi

201 639 342 667 different
362 647 439 674 way.
474 640 622 676 dicitur
656 639 814 676 habicio
848 640 1065 688 duplicata,
1101 648 1138 676 et
1171 640 1248 676 hoc
1281 648 1339 676 est
1363 640 1470 688 quod
1504 638 1642 674 dicunt
1675 650 1788 674 mun—

475 698 568 735 dani
600 697 751 745 legiste,
787 698 964 734 dicentes
988 699 1097 747 quod
1121 697 1228 734 aliud
1254 706 1312 734 est
1346 698 1494 733 habere
1527 696 1587 732 ius
1622 697 1672 732 ad
1705 708 1788 732 rem

474 765 512 792 et
545 756 654 792 aliud
686 755 746 792 ius
780 755 820 791 in
844 768 897 802 re,
932 756 1034 792 sicut
1058 764 1114 792 est
1146 755 1255 791 aliud
1278 757 1424 792 habere
1457 754 1517 790 ius
1550 755 1600 790 ad
1623 755 1712 800 hoc,
1746 761 1790 789 ut

474 827 535 850 res
558 815 821 862 postmodum
846 815 1056 860 habeatur,
1082 822 1118 850 et
1142 814 1250 849 aliud
1268 815 1415 850 habere
1438 812 1649 849 actualiter
1671 824 1786 848 usum
1810 825 1848 846 10

474 873 646 917 f1·uctus;
691 885 764 908 nec
805 872 985 909 dissonat
1019 873 1127 920 quod
1160 884 1294 908 servus
1328 873 1456 907 bonus
1490 879 1527 907 et
1559 870 1687 906 fidelis
1719 882 1789 917 po-

475 939 593 967 netur
625 942 744 978 super
769 931 907 966 decem
933 931 1127 973 civitates,
1162 929 1257 978 quia
1290 928 1480 977 gaudebit
1512 928 1553 964 in
1587 928 1719 976 patria
1742 929 1789 963 de

474 997 560 1025 tota
593 987 852 1024 universitate
876 988 1085 1024 hominum
1121 1000 1222 1036 quos
1256 987 1453 1024 convertit
1486 995 1523 1023 et
1555 985 1716 1022 habicio
1749 985 1789 1021 in

475 1046 537 1083 via
572 1055 629 1082 est
661 1046 756 1082 satis
791 1046 951 1082 modica
984 1047 1119 1095 quoad
1151 1045 1276 1082 illam.

214 1113 435 1151 chrysostom:
535 1104 810 1140 Crisostomus
863 1113 995 1141 autem
1042 1116 1161 1152 super
1208 1103 1284 1140 isto
1329 1112 1436 1139 textu
1481 1102 1537 1139 sic
1589 1101 1847 1150 loquiturz15

195 1147 447 1210 lttlxffisgfficssttul
476 1163 609 1198 Primo
635 1162 834 1198 videamus
857 1174 977 1211 quare
1006 1162 1158 1198 interim
1182 1162 1374 1198 Dominus
1396 1161 1568 1197 ascendit
1599 1160 1635 1195 in
1668 1160 1790 1196 celum

204 1217 445 1279 δὶῑὲῗὲῑῗιεὲξῐέᾓξῑ
471 1228 561 1270 post
588 1220 782 1256 modicum
816 1221 955 1256 iterum
990 1232 1224 1256 reversurus
1266 1227 1301 1255 et
1343 1231 1496 1269 semper
1527 1231 1611 1254 cum
1643 1217 1792 1254 sanctis

476 1279 658 1327 futurus,
689 1286 729 1314 ut
759 1279 912 1315 absente
935 1291 977 1314 eo
989 1278 1133 1328 fideles
1163 1278 1336 1328 gloriam
1369 1277 1444 1313 sibi
1474 1284 1508 1313 et
1541 1276 1657 1312 vitam
1692 1283 1790 1311 eter—

477 1350 563 1372 nam
598 1336 802 1384 acquirant
847 1349 922 1386 per
967 1349 1098 1385 opera.
1154 1336 1337 1372 Presente
1380 1335 1478 1371 enim
1517 1334 1673 1370 Christo
1725 1345 1792 1369 nec

477 1395 662 1443 temptari
681 1394 827 1444 fideles
854 1401 1040 1443 poterant
1072 1406 1139 1430 nec
1167 1393 1336 1443 probari
1366 1394 1400 1429 si
1431 1399 1555 1429 essent
1587 1391 1671 1428 veri
1689 1391 1790 1442 fide-
1808 1406 1850 1427 20

477 1453 544 1498 les,
578 1453 755 1501 quoniam
779 1452 814 1488 si
843 1452 891 1488 sit
918 1464 1083 1501 presens
1105 1464 1177 1487 non
1202 1452 1375 1487 creditur
1406 1451 1475 1487 sed
1507 1451 1672 1496 videtur,
1707 1461 1789 1485 cum

476 1518 602 1546 autem
637 1511 772 1546 absens
795 1510 928 1558 fuerit
960 1523 1032 1546 non
1067 1510 1219 1545 videtur
1249 1510 1318 1545 sed
1350 1509 1525 1545 creditur
1558 1508 1647 1543 dum
1682 1507 1790 1543 time-

477 1576 552 1604 tur.
594 1568 751 1604 Christo
797 1568 921 1618 igitur
964 1575 1145 1617 presente
1191 1568 1262 1603 etsi
1299 1567 1591 1616 temptacionem
1624 1565 1792 1614 aliquam

475 1626 709 1662 sustinerent
727 1633 896 1675 propter
918 1639 1000 1662 eam
1024 1633 1091 1661 aut
1113 1625 1300 1661 iusticiam
1315 1625 1514 1673 facerent,
1548 1636 1644 1673 opus
1667 1631 1793 1659 tamen

478 1697 610 1720 eorum
646 1692 717 1720 non
752 1684 957 1720 videbatur
990 1684 1025 1719 in
1047 1684 1134 1733 fide
1165 1684 1234 1719 sed
1266 1683 1301 1718 in
1335 1683 1467 1719 oculis.
1503 1683 1594 1717 Ideo
1627 1693 1694 1717 nec
1722 1693 1793 1730 po·
1810 1685 1850 1717 25

477 1749 605 1778 terant
647 1742 720 1778 sibi
762 1742 979 1778 mercedem
1002 1741 1104 1792 fidei
1140 1753 1217 1790 per
1255 1741 1443 1777 iusticiam
1489 1740 1691 1788 acquirere
1722 1738 1796 1775 nisi

477 1800 710 1836 ascendisset
753 1801 799 1835 ab
844 1800 907 1836 eis.
962 1800 1063 1835 Nam
1108 1811 1245 1835 servus
1264 1799 1402 1848 fidelis
1441 1799 1594 1834 domino
1641 1797 1795 1833 absente

473 1859 683 1907 probatur,
726 1865 907 1907 presente
954 1865 1081 1893 autem
1128 1857 1284 1893 domino
1329 1856 1508 1905 quicquid
1527 1855 1677 1904 fecerit
1721 1866 1794 1890 non

478 1924 533 1952 est
566 1917 651 1952 laus
683 1917 790 1952 servi
825 1916 894 1952 sed
922 1915 1078 1953 domini.
1120 1915 1232 1951 Vides
1264 1915 1351 1963 quia
1385 1927 1457 1950 non
1485 1921 1652 1963 propter
1683 1925 1791 1949 suam

478 1974 679 2010 utilitatem
739 1974 917 2010 Christus
969 1973 1216 2019 ascendisset,
1280 1974 1349 2009 sed
1388 1979 1555 2021 propter
1606 1978 1792 2008 nostram.
1810 1969 1851 2001 30

482 2033 646 2082 Tempus
679 2040 804 2068 autem
841 2032 970 2080 differt
1002 2032 1160 2081 largum
1184 2038 1224 2066 ut
1253 2031 1410 2081 longior
1444 2031 1557 2066 detur
1579 2028 1794 2065 hominibus

480 2090 626 2126 iusticie
646 2090 833 2138 faciende
865 2089 1034 2125 licencia.

200 2156 340 2191 Modesty
361 2154 395 2181 of
412 2155 461 2181 the
540 2149 592 2183 Et
613 2149 797 2184 accedens
826 2148 892 2196 qui
912 2147 1072 2195 quinque
1094 2147 1237 2182 talenta
1271 2153 1339 2183 etc.
1382 2146 1486 2191 Vide,
1519 2146 1637 2181 bonus
1658 2156 1796 2180 servus

209 2191 288 2225 good
312 2194 442 2217 servant.
482 2218 556 2241 non
588 2206 699 2255 quasi
719 2206 900 2256 glorians
933 2205 968 2240 in
1002 2217 1118 2254 opere
1139 2217 1208 2240 suo
1241 2217 1314 2239 non
1342 2204 1514 2252 primum
1550 2203 1793 2239 lucratorum

483 2264 715 2299 talentorum
739 2263 968 2299 memoriam
987 2262 1107 2311 facit,
1141 2263 1209 2298 sed
1225 2262 1357 2310 primo
1387 2268 1577 2297 memorat
1600 2272 1669 2309 que
1690 2272 1795 2296 acce-
1811 2257 1851 2291 35

478 2322 549 2370 pit,
603 2329 738 2370 postea
770 2334 841 2370 que
882 2320 1035 2366 invenit,
1088 2327 1128 2355 ut
1161 2320 1337 2355 ostendat
1381 2331 1453 2355 non
1492 2318 1610 2354 studii
1639 2318 1701 2353 sui
1731 2325 1795 2353 aut

484 2380 629 2415 laboris
675 2392 756 2415 esse
787 2379 890 2428 qnod
921 2377 1122 2426 acquisivit
1154 2378 1222 2413 sed
1259 2377 1528 2426 beneficiorum
1563 2375 1710 2412 domini
1738 2375 1799 2411 sui

481 2438 616 2485 quibus
645 2437 845 2485 acquisivit
868 2444 1063 2484 tamquam
1088 2436 1122 2471 si
1153 2435 1275 2471 dicat:
1307 2435 1483 2481 Domine,
1517 2446 1590 2484 ego
1613 2440 1793 2482 quantum

482 2496 534 2530 ad
578 2507 701 2531 meum
747 2494 915 2530 studium
963 2501 998 2529 et
1049 2494 1221 2529 laborem
1275 2493 1348 2529 nisi
1399 2492 1591 2528 modicam
1643 2491 1794 2540 quidem

552 2684 581 2706 4.
604 2676 630 2701 Α
647 2675 674 2701 in
693 2682 788 2708 marg.
801 2684 806 2700 ς
821 2674 988 2701 johannes.
1063 2672 1097 2699 15.
1112 2673 1137 2699 A
1152 2672 1179 2699 in
1194 2680 1308 2706 marg:
1329 2671 1542 2698 Crisostomus.
1619 2678 1661 2697 22.
1677 2670 1793 2697 Codd.:

483 2710 703 2737 aulem—duni
719 2710 811 2736 deest.
887 2708 918 2743 37
930 2707 1001 2735 β38.
1019 2709 1062 2734 A:
1083 2707 1138 2734 sed
1156 2723 1169 2726 —
1187 2707 1355 2741 acquisivit
1365 2706 1465 2740 dees1;
1488 2706 1509 2732 B
1524 2706 1553 2732 in
1571 2714 1666 2741 marg.
1680 2715 1684 2732 ς
1699 2705 1793 2732 addit.

560 2793 606 2823 1⁴3.
636 2795 700 2834 Op.
731 2794 813 2833 Imp,
844 2793 864 2823 Ι.
893 2803 920 2823 c.
949 2802 1025 2833 pag.
1052 2790 1130 2834 964.
