1986 3289
199 223 288 251 CAP-
316 214 395 267 ML]
568 226 627 257 DE
654 225 968 257 ANTICHRISTO
997 226 1079 256 LIB.
1109 226 1131 256 Ι.

199 341 413 382 temporum
449 344 559 367 mora
593 331 840 367 concuciatur
872 331 1114 368 credencium
1147 332 1255 375 fides.
1290 333 1372 368 Hec
1404 333 1512 368 Jero-

198 402 352 438 nymus.

1728 230 1794 264 19¹

255 447 423 484 Videtur
455 446 575 483 istum
610 455 793 483 sanctum
819 446 1042 494 intelligere
1075 448 1182 495 quod
1205 456 1365 495 tempus
1398 447 1514 484 huius
1531 455 1589 483 We
1610 459 1723 482 cannot
1742 456 1790 482 ten

199 504 495 553 persecucionis
536 504 770 540 Antichristi
814 505 887 540 erit
941 506 1055 541 breve
1107 513 1271 552 propter
1315 506 1515 542 conforta-

167 563 354 599 50ionem
390 562 587 599 stancium
624 562 663 598 in
699 562 777 598 fide
822 562 861 598 in
894 562 1061 598 ecclesia
1095 562 1292 599 militante
1337 572 1374 599 et
1407 565 1515 611 quod

200 622 271 657 hec
303 620 558 657 abbreviacio
580 633 660 656 non
695 619 768 656 erit
801 619 842 656 in
875 620 1139 656 diuturnitate
1162 620 1288 668 partis
1321 621 1514 669 temporis

200 680 269 715 sed
302 690 470 714 numero
515 678 669 714 dierum
713 678 774 714 vel
806 677 1048 715 instancium
1092 677 1312 726 paucitate3
1359 688 1395 715 et
1440 680 1515 716 hoc

201 745 396 773 consonat
438 735 516 772 illis
560 735 628 784 qui
661 744 815 783 ponunt
859 735 1199 784 composicionem
1246 736 1426 773 continui
1472 750 1515 774 ex

201 807 281 830 non
335 793 514 842 quanti83
559 802 838 830 verumtamen
883 794 1027 830 stultus
1071 793 1228 830 videtur
1271 794 1386 831 nobis
1433 808 1515 831 non

149 864 186 886 10
203 851 329 888 doctis
363 865 384 888 a
423 851 597 888 Domino
643 852 690 887 de
723 850 987 888 diuturnitate
1029 850 1143 887 istius
1187 852 1381 901 temporis
1414 853 1516 889 diffi-

202 909 307 957 nire3
351 922 474 946 unam
519 918 654 945 tamen
689 909 1013 946 consolacionem
1048 911 1242 946 habemus
1275 912 1383 958 quod
1416 910 1515 947 illud

203 977 360 1016 tempus
394 967 703 1017 abbreviabitur,
737 976 779 1003 ut
812 967 927 1004 electi
952 967 1115 1004 Domini
1149 968 1445 1014 confortentur3
1480 978 1517 1005 et

204 1039 294 1062 curn
328 1025 465 1062 omnia
497 1038 574 1073 que
607 1025 788 1062 evenient
820 1027 867 1062 de
900 1025 1138 1062 necessitate
1172 1026 1368 1073 evenient,
1403 1026 1516 1063 Chri-

203 1093 285 1120 stus
319 1083 547 1120 eternaliter
579 1083 845 1132 quantitatem
881 1093 917 1120 et
950 1083 1143 1120 terminos
1175 1083 1289 1120 istius
1322 1084 1516 1133 temporis

150 1143 185 1176 15
203 1141 415 1178 ordinavit.

262 1199 435 1245 Quidam
460 1208 596 1235 tamen
626 1199 889 1247 probabiliter
911 1208 1098 1247 reputant
1122 1200 1220 1237 citra
1255 1201 1372 1236 fidem
1407 1202 1516 1248 quod

204 1257 243 1293 in
276 1257 449 1293 termino
482 1256 687 1293 divisionis
731 1256 899 1294 istorum
934 1258 1106 1294 duorum
1146 1271 1344 1307 paparum
1377 1258 1515 1295 termi-

203 1314 365 1351 nabitur
403 1314 477 1351 ista
515 1315 747 1363 persecucio
787 1315 1006 1364 aliquante,
1051 1325 1329 1353 verumtamen
1362 1325 1405 1353 ut
1440 1318 1517 1352 Da—

203 1373 318 1418 nielis
340 1374 401 1418 IX,
437 1383 487 1420 27
522 1372 709 1409 scribitur
731 1385 848 1422 usque
869 1375 921 1409 ad
943 1375 1315 1411 consummacionem
1338 1382 1373 1410 et
1393 1374 1516 1424 finem

147 1431 466 1481 zoperseverabit
489 1431 694 1478 desolacio,
727 1444 819 1467 narn
853 1431 1021 1480 reliquie
1044 1431 1223 1479 predicte
1247 1432 1395 1469 heresis
1429 1444 1517 1480 per-

205 1490 423 1525 manebunt
468 1498 510 1525 ut
543 1488 718 1525 creditur
750 1502 877 1538 usque
909 1491 959 1525 ad
993 1489 1099 1525 diem
1139 1489 1277 1527 iudicii
1309 1490 1349 1526 in
1382 1490 1518 1538 aliqua

205 1556 318 1595 parte
372 1546 523 1583 mundi.
578 1548 655 1583 Sed
700 1560 847 1595 magna
880 1547 1109 1584 consolacio
1162 1557 1220 1585 est
1267 1548 1299 1584 si
1337 1556 1518 1598 caputet

206 1605 342 1651 cauda,
378 1606 425 1641 de
459 1604 602 1653 quibus
636 1606 682 1643 Is.
715 1607 777 1651 1X,
830 1618 877 1651 14
911 1605 1112 1651 scribitur,
1149 1606 1189 1642 in
1222 1605 1382 1643 malicia
1404 1615 1518 1642 nota-

207 1662 339 1699 biliter
370 1662 516 1699 fuerint
557 1662 758 1711 mitigata3
804 1665 854 1700 ad
887 1665 997 1711 quod
1029 1672 1159 1712 potest
1192 1677 1236 1700 ex
1271 1664 1342 1700 Dei
1382 1663 1518 1713 gracia

149 1722 189 1755 25
209 1721 377 1756 multum
413 1721 593 1757 conferre
626 1722 733 1769 quod
768 1722 995 1758 declaretur
1028 1721 1193 1758 ecclesie
1215 1722 1361 1759 veritas
1394 1731 1431 1759 et
1464 1722 1518 1759 fa—

206 1778 334 1815 cilitas
365 1778 462 1827 legis
495 1778 654 1815 Christi.

263 1838 311 1872 Et
343 1837 451 1884 quod
482 1849 555 1873 nec
588 1850 693 1885 papa
738 1850 810 1874 nec
855 1838 1018 1885 angelus
1052 1839 1099 1874 de
1133 1838 1218 1875 celo
1252 1839 1373 1874 habet
1406 1846 1516 1886 pote-

205 1903 347 1930 statem
382 1894 645 1931 difficultandi
690 1894 822 1931 media
856 1908 932 1943 que
965 1894 1147 1932 Christus
1190 1895 1363 1932 instituit
1394 1895 1518 1932 viato-

207 1952 314 1988 ribus
348 1953 399 1988 ad
432 1952 721 1989 beatitudinem
747 1955 1081 2002 promerendam3
1116 1962 1153 1990 et
1185 1967 1267 1990 non
1300 1963 1357 1990 est
1380 1962 1518 2002 paten-

151 2012 191 2044 30
207 2010 290 2047 cior
323 2009 470 2046 heresis
503 2016 623 2058 quarn
658 2012 822 2047 credere
866 2012 974 2059 quod
1007 2024 1112 2060 papa
1144 2011 1313 2049 licenter
1345 2011 1519 2048 instituit

207 2069 314 2116 quod
356 2068 486 2104 viator
518 2068 573 2105 sic
607 2077 643 2105 et
676 2068 733 2105 sic
771 2069 905 2115 faciat,
951 2070 1058 2106 ultra
1090 2083 1212 2118 quam
1246 2069 1428 2107 Christus
1461 2070 1519 2106 in-

206 2125 348 2173 stituit,
393 2125 425 2162 si
469 2127 551 2163 vult
595 2128 644 2163 ad
679 2126 968 2163 beatitudinem
1010 2128 1230 2176 pervenire,
1283 2140 1376 2164 nam
1412 2129 1519 2164 solus

206 2184 271 2220 ille
304 2183 371 2231 qui
416 2192 546 2231 potest
590 2185 684 2220 dare
717 2184 1008 2222 beatitudinem
1052 2194 1185 2234 potest
1224 2185 1264 2222 in
1302 2186 1422 2222 talem
1457 2199 1520 2222 or—

207 2241 462 2278 dinacionem
497 2255 616 2289 quam
651 2255 794 2279 sonare
824 2252 983 2291 oportet
1016 2245 1066 2280 ad
1100 2243 1333 2280 facilitatem
1367 2243 1519 2280 racioni

151 2300 190 2333 35
209 2312 425 2336 consonam
461 2309 498 2335 et
530 2313 610 2336 non
643 2300 683 2335 in
717 2300 1010 2352 difficultatem,
1044 2302 1320 2339 tardacionem
1355 2301 1520 2339 ecclesie

206 2357 267 2393 vel
299 2356 530 2405 superbiam
562 2357 807 2397 Antichristi.

87 2419 170 2457 424⁸
265 2417 345 2451 Nec
377 2424 538 2463 oportet
583 2415 741 2452 fidelem
788 2416 990 2465 ambigere
1035 2418 1082 2454 de
1121 2417 1358 2454 difficultate
1386 2414 1390 2470 Ι
1419 2426 1519 2454 tem-

207 2472 316 2520 poris
349 2473 467 2521 quale
506 2486 587 2509 non
624 2473 698 2510 fuit
731 2487 753 2511 a
786 2475 925 2511 mundi
964 2474 1087 2512 inicio
1125 2488 1198 2512 nec
1231 2475 1305 2512 erit
1343 2484 1521 2524 postmo-

208 2531 301 2565 dum
347 2530 388 2566 in
419 2530 613 2576 futurum,
660 2531 754 2580 quia
787 2544 830 2569 ex
863 2532 941 2568 fide
971 2533 1236 2581 periculosius
1270 2542 1328 2570 est
1361 2542 1520 2581 tempus

148 2600 193 2630 40
208 2587 249 2623 in
282 2601 362 2636 quo
407 2597 463 2624 est
498 2588 627 2625 maior
659 2590 883 2626 mortalitas
915 2590 1078 2638 spiritus
1112 2591 1390 2628 descendentis
1422 2591 1520 2639 spis-

208 2644 288 2681 sius
324 2647 374 2682 ad
417 2645 615 2682 infernum
664 2660 785 2696 quarn
831 2656 889 2684 est
933 2648 1120 2696 possibile
1168 2661 1250 2685 esse
1295 2649 1517 2697 periculum

280 2846 304 2875 3.
326 2849 354 2875 A
376 2848 406 2875 in
428 2856 542 2883 marg.:
563 2849 732 2877 Johannes.
814 2858 853 2877 10.
874 2852 918 2878 A:
941 2851 1041 2878 dictis.
1132 2859 1178 2878 20.
1200 2852 1243 2879 A:
1266 2852 1393 2886 relique.

1548 490 1618 517 how
1639 491 1716 528 long·
1731 490 1781 517 the

1566 529 1761 560 persecution

1595 560 1655 587 will
1676 560 1744 587 last.

1549 1207 1643 1235 Some
1663 1207 1750 1234 think
1770 1208 1791 1234 it

1610 1242 1671 1269 will
1694 1242 1729 1269 be

1543 1276 1684 1312 partially
1704 1276 1801 1304 ended

1544 1315 1574 1338 at
1592 1312 1643 1339 the
1663 1312 1745 1338 close
1765 1312 1800 1339 of

1566 1347 1617 1373 the
1638 1346 1765 1374 schism.

1568 2434 1707 2463 Reasons
1727 2434 1775 2462 for

1542 2469 1683 2509 thinking
1703 2470 1763 2509 this
1784 2470 1810 2497 is

1541 2509 1581 2532 its
1601 2510 1698 2533 worst
1718 2509 1803 2532 nme.
