1986 3289
201 220 291 248 cAp.
320 211 431 264 [ΛΗ]
588 222 647 253 DE
676 221 988 253 ANTICHRISTO
1018 221 1101 252 ΜΒ.
1129 221 1150 252 1.

200 329 299 365 iusta
333 329 550 372 videmur,-
593 336 628 364 et
665 329 779 364 aliter
824 340 1027 376 numquam
1076 328 1219 363 diceret
1257 327 1382 362 Deus:
1440 327 1516 371 Qui

194 387 363 435 percutit
396 386 529 422 baculo
564 386 642 422 odit
662 386 793 435 filium
827 398 951 424 suum.
996 386 1097 421 Nam
1146 392 1180 420 et
1213 385 1305 420 alibi
1342 396 1413 420 non
1447 385 1513 420 ab-

198 445 321 480 solute
354 444 462 479 dicit:
501 444 577 488 Qui
598 444 721 479 iratus
734 443 864 491 fuerit
884 443 1017 491 fratri
1036 455 1117 489 suo,
1152 455 1240 478 reus
1265 442 1339 477 erit
1360 441 1512 486 iudicio,

198 503 267 537 sed
297 502 331 537 si
360 502 438 538 sine
476 514 590 538 causa
623 502 747 537 iratus
769 501 910 549 fuerit.
946 501 1053 537 Sicut
1085 501 1180 536 enim
1216 500 1314 535 iusta
1348 500 1406 535 ira
1440 511 1512 535 non

168 566 254 597 5est
286 560 344 594 ira
384 561 452 595 sed
492 559 711 609 diligencia,
752 559 806 594 sic
838 559 936 594 iusta
977 559 1176 607 percussio
1223 570 1294 593 non
1340 564 1394 593 est
1421 569 1512 606 per-

200 618 322 652 cussio
355 618 423 652 sed
454 617 666 666 correpcio.

1721 222 1794 260 231

257 675 501 711 Manducare
532 682 567 711 et
599 675 726 711 bibere
748 675 801 710 sic
834 674 1128 724 intelligendum
1163 681 1229 712 est
1265 673 1359 709 sicut
1393 685 1532 722 suppa
1539 688 1596 716 To
1617 693 1664 715 eat
1684 689 1742 716 and
1765 693 1795 715 to

199 733 350 781 i·nte)pr
352 733 445 768 etati
457 745 587 768 sumus
603 734 648 769 de
681 732 1001 767 manducantibus
1018 739 1052 767 et
1068 732 1279 767 bibentibus
1301 738 1387 766 ante
1411 730 1508 765 dilu-

1527 723 1638 750 drink'’
1650 732 1655 749 τ
1678 724 1742 750 that
1753 724 1800 784 εἰς,

1561 758 1690 785 vlckedl

200 790 313 835 vium,
345 791 384 825 id
407 798 460 826 est
492 791 592 826 male
616 791 853 826 manducare
884 797 918 825 et
948 790 1074 825 bibere
1101 789 1245 824 scilicet
1273 801 1357 824 cum
1382 788 1509 838 ebriis,
1526 793 1800 820 withdmwards.

148 855 183 874 10
199 848 238 883 id
269 855 336 894 est,
371 861 454 884 cum
484 849 765 897 peccatoribus,
815 847 879 896 qui
909 848 1199 883 tenebrosorum
1234 854 1388 882 actuum
1424 846 1509 882 vino

199 906 295 941 ebrii
324 914 423 950 sunt,
457 907 502 941 de
534 906 666 954 quibus
698 913 732 941 et
765 906 910 941 Paulus
943 905 1052 940 dicit:
1086 905 1185 940 Nam
1219 905 1283 953 qui
1314 904 1511 940 dormiunt

197 971 305 1000 nocte
337 964 544 1010 dormiunt,
579 972 612 999 et
644 964 708 1013 qui
730 964 970 999 inebriantur
1002 969 1108 998 nocte
1131 962 1228 997 ebrii
1257 969 1357 998 sunt.
1400 961 1511 997 Vides

198 1033 295 1071 ergo
318 1022 405 1070 quia
438 1034 510 1057 non
533 1022 770 1057 manducare
802 1028 836 1057 et
868 1022 994 1056 bibere
1016 1020 1281 1056 sacerdotibus
1308 1027 1509 1068 peccatum

199 1087 253 1115 est
283 1080 351 1115 sed
384 1091 468 1115 cum
502 1080 617 1115 ebriis
650 1080 886 1115 manducare
924 1086 959 1114 et
990 1078 1129 1125 bibere,
1178 1078 1217 1112 id
1249 1084 1316 1122 est,
1350 1090 1422 1113 non
1456 1077 1511 1113 sic

146 1137 436 1176 15nzanducare
467 1138 655 1185 quomodo
700 1137 797 1172 ebrii
834 1136 891 1171 illi
910 1137 1106 1184 fecerant.
1153 1135 1239 1171 Non
1273 1135 1370 1171 enim
1411 1135 1510 1170 iubet

200 1207 267 1230 nos
288 1195 484 1243 scriptura
509 1196 703 1231 malorum
723 1206 915 1243 personas
946 1193 1165 1229 abominari
1190 1194 1258 1228 sed
1282 1193 1508 1228 voluntates.

198 1253 299 1287 Nam
330 1252 508 1289 Christus
537 1265 621 1288 cum
643 1252 857 1301 publicanis
889 1259 924 1287 et
951 1251 1221 1300 peccatoribus
1251 1250 1510 1295 manducavit,

197 1311 265 1346 sed
309 1323 380 1345 non
424 1311 477 1346 sic
516 1311 704 1358 quomodo
744 1310 943 1358 publicani
984 1317 1019 1344 et
1046 1316 1273 1357 peccatores
1320 1308 1507 1343 volebant.

198 1368 278 1404 Nec
312 1368 447 1403 vicium
491 1381 600 1404 suum
645 1368 838 1416 scripture
869 1367 972 1403 illius
1013 1366 1242 1402 auctoritate
1275 1366 1412 1414 aliquis
1446 1366 1509 1401 de-

143 1426 356 1473 20fendat‚
414 1438 483 1474 que
540 1426 638 1462 iubet
686 1426 907 1462 sacerdotes
961 1425 1169 1473 hospitales
1227 1436 1308 1459 esse
1360 1424 1519 1479 deberem

197 1483 457 1532 Hospitalitas
500 1484 597 1519 enim
643 1496 716 1520 non
749 1483 851 1519 circa
897 1483 1097 1518 deliciosos
1141 1481 1243 1517 cibos
1281 1488 1315 1516 et
1348 1493 1511 1531 magnos

198 1542 425 1591 ostenditur,
468 1542 537 1577 sed
575 1542 678 1577 circa
726 1541 904 1577 assiduas
941 1540 1202 1588 suscepciones
1241 1539 1508 1587 impotencium

195 1599 514 1649 peregrinorum,
567 1607 605 1634 ut
650 1599 894 1647 hospitalitas
941 1605 1073 1634 nostra
1107 1609 1179 1633 non
1213 1597 1259 1632 ab
1294 1596 1511 1632 hominibus

199 1657 378 1692 laudetur
421 1658 489 1692 sed
519 1670 540 1692 a
574 1657 657 1692 Deo
701 1657 908 1692 senciatur.
961 1656 1062 1691 Nam
1109 1655 1290 1691 deliciosa
1336 1655 1509 1690 convivia

142 1717 181 1749 25
198 1715 325 1764 magis
357 1714 555 1750 luxuriam
580 1721 760 1750 accusant
791 1727 903 1763 quam
928 1714 1202 1749 humanitatem
1227 1713 1506 1748 commendant.

198 1772 261 1807 Sic
294 1772 389 1808 enim
424 1773 476 1808 ait
509 1773 718 1809 Salomon:
749 1772 808 1807 Ne
831 1772 1034 1807 delecteris
1067 1771 1100 1806 in
1135 1771 1255 1805 multa
1289 1769 1511 1819 epulacione

198 1842 264 1865 nec
297 1831 331 1865 in
364 1831 539 1879 turpibus
573 1837 607 1866 et
630 1830 801 1866 modicis.
837 1830 951 1879 Ergo
986 1841 1051 1865 nec
1075 1829 1237 1864 multum
1266 1827 1511 1876 permittitur

198 1899 264 1923 nec
287 1888 475 1924 modicum
509 1895 544 1924 et
570 1888 805 1937 preciosum,
847 1888 974 1922 Veniet
998 1887 1174 1922 dominus
1206 1886 1285 1921 eius
1307 1886 1404 1921 hora
1435 1897 1508 1934 qua

197 1946 313 1981 nescit
335 1953 369 1980 et
392 1946 535 1981 dividet
557 1958 640 1981 eum
660 1953 889 1994 partemque
911 1945 989 1981 eius
1002 1952 1119 1994 ponet
1142 1956 1225 1979 cum
1252 1943 1453 1993 ypocritis
1475 1950 1510 1978 et

142 2007 182 2037 30
198 2003 422 2052 infidelibus.
449 2003 607 2039 Dividet
628 2015 726 2049 eum⁷
750 2003 790 2038 id
811 2011 877 2048 est,
903 2003 949 2038 de
970 2002 1168 2038 consorcio
1192 2000 1508 2045 christianorum⁷

198 2068 237 2095 ut
270 2073 386 2109 neque
408 2073 490 2096 cum
514 2061 656 2097 sanctis
676 2061 923 2110 glorificetur
947 2072 1062 2108 neque
1084 2072 1168 2096 cum
1202 2059 1246 2094 iis
1279 2058 1343 2106 qui
1369 2058 1509 2094 medio-

197 2118 316 2153 criter
342 2119 593 2167 deliquerunt,
636 2119 883 2154 mediocriter
909 2118 1109 2167 puniatur,
1151 2117 1219 2153 sed
1252 2116 1384 2165 iunget
1426 2128 1508 2151 eum

198 2188 280 2211 cum
329 2176 544 2226 infidelibus
593 2184 627 2212 et
674 2176 886 2227 ypocritis,
950 2184 989 2211 ut
1031 2187 1193 2223 quorum
1244 2173 1414 2209 imitatus
1455 2181 1510 2209 est

198 2246 324 2269 mores
356 2234 527 2282 ipsorum
546 2234 733 2283 puniatur
756 2234 920 2269 interitu.
963 2233 1165 2277 Quomodo
1185 2232 1371 2268 sacerdos
1392 2243 1510 2280 super

143 2295 181 2325 w
198 2303 345 2327 omnem
380 2292 566 2340 populum
610 2291 874 2341 gwlfflificatzcr,
916 2291 949 2327 si
979 2290 1221 2339 benefecerit,
1273 2301 1344 2324 non
1384 2289 1507 2325 solum

193 2356 359 2397 pioptei
390 2362 498 2385 suam
532 2349 717 2385 iusticiam
761 2350 830 2384 sed
856 2356 1022 2397 propter
1055 2348 1243 2392 omnz'3um
1275 2346 1360 2394 quia
1393 2359 1508 2382 causa

268 2536 283 2561 7
315 2529 343 2555 A
364 2529 392 2555 in
416 2536 528 2563 ma1·.:g
557 2527 654 2560 Nota·
679 2530 757 2554 sicut
771 2528 951 2567 eizznzjusta
972 2528 1001 2553 ir
1003 2535 1022 2554 ἰ
1043 2535 1102 2553 non
1124 2530 1168 2553 est
1187 2527 1237 2554 ira
1257 2527 1311 2553 sed
1328 2525 1507 2562 diligenczsta

197 2564 239 2590 sic
267 2548 345 2590 iusta
372 2563 553 2598 persecucio
578 2571 639 2589 non
668 2565 712 2589 est
735 2562 912 2597 persecucio
931 2562 985 2588 secl
1004 2561 1175 2596 correpcio.
1248 2569 1275 2594 9.
1297 2561 1336 2587 B:
1364 2562 1419 2588 sed
1444 2569 1509 2588 cum

199 2598 308 2625 ebretsss
399 2605 458 2624 11—
425 2604 499 2624 —1.2
522 2597 637 2626 Coddq
660 2597 697 2623 de
716 2597 860 2631 qui—bus
873 2597 951 2623 ebrii
967 2599 1039 2622 sunt
1058 2596 1150 2622 deest.
1249 2594 1288 2622 13.
1309 2597 1352 2622 A.
1375 2596 1430 2630 qui
1446 2603 1507 2622 non

197 2633 296 2659 solum
326 2632 676 2665 manducare.14
703 2633 746 2657 A:
775 2639 839 2657 cum
866 2631 957 2658 ebriis
978 2630 1285 2691 deesAL14—15
1307 2631 1351 2657 A:
1372 2631 1407 2657 id
1426 2632 1508 2656 est—

198 2667 387 2694 manducare
407 2666 499 2693 deest.
609 2665 643 2692 15.
668 2667 710 2692 A.
732 2666 783 2692 ebt
786 2674 835 2692 en
946 2673 990 2691 2⁷0
1069 2673 1155 2703 -quo
1176 2665 1267 2691 iubet.
1371 2664 1413 2691 23
1434 2664 1506 2691 Ain

200 2710 312 2736 marg:
334 2701 373 2728 de
392 2701 614 2736 hospitalitate.
704 2699 746 2727 35
768 2702 812 2727 A:
834 2700 930 2726 solum
952 2699 1055 2732 deest·
1080 2699 1099 2725 ss
1120 2707 1149 2726 m
1172 2707 1284 2734 mmg:
1308 2699 1402 2726 addit.

273 2796 300 2816 1.
327 2785 428 2816 Prov.
454 2785 538 2824 XIII,
567 2794 619 2824 24.
716 2785 745 2816 3.
774 2783 891 2814 Matth.
918 2783 958 2822 V,
988 2792 1040 2813 22.
1134 2793 1182 2814 11.
1209 2783 1231 2813 I.
1258 2781 1382 2815 Thess.
1408 2783 1449 2822 V,
1477 2793 1507 2824 7.

201 2831 253 2863 26.
279 2832 386 2862 Eccli.
414 2831 578 2870 XXXVII,
606 2831 660 2862 32.

1621 1497 1704 1525 True

1568 1532 1758 1567 hospitality.
