1986 3289
230 217 317 244 CAf‘.
340 208 486 261 xxvn]
602 221 659 251 DE
686 219 1001 252 AN’sichsTo
1030 221 1113 252 ΜΒ,
1142 222 1163 252 1.

227 333 358 362 eterna
390 333 489 361 sunt.
531 325 633 369 Quid
665 325 807 361 mirum
842 326 877 362 si
906 327 974 362 lzec
1001 334 1089 363 sunt
1111 327 1292 377 peritura
1317 341 1385 377 que
1408 342 1545 366 manns

103 380 186 422 4¹4⁰¹
226 384 393 419 humana
416 383 647 426 construxit,
676 381 681 432 Ι
711 395 794 419 cum
823 384 897 420 sint
928 392 962 420 et
996 385 1063 420 illa
1093 386 1281 422 solvenda
1312 398 1381 435 que
1409 399 1545 424 manus

226 441 354 477 divina
387 441 563 477 creavit?
601 441 700 485 Quia
744 441 853 477 inicio
885 449 924 477 tu
957 450 1104 478 terram
1132 444 1330 492 fundasti,
1364 445 1544 489 Domine,

225 511 341 548 opera
375 488 556 534 manuum
589 506 744 534 tuarum
779 506 867 535 sunt
898 500 980 543 celi,
1014 500 1085 549 ipsi
1108 501 1302 550 peribunt,
1344 509 1382 538 tu
1416 510 1542 539 autem

192 568 424 606 5permanes
483 557 518 592 in
572 564 755 593 eternum.
817 557 1013 606 Quidquid
1069 559 1166 594 enim
1200 559 1364 607 videtur,
1415 561 1545 597 carnis

223 622 278 651 est
324 615 568 665 mysterium,
613 614 790 664 quicquid
827 627 899 650 non
952 616 1116 662 uidetur,
1157 617 1389 656 animarum.
1447 618 1542 654 Cum

222 684 320 723 ergo
353 684 446 708 caro
479 672 690 717 transierit,
727 684 877 708 necesse
910 680 965 709 est
997 681 1037 709 ut
1067 674 1232 710 visibilia
1247 683 1541 724 pertranseant,

220 730 308 779 quia
346 742 418 766 non
457 738 513 766 est
537 731 624 779 fas,
665 737 705 765 ut
738 743 821 766 cum
861 730 1063 767 visibilium
1105 732 1259 768 domina
1299 745 1392 769 caro
1434 741 1541 770 tran-

219 785 340 831 sierit,
374 787 545 823 misteria
569 788 679 836 quasi
699 788 881 839 digniora
905 797 1142 825 remaneant.
1180 790 1223 825 Si
1251 790 1383 827 ciuitas
1412 792 1540 840 aliqua

166 856 205 878 10
221 845 310 896 regi
354 857 421 881 suo
466 853 621 882 terreno
654 845 785 894 fuerit
812 847 929 894 facta
970 847 1137 893 rebellis7
1181 860 1303 884 nonne
1340 849 1439 885 tollit
1484 850 1540 886 ius

220 902 387 938 civitatis
429 910 464 938 et
503 903 643 939 milites
685 915 775 939 suos
813 904 1052 948 transmittit,
1097 912 1138 940 ut
1167 906 1245 955 fiat
1284 907 1451 951 deserta,
1500 915 1540 943 ut

218 973 289 1009 que
312 968 539 1009 potestatem
572 961 679 1012 regis
714 961 775 997 sui
801 973 872 997 non
904 963 1084 1012 cognovit
1122 963 1157 998 in
1187 964 1297 1011 bono,
1330 973 1540 1015 cognoscat

218 1018 254 1053 in
287 1019 402 1062 malo,
435 1026 470 1054 et
500 1019 580 1068 ipsa
614 1019 786 1055 desercio
820 1019 1049 1069 testificatur
1080 1020 1170 1069 quid
1201 1028 1312 1057 antea
1338 1023 1538 1071 profuerit

219 1076 254 1112 ei
275 1076 512 1125 propiciacio
543 1076 679 1127 regis?
711 1077 794 1112 Hec
826 1084 951 1112 autem
973 1090 1071 1128 gens
1094 1078 1189 1114 mihi
1210 1079 1299 1129 regi
1319 1092 1386 1116 suo
1410 1081 1540 1116 celesti

164 1134 372 1170 15rebellis
398 1135 515 1182 sacta
560 1141 627 1178 est,
672 1134 798 1185 Iegem
838 1147 961 1170 meanz
1004 1137 1190 1185 corrupit,
1229 1145 1412 1186 precepta
1453 1151 1535 1174 mea

217 1192 452 1240 contempsit,
493 1192 690 1228 ministros
722 1204 826 1228 meos
865 1193 1014 1238 occidit,
1053 1206 1169 1242 super
1207 1206 1267 1230 me
1304 1195 1424 1244 ipsum
1458 1196 1533 1232 iam

216 1249 352 1298 impias
384 1262 518 1285 manus
550 1250 688 1295 erexit,
721 1257 756 1285 et
787 1250 913 1286 adhuc
944 1262 1004 1286 me
1025 1251 1243 1301 interficere
1272 1253 1431 1303 cogitat,
1465 1254 1537 1290 nisi

217 1307 435 1356 defenderit
478 1319 537 1342 me
580 1307 869 1344 inmortalitatis
911 1315 1064 1344 natura.
1109 1310 1200 1345 Ideo
1240 1310 1375 1346 tollam
1409 1323 1459 1347 ex
1491 1324 1533 1347 ea

211 1365 383 1415 pignora
424 1364 599 1401 veritatis
638 1377 731 1411 mee,
771 1365 811 1401 id
842 1373 908 1411 est,
943 1366 1128 1415 Spiritum
1170 1380 1294 1403 meum
1329 1369 1511 1405 Sanctum
1521 1383 1535 1414 ,-

158 1433 200 1454 20
215 1422 349 1458 tollam
382 1422 595 1458 exercitum
629 1435 766 1470 meum,
807 1424 847 1458 id
878 1431 945 1469 est,
978 1425 1140 1475 angelos
1179 1426 1242 1474 qui
1272 1427 1533 1462 custodiebant

216 1492 312 1525 eam,
346 1487 385 1515 ut
417 1492 489 1516 non
521 1487 593 1516 stet
616 1480 676 1516 hic
708 1481 804 1530 Iapis
834 1493 951 1530 super
978 1482 1157 1531 lapidem.
1188 1483 1283 1519 Cum
1306 1496 1405 1534 ergo
1427 1485 1533 1520 salus

214 1538 260 1573 ab
294 1550 335 1574 ea
369 1538 584 1585 recesserit,
623 1550 773 1574 necesse
810 1546 865 1575 est
897 1546 936 1574 ut
960 1541 1137 1588 perdicio
1171 1541 1400 1577 dominetur.
1449 1543 1531 1579 Hec

213 1594 494 1632 Crisostomus.

270 1655 324 1688 Ex
367 1652 442 1689 isto
486 1662 593 1690 textu
637 1653 831 1702 evangelii
877 1663 913 1690 et
953 1655 1206 1703 exposicione
1244 1656 1360 1694 huius
1399 1658 1526 1695 sancti

157 1712 195 1744 25
212 1719 302 1747 sunt
335 1711 459 1747 multa
493 1711 676 1748 fidelibus
709 1713 954 1759 annotanda,
988 1713 1120 1761 primo
1144 1716 1252 1762 quod
1283 1714 1322 1751 in
1349 1716 1524 1753 basilicis

213 1768 485 1805 materialibus
528 1782 608 1806 non
648 1778 705 1806 est
749 1770 913 1807 affeccio
957 1770 1126 1807 nimium
1166 1772 1384 1820 infigenda,
1430 1774 1523 1822 quia

211 1825 251 1861 in
294 1834 399 1863 statu
452 1827 685 1864 innocencie
736 1840 818 1864 non
861 1827 1040 1868 fuissent.
1092 1829 1274 1866 Christus
1319 1831 1382 1867 hic
1426 1833 1525 1868 tales

211 1892 433 1921 structuras
486 1885 696 1921 hominum
747 1898 829 1922 non
882 1886 1055 1923 attendit
1107 1896 1144 1923 et
1196 1887 1378 1925 Christus
1419 1892 1524 1926 Deus

209 1950 344 1978 noster
376 1951 541 1990 propter
573 1955 771 1980 recessum
805 1943 945 1980 talium
979 1957 1000 1981 a
1033 1953 1139 1981 statu
1172 1945 1406 1983 innocencie
1439 1947 1525 1995 ipsa

153 2003 195 2036 30
210 1999 440 2036 humanitus
462 2013 543 2036 non
566 2001 756 2048 possedit,
787 2003 855 2037 sed
879 2002 1019 2048 oravit,
1043 2004 1308 2050 pernoctavit,
1335 2005 1523 2051 comedit,

209 2056 442 2104 predicavit,
487 2070 627 2105 passus
671 2059 746 2095 fuit
790 2059 963 2096 finaliter
1008 2069 1045 2096 et
1084 2061 1263 2108 sepultus
1303 2064 1375 2098 sub
1421 2063 1524 2102 divo.

210 2115 310 2150 Cum
351 2127 445 2163 ergo
485 2116 621 2152 omnia
661 2126 770 2164 gesta
810 2126 847 2153 et
878 2118 999 2154 verba
1031 2118 1181 2154 Christi
1214 2128 1306 2156 sunt
1339 2120 1523 2157 fidelibus

210 2172 433 2220 disciplina,
469 2182 578 2221 patet
601 2175 709 2222 quod
743 2175 879 2211 fideles
909 2176 1055 2211 debent
1079 2188 1217 2213 cavere
1240 2189 1290 2213 ne
1314 2177 1353 2213 in
1376 2178 1523 2215 talibus

208 2230 463 2267 sensibilibus
487 2244 603 2267 suum
634 2231 875 2268 desiderium
906 2232 1077 2269 nimium
1107 2233 1383 2283 immergatur.
1417 2238 1522 2273 Deus

152 2289 191 2323 35
208 2286 313 2324 enim
359 2288 559 2325 ordinavit
602 2289 828 2337 spiritualia
873 2300 909 2327 et
948 2290 1195 2328 insensibilia
1236 2292 1363 2341 magis
1403 2295 1519 2340 bona,

206 2354 251 2381 ut
282 2354 392 2393 patet
424 2347 472 2383 de
504 2346 662 2384 obiecto
696 2347 788 2384 fidei
821 2356 858 2384 et
891 2348 978 2385 aliis
1011 2348 1310 2386 insensibilibus
1333 2364 1409 2399 que
1433 2361 1523 2388 sunt

207 2403 460 2440 sensibilibus
495 2405 619 2452 magis
653 2406 772 2452 bona,
812 2414 855 2442 ut
887 2406 1036 2442 sanitas
1069 2406 1309 2444 insensibilis
1343 2418 1401 2445 est
1433 2422 1521 2457 pre-

208 2461 385 2498 staneior
423 2475 543 2510 quam
584 2463 805 2511 corporalis
851 2464 1022 2512 qualitas
1063 2464 1351 2502 ministratorie
1390 2467 1520 2515 ipsam

207 2518 358 2566 iuvans,
390 2519 470 2556 vita
502 2520 742 2557 insensibilis
773 2521 834 2558 vel
863 2521 1027 2570 spiritus
1060 2523 1226 2559 humani
1250 2524 1431 2572 corporis
1464 2534 1521 2562 est

274 2663 299 2691 5.
320 2664 365 2691 A:
389 2663 471 2699 Quid
488 2665 619 2692 uidetur.
683 2665 710 2693 8.
730 2666 775 2693 A:
796 2666 970 2694 visibilium.
989 2667 1096 2694 Adde:
1117 2676 1230 2696 rerum.
1305 2677 1339 2696 11.
1365 2670 1410 2697 A:
1439 2670 1519 2697 cari-

206 2698 289 2726 tatis.
363 2706 401 2726 12.
424 2698 542 2727 Codd.:
563 2701 732 2736 cognoscit.
812 2699 851 2729 13.
873 2700 990 2728 Codd.:
1008 2702 1163 2737 proderit.
1254 2711 1301 2731 20.
1323 2704 1441 2732 Codd.:
1462 2704 1519 2732 tol-

207 2732 268 2760 lam
288 2733 453 2761 exercitum
472 2741 569 2762 meum
588 2736 683 2762 deest.

282 2838 309 2859 1.
335 2829 375 2860 11.
402 2829 482 2860 Cor.
507 2829 564 2870 IV,
595 2829 644 2862 18.
719 2832 749 2864 3.
776 2830 903 2865 Psalm.
932 2831 985 2872 CI,
1013 2831 1065 2872 26,
1095 2841 1147 2874 27.

1762 228 1827 251 101

1581 1665 1641 1694 We
1661 1667 1772 1695 should

1584 1705 1638 1728 not
1658 1706 1702 1729 set
1722 1710 1780 1729 our

1596 1735 1700 1763 mincis
1719 1744 1759 1764 on

1620 1771 1735 1798 church

1594 1804 1763 1841 buildings.
