1986 3289
168 175 246 210 244
765 170 884 202 opus
910 169 1245 201 EVANGELmuM
1274 169 1357 200 ΜΒ.
1385 169 1438 200 111.
1540 157 1646 210 [CAP-
1668 165 1760 193 LXV-

449 276 706 325 propinquam
760 288 832 312 non
886 287 935 312 ex·
980 275 1108 311 verbis
1149 287 1221 324 que
1253 275 1346 312 dicit
1377 282 1443 310 aut
1475 275 1582 310 audit
1613 276 1682 311 sed
1713 286 1763 311 ex

198 342 346 380 Wlmum-
368 350 411 367 wc
453 334 629 382 operibus
661 346 730 382 que
762 334 844 384 agit
867 334 1128 384 cognoscitur.
1171 333 1248 377 Qui
1277 333 1374 368 enim
1409 345 1499 369 vere
1521 332 1645 369 credit
1677 344 1761 368 con-

176 377 425 446 Ῐιζιῇιέξζὲῃῗῖῃξξξ,
452 392 750 428 summacionem
796 404 876 428 esse
912 392 1171 441 propinquam
1216 390 1333 426 nichil
1375 397 1487 426 curat
1534 392 1579 426 de
1623 390 1763 426 mundo

167 446 520 507 ¹¹⁶O¹E¹¹l0xffgsff20m11ec
552 449 588 485 in
615 457 814 498 posterum
840 450 986 497 aliquid
1013 456 1149 485 'servat
1180 448 1265 497 quia
1290 460 1355 484 nec
1381 460 1553 499 peregre
1585 448 1764 484 exiturus

372 501 395 507 U
454 508 600 556 aliquid
630 520 757 544 secum
777 514 914 556 portat
945 507 981 542 in
1007 508 1065 542 via
1099 506 1306 555 nisi-forte
1322 518 1463 554 panem
1486 518 1605 555 quem
1639 508 1795 542 neces—5

452 565 600 601 sarium
635 566 757 603 habet.

511 623 641 659 NIedict
690 631 797 659 nocte
828 624 978 659 clamor
1004 624 1142 671 factus
1174 629 1241 668 est,
1283 622 1392 670 quasi
1423 622 1574 657 clamor
1600 633 1763 670 precur-

455 681 625 716 rencium
671 689 705 716 et
737 681 954 716 tubancium
988 680 1235 731 angelorum.
1295 680 1398 723 Quid
1450 679 1539 715 dicit
1582 679 1765 715 clamor?

453 738 554 774 Ecce
595 751 755 787 sponsus
803 739 914 783 venit,
964 738 1066 774 exite
1107 737 1257 773 obviam
1291 737 1334 772 ei.
1386 737 1494 772 Unde
1519 744 1635 785 putas
1666 736 1766 772 iubet

453 796 594 832 exire?
627 797 672 832 de
695 797 870 832 domibus
903 797 962 832 vel
993 795 1237 831 civitatibus?
1277 795 1376 841 Non,
1409 806 1526 843 neque
1557 802 1613 831 est
1644 794 1765 840 racio,
1785 810 1823 831 10

453 854 521 889 sed
552 861 591 889 ut
613 862 753 890 exeant
785 855 830 889 de
862 855 1017 903 mundo,
1050 860 1191 889 exeant
1223 853 1268 888 de
1299 852 1425 900 iniqua
1458 853 1588 888 carnis
1610 859 1763 888 natura.

454 912 521 947 Ex
563 924 603 948 eo
652 913 756 960 quod·
785 912 990 961 Apostolus
1041 911 1095 946 ait
1138 911 1173 945 in
1221 910 1427 946 novissima
1472 911 1559 946 tuba
1592 917 1766 946 mortuos

452 970 706 1014 suscitandos,
738 970 855 1005 dcitur
878 970 983 1005 nobis
1012 968 1160 1004 occasio
1191 968 1394 1004 estimandi
1422 969 1632 1004 clamorem
1656 967 1765 1003 illum

454 1039 534 1063 esse
566 1028 612 1063 de
643 1040 715 1076 quo
738 1028 928 1063 Dominus
961 1027 1070 1063 dicit:
1102 1026 1202 1062 Ecce
1225 1026 1375 1062 clamor
1397 1026 1536 1074 factus
1563 1033 1628 1062 est.
1661 1025 1765 1061 Esti-

455 1097 600 1121 memus
643 1098 724 1121 esse
766 1086 976 1121 clamorem
1021 1085 1199 1120 tubarum
1237 1084 1528 1132 precedenciam
1569 1095 1664 1132 quas
1700 1083 1821 1119 J0-15

454 1144 596 1179 lmnnes
619 1144 654 1178 in
678 1143 931 1179 Revelacione
961 1155 1030 1178 sua
1054 1142 1245 1191 exposuit,
1278 1154 1442 1190 quarum
1474 1142 1652 1177 tubarum
1686 1141 1764 1177 cla-

456 1213 584 1237 mores
614 1208 702 1237 sunt
734 1201 813 1250 ipsa
845 1201 959 1251 signa
997 1212 1067 1249 que
1086 1200 1192 1248 fiunt
1224 1200 1270 1235 ab
1303 1199 1365 1235 eis.
1415 1199 1492 1243 Qui
1523 1211 1622 1249 ergo
1654 1199 1764 1235 intel-

454 1259 541 1310 ligii
563 1259 628 1294 illa
657 1259 769 1309 signa
800 1258 1011 1294 clamancia
1035 1258 1154 1294 seculi
1171 1257 1307 1306 finem,
1341 1257 1404 1293 ille
1426 1257 1532 1293 audit
1554 1257 1763 1293 clamorem

453 1318 631 1352 tubarum
665 1318 919 1352 clamancium
963 1316 1050 1365 quia
1084 1315 1184 1351 venit
1214 1327 1389 1363 sponsus,
1428 1327 1590 1363 quarum
1635 1327 1764 1351 vocem

454 1388 526 1411 non
579 1375 756 1423 corporis
789 1387 904 1410 aures
943 1374 1104 1409 audiunt
1148 1374 1216 1408 sed
1247 1373 1373 1409 anime
1405 1373 1628 1409 intellectus.
1682 1373 1764 1409 Hec
1781 1386 1822 1408 20

454 1432 736 1469 Crisostomus.

178 1497 290 1524 usic-sis
310 1498 420 1524 should
511 1490 677 1526 Videtur
709 1490 828 1526 istum
855 1498 1037 1526 sanctum
1070 1488 1217 1525 sentire
1250 1488 1445 1524 catholice
1468 1489 1576 1536 quod
1609 1501 1631 1524 a
1662 1497 1762 1524 tem-

190 1533 417 1593 „baffiffifss‘wm
455 1560 551 1596 pore
600 1548 842 1584 ascensionis
876 1547 1038 1584 Domini
1083 1559 1163 1594 quo
1212 1555 1269 1582 est
1315 1545 1487 1582 maxima
1533 1545 1763 1594 persecucio

184 1602 217 1628 of
235 1602 284 1628 1¹³0
306 1602 413 1628 world.
454 1605 689 1642 Antichristi
736 1615 772 1642 et
818 1619 894 1642 nox
934 1607 1190 1641 tenebrarum
1224 1604 1377 1652 peccati
1418 1603 1544 1651 magis
1576 1605 1763 1640 obscurat

457 1663 686 1710 militantes,
711 1673 806 1700 tunc
830 1664 982 1700 clamor
1006 1663 1239 1710 angelorum
1264 1662 1391 1698 factus
1415 1663 1604 1709 estquod
1638 1673 1762 1709 prope
1780 1666 1819 1697 25

456 1731 512 1757 est
545 1723 737 1757 adventus
771 1723 818 1757 ad
854 1721 972 1758 finale
1004 1720 1211 1765 iudicium,
1257 1728 1294 1755 et
1327 1728 1420 1756 tunc
1454 1720 1599 1756 debent
1631 1731 1762 1756 sacer-

455 1781 566 1815 dotes
611 1779 837 1827 specialiter
882 1779 996 1827 quasi
1035 1780 1131 1814 tuba
1178 1778 1362 1814 extollere
1406 1789 1544 1813 vocem
1579 1790 1691 1813 suam
1726 1785 1763 1813 et

454 1837 662 1885 predicare
696 1838 845 1885 populo
878 1836 1134 1873 reliccionem
1170 1835 1308 1871 mundi
1342 1844 1379 1872 et
1411 1835 1599 1871 timorem
1633 1834 1763 1871 finalis

455 1895 605 1931 iudicii.

512 1953 700 2000 Sequitur
732 1953 771 1989 in
805 1962 911 1989 textu
944 1952 1128 1988 Matthei:
1186 1954 1285 1988 Tunc
1329 1958 1590 1988 surrexerunt
1634 1963 1764 1986 omnes
1779 1956 1821 1988 30

455 2011 628 2060 virgines
661 2011 725 2046 ille
752 2009 757 2062 Ι
787 2018 822 2047 et
854 2018 1092 2046 ornaverunt
1125 2010 1323 2059 lampades
1353 2021 1453 2045 suas.
1800 2012 1882 2054 428⁰

513 2070 640 2116 Super
683 2081 763 2116 quo
796 2067 1051 2116 Jeronymtls:
1104 2068 1245 2104 Omnes
1290 2067 1461 2117 virgines
1502 2073 1763 2102 surrexerunt

455 2133 489 2161 et
522 2134 759 2162 ornaverunt
803 2138 1024 2174 unaqueque
1069 2126 1270 2175 lampades
1300 2137 1403 2171 suas,
1449 2125 1488 2159 id
1519 2131 1587 2170 est,
1630 2136 1763 2160 sensus

454 2184 489 2219 in
522 2184 654 2232 quibus
705 2185 827 2220 oleum
873 2184 1031 2219 sciencie
1062 2183 1303 2232 recipiebant,
1348 2190 1388 2218 ut
1430 2182 1613 2218 haberent
1644 2194 1761 2230 opera

457 2242 638 2277 virtutum
684 2254 754 2290 que
797 2249 883 2277 ante
916 2254 1048 2277 verum
1083 2241 1243 2277 iudicem
1278 2241 1533 2290 refulgerent.
1588 2241 1671 2275 Hec
1701 2241 1817 2277 Je-35

453 2312 658 2347 ronymuS.

511 2358 677 2393 Videtur
719 2357 837 2393 istum
891 2366 1072 2393 sanctum
1120 2356 1344 2404 intelligere
1385 2357 1432 2391 de
1464 2354 1760 2391 resurreccione

455 2417 504 2451 ad
538 2415 654 2452 finale
688 2415 896 2461 iudicium,
930 2424 966 2451 et
999 2414 1164 2451 omacio
1198 2416 1245 2450 de
1277 2426 1356 2462 qua
1389 2413 1452 2449 hic
1480 2412 1658 2461 loquitur
1680 2424 1760 2449 non

524 2560 595 2588 1—3.
617 2561 658 2587 A:
682 2568 743 2587 non
763 2560 1055 2595 eac—propinquam
1077 2559 1170 2586 deest.
1279 2566 1303 2585 2.
1328 2559 1366 2585 ss:
1387 2567 1459 2586 vere
1478 2558 1571 2586 deest.
1663 2566 1691 2593 9.
1713 2559 1758 2585 A:

454 2595 498 2622 ⁴ln
517 2599 613 2630 putas.
724 2594 759 2622 15.
782 2595 825 2621 A:
846 2603 909 2621 esse
929 2595 1022 2621 deest.
1135 2603 1172 2628 17.
1196 2594 1234 2621 13:
1256 2594 1366 2620 irritur.
1479 2600 1522 2620 22.
1543 2595 1571 2621 A
1591 2594 1621 2620 in
1643 2601 1758 2627 marg:

453 2631 618 2657 johannes.
692 2628 736 2656 30.
758 2630 786 2656 A
807 2629 835 2655 in
859 2637 971 2663 marg:
993 2630 1186 2664 leronymus.
1265 2613 1307 2657 ⁹35.
1329 2629 1372 2655 A:
1394 2627 1605 2664 resulgerunt.
1666 2627 1710 2663 37.
1732 2628 1759 2655 A

454 2665 482 2691 in
505 2673 617 2699 marga
639 2665 801 2691 Jolmnnes.

529 2746 577 2767 12.
616 2737 638 2767 Ι.
682 2736 759 2767 Cor.
798 2737 871 2775 XV,
912 2746 968 2776 42.
1093 2746 1141 2775 14.
1174 2736 1284 2776 Apoc.
1312 2736 1334 2774 I,
1374 2745 1422 2773 10,
1460 2745 1482 2775 4
1514 2740 1546 2765 et
1571 2745 1643 2775 cap.
1671 2735 1758 2766 VIII.

456 2786 508 2815 lio.
538 2782 655 2813 Manli.
680 2783 783 2821 XXV,
812 2792 840 2823 7.
941 2784 990 2814 32.
1021 2782 1156 2812 Comum.
1184 2782 1215 2812 iu
1244 2780 1361 2812 Mati-h.
1390 2781 1408 2811 I.
1437 2791 1463 2812 c.
1491 2791 1567 2822 pag.
1596 2790 1672 2820 204.
