1986 3289
238 198 326 226 CAP·
348 189 472 242 LVIII]
615 201 674 232 DE
702 201 1016 232 ANTICHRISTO
1045 201 1128 231 ΜΒ.
1155 201 1178 231 Ι.

235 306 308 343 sibi
340 305 547 354 presencia
579 318 659 342 non
694 315 751 342 est
784 306 1014 354 fingendum
1052 307 1161 354 quod
1194 306 1305 354 prius
1340 306 1435 343 dicit
1470 308 1544 343 hoc

235 364 331 409 fore,
366 365 543 400 Secundo
578 365 652 399 hoc
685 376 769 400 esse
802 373 837 400 et
871 363 994 400 tercio
1028 364 1103 400 hoc
1136 363 1267 400 fuisse.

718 546 855 586 CAP.
889 546 1060 586 LVIII.

293 641 482 689 Sequitur
514 641 554 677 in
587 649 693 677 textu
718 640 907 678 Matthei:
941 642 1002 677 De
1035 641 1094 677 die
1117 649 1243 678 autem
1278 642 1344 678 illa
1378 650 1413 678 et
1446 643 1544 678 lzora

202 700 342 735 §nemo
375 700 456 745 scit,
491 711 609 747 neque
640 699 773 749 angeli
802 699 988 745 celorum,
1022 699 1095 735 nisi
1118 707 1235 748 pater
1265 700 1381 736 solus.
1417 701 1545 748 Super

234 770 313 804 quo
336 758 590 803 Jeronymus:
633 757 672 792 In
704 757 931 805 quibusdam
958 757 1108 792 Latinis
1141 758 1337 793 codicibus
1368 758 1543 793 additum

235 817 283 850 “et
315 826 432 863 neque
452 814 593 863 filius³,
628 826 712 850 cunz
747 814 781 849 in
811 814 947 849 Grecis
980 822 1014 849 et
1047 815 1218 851 maxime
1251 816 1481 851 Adamancii
1510 823 1545 850 et

234 872 354 907 Pierii
389 872 679 921 exemplaribus
722 872 793 907 hoc
836 884 907 907 non
953 872 1140 908 habeatur
1172 873 1424 922 adscriptum,
1476 873 1546 909 sed

235 930 321 978 quia
354 930 391 965 in
425 930 615 965 nonnullis
648 930 807 979 legitur,
843 930 1107 965 disserendum
1142 931 1306 966 videtur.
1366 931 1546 966 Gaudent

182 999 218 1019 xo
234 987 329 1022 enim
346 987 464 1023 Arius
496 995 529 1023 et
552 987 782 1035 Eunomius,
803 988 916 1036 quasi
941 987 1171 1037 ignorancia
1196 989 1382 1039 magistri
1411 988 1544 1039 gloria

234 1045 509 1094 discipulorum
549 1045 610 1091 sit,
662 1052 697 1080 et
736 1045 865 1080 dicunt
917 1056 989 1080 non
1029 1052 1157 1094 potest
1188 1046 1333 1094 equalis
1371 1058 1451 1083 esse
1482 1046 1547 1095 qui

234 1103 337 1138 novit
369 1110 404 1137 et
436 1103 500 1151 qui
530 1103 700 1153 ignorat.
752 1102 899 1138 Contra
945 1115 1037 1151 quos
1069 1104 1238 1139 breviter
1276 1104 1349 1139 ista
1384 1104 1544 1139 dicenda

231 1167 332 1196 sunt.
371 1160 466 1195 Cunz
499 1160 626 1196 omnia
651 1168 823 1209 tempora
845 1160 995 1208 fecerit
1024 1161 1147 1207 Jesus,
1181 1161 1253 1197 lzoc
1284 1169 1351 1207 est,
1387 1162 1544 1197 uerbum

233 1218 328 1253 Dei:
366 1217 504 1253 Ornnia
527 1218 624 1253 enim
654 1230 729 1267 per
761 1218 884 1266 ipsunt
907 1219 1023 1266 facta
1056 1225 1145 1253 sunt
1167 1226 1201 1254 et
1233 1219 1313 1255 sine
1345 1219 1427 1267 ipso
1451 1220 1544 1267 fac-

181 1276 313 1310 15tum
346 1283 401 1311 est
433 1276 571 1320 niclzil;
609 1275 644 1311 in
678 1276 850 1312 omnibus
883 1283 1008 1311 autent
1042 1277 1280 1325 temporibus
1312 1277 1431 1313 eciam
1467 1277 1546 1313 dies

235 1333 364 1369 iudicii
393 1333 452 1376 sit,
487 1345 559 1381 qua
595 1333 865 1381 consequencia
894 1340 1023 1381 potest
1054 1334 1133 1369 eius
1162 1342 1318 1383 partem
1343 1335 1545 1384 ignorare,

235 1390 340 1426 cuius
372 1397 491 1426 totum
525 1391 705 1427 noverit?
737 1391 823 1427 Hoc
854 1402 999 1439 quoque
1032 1391 1233 1427 dicendum
1258 1400 1323 1428 est.
1355 1392 1461 1436 Quid
1492 1400 1547 1428 est

235 1448 370 1493 maius,
404 1449 543 1484 noticia
570 1449 697 1498 patris
715 1456 780 1484 aut
803 1448 962 1484 iudicii?
1001 1449 1043 1483 Si
1074 1450 1197 1486 maius
1229 1451 1333 1486 novit
1356 1451 1545 1498 quomodo

234 1506 394 1555 ignorat
425 1507 526 1554 quod
564 1507 688 1542 minus
720 1514 787 1544 est.
830 1507 1025 1554 Scriptum
1060 1507 1244 1557 legimus:
1305 1508 1443 1543 Omnia
1478 1520 1547 1556 que

178 1564 357 1612 ‘topatris
387 1571 475 1599 sunt
507 1564 623 1599 miclzi
644 1565 792 1599 tradita
824 1571 923 1599 sunt.
959 1564 1001 1598 Si
1031 1565 1156 1600 onznia
1184 1566 1314 1613 patris
1335 1566 1416 1615 filii
1445 1573 1545 1611 sunt,

233 1633 305 1670 qua
339 1622 494 1657 racione
538 1622 648 1658 unius
678 1622 751 1658 sibi
783 1622 858 1657 diei
888 1621 1067 1657 noticiam
1109 1623 1327 1659 reservavit
1359 1631 1394 1659 et
1427 1624 1547 1659 noluit

234 1691 316 1714 eam
357 1680 643 1715 communicare
687 1692 771 1715 cum
813 1679 916 1728 filio.
972 1680 1050 1715 Sed
1093 1687 1127 1716 et
1171 1682 1243 1717 lzoc
1281 1681 1548 1717 inserendum:

235 1737 277 1772 Si
307 1737 553 1773 novissimum
579 1737 676 1773 diem
702 1745 920 1786 temporum
954 1737 1123 1787 ignorat,
1157 1739 1315 1789 ignorat
1348 1746 1382 1775 et
1408 1740 1545 1788 penul-

234 1794 368 1830 timum
402 1802 436 1830 et
469 1802 686 1831 retrorsum
712 1807 856 1832 omnes.
890 1795 977 1831 Non
1011 1795 1107 1831 enim
1136 1804 1265 1845 potest
1284 1797 1382 1846 fieri
1414 1805 1454 1832 ut
1484 1797 1548 1845 qui

177 1852 398 1901 25primum
439 1852 610 1902 ignorat,
661 1853 758 1889 sciat
790 1853 881 1901 quid
917 1853 1125 1889 secundum
1166 1854 1227 1890 sit.
1281 1854 1411 1905 Igitur
1461 1855 1546 1903 quia

229 1910 482 1958 probavimus
515 1923 587 1946 non
612 1910 943 1961 ignorarefilium
967 1910 1043 1946 Dei
1056 1912 1400 1948 consummacionis
1433 1912 1546 1959 diem,

234 1979 351 2003 causa
375 1968 573 2004 reddenda
598 1975 653 2004 est
675 1981 745 2004 cur
767 1968 957 2019 ignorare
989 1968 1155 2006 dicatur.
1189 1970 1396 2018 Apostolus
1418 1978 1544 2006 autem

233 2037 348 2074 super
371 2025 577 2062 Salvatore
607 2026 762 2062 scribit:
793 2027 835 2061 In
870 2038 942 2074 quo
966 2034 1054 2061 sunt
1087 2039 1217 2064 omnes
1240 2028 1416 2064 thesauri
1445 2028 1546 2076 sapi-

234 2083 336 2118 encie
368 2090 402 2119 et
433 2083 596 2120 sciencie
627 2084 852 2120 absconditi.
887 2083 982 2118 Sunt
1015 2096 1112 2135 ergo
1145 2098 1276 2121 omnes
1308 2086 1481 2121 thesauri
1511 2086 1546 2121 in

178 2145 219 2176 30
239 2140 394 2176 Christo
427 2141 616 2190 sapiencie
648 2149 682 2177 et
713 2141 886 2187 sciencie,
919 2141 988 2176 sed
1018 2143 1234 2179 absconditi
1263 2151 1361 2179 sunt.
1414 2143 1549 2193 Quare

233 2198 458 2234 absconditi.
499 2199 593 2235 Post
625 2199 955 2235 resurreccionem
989 2199 1256 2250 interrogatus
1289 2202 1334 2236 ab
1366 2201 1548 2250 apostolis

235 2257 280 2291 de
313 2255 371 2291 die
403 2257 609 2304 manifeste
640 2258 856 2306 respondit:
901 2256 987 2291 Non
1020 2265 1075 2293 est
1109 2265 1278 2294 vestrum
1313 2270 1422 2295 nosse
1454 2266 1547 2294 tenz-

230 2325 331 2361 pora
379 2314 438 2349 vel
481 2322 672 2350 momenta
718 2327 788 2363 que
827 2321 945 2363 pater
985 2316 1114 2363 posuit
1167 2316 1202 2351 in
1247 2329 1314 2351 sua
1344 2324 1545 2365 potestate.

241 2371 403 2414 Quando
437 2372 546 2407 dicit:
578 2373 680 2408 ‘Non
714 2380 769 2408 est
803 2379 970 2407 vestrum
1003 2373 1115 2408 scire³
1152 2374 1315 2409 ostendit
1336 2375 1439 2422 quod
1470 2374 1550 2423 ipse

302 2589 326 2618 3.
349 2593 393 2618 A:
419 2591 491 2627 Cap.
512 2592 585 2619 LVI.
661 2593 688 2619 (3.
710 2594 737 2620 A
759 2593 788 2619 in
811 2601 924 2627 marg:
946 2593 1140 2628 jeronymus.
1220 2602 1263 2621 20.
1286 2596 1330 2622 A:
1352 2595 1414 2622 Sed
1433 2603 1547 2623 omnia.

234 2626 278 2660 28,
299 2634 346 2661 29.
367 2626 407 2653 B:
428 2627 459 2653 in
482 2626 602 2654 Christo
622 2628 777 2662 sapiencie
796 2630 826 2655 et
844 2628 974 2655 sciencie
1001 2629 1056 2655 sed
1079 2629 1261 2656 absconditi.
1361 2629 1480 2664 20—30.
1502 2631 1546 2657 A:

235 2661 348 2687 Sunt—
359 2661 533 2688 absconditi
550 2664 621 2688 sunt
641 2662 733 2689 deest.

302 2766 335 2796 4.
377 2755 513 2789 Matth„
541 2757 659 2796 XXIV⁷
704 2757 756 2789 36.
801 2758 937 2790 Comm.
979 2759 1010 2789 in
1052 2759 1169 2790 Matth.
1211 2760 1231 2791 1.
1272 2770 1299 2790 c.
1345 2771 1424 2801 pag.
1476 2771 1547 2797 100.

240 2811 290 2839 14.
316 2801 393 2833 Joh.
421 2803 443 2841 Ι,
472 2803 501 2835 3.
580 2813 626 2845 19-
650 2804 764 2834 Lucae
791 2804 829 2843 X,
859 2814 910 2835 22.
986 2804 1185 2844 28.C01.11‚
1204 2807 1233 2838 3.
1310 2807 1362 2838 32.
1379 2800 1547 2848 Act.1‚‘7

1627 762 1765 790 Jerome:

1578 796 1680 824 Christ
1701 798 1810 825 knoxvs

1572 832 1660 859 when
1681 833 1730 859 the
1751 832 1810 868 day

1596 867 1630 894 of
1646 866 1805 901 judgment

1628 901 1688 928 will
1714 903 1758 928 be.
