1986 3289
208 257 295 285 CAP.
318 248 430 302 XVH]
583 260 642 291 DE
669 259 985 291 ANTICHRISTO
1014 260 1097 291 Llss.
1126 260 1147 290 l.
1754 254 1798 288 61

207 367 312 403 Sicut
344 366 467 416 igitur
499 366 545 401 de
578 365 720 414 viperis
752 372 963 401 nascuntur
996 366 1137 415 wipere,
1171 366 1224 401 sic
1257 373 1291 401 et
1324 366 1370 401 de
1398 366 1517 401 homi—

205 425 298 460 cidis
316 424 508 473 patribus,
535 436 614 470 vos,
649 423 778 471 inquit,
804 423 885 459 nati
907 424 996 460 estis
1023 424 1223 461 homicide.
1250 424 1333 460 Hec
1354 425 1517 471 Jerony-

205 495 305 518 mus.

260 540 426 576 Videtur
447 539 566 575 istum
589 547 771 575 sanctum
798 551 994 586 exponere
1017 540 1119 575 hanc
1143 547 1298 587 partem
1324 539 1599 587 evangeliiTlm
1620 548 1758 587 children
1774 547 1810 575 of

173 596 299 634 5satis
323 596 531 634 catholice.
557 599 605 632 Et
627 596 783 633 videtur
815 596 917 633 filios
946 599 1162 634 modernos
1196 597 1346 633 diaboli
1377 598 1517 634 saltem
1535 583 1808 644 nicilreeciiessissearffus

204 656 243 691 in
276 668 445 692 numero
478 654 713 691 Antichristi
759 653 861 691 filios
898 663 1079 703 tempore
1114 655 1275 691 Domini
1315 668 1517 703 superare,
1560 652 1783 715 ggiistt'lifflciain

204 713 299 762 quia
346 713 421 761 ipsi
469 712 649 760 ypocrite
683 721 774 748 sunt
806 713 938 760 plures
971 726 1089 761 quam
1125 713 1350 761 pontifices,
1392 713 1519 749 scribe
1755 695 1783 723 y.

207 780 243 808 et
275 770 462 819 pharisei,
497 783 542 807 eo
575 772 684 818 quod
717 769 791 817 ipsi
815 771 944 807 solum
970 771 1112 807 inclusi
1137 771 1295 807 fuerant
1317 771 1358 807 in
1379 773 1517 817 Judea,

206 838 242 866 et
274 829 338 865 isti
368 841 439 877 per
467 837 595 864 totum
630 827 972 865 christianismum
1005 838 1095 865 sunt
1125 828 1288 877 spissius
1318 828 1516 865 seminati.

153 898 189 918 10
265 888 371 932 Quot
414 899 512 934 rogo
557 894 648 922 sunt
693 886 872 934 ypocrite
917 886 957 922 in
994 886 1139 934 Anglia
1183 887 1250 935 qui
1296 886 1435 923 dicunt
1480 899 1519 923 se

204 944 432 992 specialiter
465 944 629 992 diligere
662 943 871 980 dominum
904 946 1037 980 Jesum
1072 944 1289 991 Christum,
1324 953 1360 980 et
1383 954 1519 981 tamen

203 1002 340 1039 vivunt
383 1002 504 1039 vitam
549 1001 622 1038 sibi
669 1002 915 1038 contrarium
962 1011 997 1038 et
1038 1015 1232 1052 pauperes
1259 1004 1520 1054 presbyteros

205 1060 272 1108 qui
304 1069 386 1097 tam
419 1060 498 1097 vita
522 1073 641 1108 quam
675 1059 803 1097 verbis
836 1059 957 1096 vitam
983 1060 1131 1096 Christi
1165 1062 1355 1108 detegunt
1387 1073 1517 1108 perse-

205 1127 400 1166 quuntur3
447 1127 484 1155 et
523 1117 563 1154 in
602 1117 690 1154 aliis
732 1118 924 1154 contratis
964 1118 1090 1155 eciam
1124 1131 1249 1167 usque
1282 1120 1332 1155 ad
1367 1118 1519 1156 curiam

151 1176 185 1208 15
205 1178 427 1213 Romanam
461 1175 635 1213 invenies
670 1176 815 1212 multos
847 1176 957 1213 tales.

261 1234 364 1280 Quia
396 1233 518 1282 igitur
552 1233 732 1270 Christus
771 1233 894 1270 voluit
940 1234 1150 1270 materiam
1186 1246 1254 1270 sue
1288 1234 1518 1271 dileccionis
1540 1244 1601 1277 All,
1622 1243 1702 1282 from
1725 1243 1806 1278 Pope

203 1292 367 1328 ecclesie
400 1291 578 1328 inferiori
611 1291 850 1340 relinquere,
892 1292 982 1328 ideo
1016 1291 1178 1340 reliquit
1212 1305 1324 1328 suam
1360 1305 1519 1329 conver·
1569 1280 1775 1347 togfingg,t{1]re

202 1350 405 1386 sacionem
449 1349 507 1386 illi
553 1349 729 1396 ecclesie,
778 1358 821 1386 ut
864 1349 1036 1386 viatores
1077 1349 1207 1398 ipsum
1253 1350 1291 1386 in
1339 1350 1519 1387 moribus
1581 1347 1759 1384 hypocrisy.

203 1407 421 1446 imitentur.
461 1409 554 1444 Ideo
589 1409 772 1444 docendo
806 1407 1047 1444 militantem
1083 1407 1293 1444 ecclesiam
1330 1409 1438 1457 quod
1471 1410 1521 1445 ad

146 1476 187 1498 20
204 1467 279 1502 hoc
312 1465 482 1503 sollicite
517 1467 635 1502 debet
668 1467 873 1502 attendere
908 1469 964 1511 (ut
997 1474 1106 1514 patet
1137 1466 1330 1502 Johannis
1359 1466 1517 1513 ultimo)

203 1523 298 1560 dicit
328 1526 464 1561 Petro:
505 1524 608 1568 Quid
639 1525 690 1559 ad
722 1524 786 1560 te?
830 1532 868 1559 tu
902 1536 962 1560 me
992 1536 1164 1572 sequere,
1204 1524 1429 1572 intelligens
1462 1524 1520 1560 in-

203 1582 321 1618 dubie
355 1583 402 1618 de
435 1582 595 1630 sequela
627 1581 667 1618 in
701 1581 893 1631 moribus,
939 1581 1041 1618 sicut
1074 1583 1141 1618 dat
1175 1583 1250 1618 hoc
1284 1584 1518 1619 mandatum

201 1640 275 1676 toti
316 1640 493 1678 ecclesie.
540 1641 617 1676 Sed
651 1641 857 1688 quomodo
891 1636 1048 1692 (queso)
1094 1648 1253 1688 satrape
1293 1640 1519 1688 superiores

202 1704 424 1746 sequuntur
462 1698 666 1734 Christum
707 1697 747 1733 in
782 1697 984 1734 moribus?
1029 1697 1262 1745 Incipiendo
1301 1698 1464 1747 quidem
1499 1712 1521 1735 a

81 1754 163 1796 410‘¹
202 1769 307 1804 papa
354 1768 479 1805 usque
524 1757 574 1792 ad
603 1753 607 1807 fl
636 1756 799 1792 fratrem
848 1755 1109 1792 novissimum
1155 1769 1295 1792 omnes
1335 1757 1520 1793 laborant

202 1813 388 1862 ypocrisi,
414 1814 647 1850 edificantes
663 1814 845 1862 sepulcra
862 1814 1163 1862 prophetarum,
1188 1814 1283 1862 quia
1303 1815 1518 1862 apostOIOS‚

205 1880 398 1919 martyres
432 1880 468 1908 et
492 1881 649 1908 sanctos
674 1872 774 1908 alios
797 1871 837 1907 in
855 1871 983 1908 verbis
1008 1871 1266 1919 magnificant
1289 1881 1326 1909 et
1350 1874 1520 1909 detesta-

205 1929 359 1966 cionem
377 1929 529 1977 peccati
545 1931 763 1966 Judeorum
781 1930 986 1966 Christum
1004 1929 1336 1978 persequencium
1356 1931 1519 1967 horren-

205 1988 295 2023 dam
330 1987 549 2035 predicant,
595 1989 671 2024 Sed
711 1988 868 2037 implent
900 2000 1120 2024 mensuram
1150 1996 1311 2037 patrum
1344 2001 1518 2035 suorum,

147 2047 189 2079 30
205 2047 385 2082 membra
395 2045 557 2082 Domini
573 2045 792 2094 ypocritice
807 2047 1096 2094 persequendo.
1109 2046 1399 2095 Op01tet'enim
1417 2046 1520 2083 filios

203 2103 437 2140 Antichristi
460 2104 605 2140 habere
629 2116 858 2140 mensuram
884 2103 944 2140 sui
967 2105 1171 2150 decursus,
1205 2103 1308 2140 sicut
1340 2106 1521 2141 membra

204 2161 350 2197 Christi
394 2162 541 2198 habent
585 2162 624 2197 in
656 2161 801 2198 viando
833 2174 945 2198 suam
989 2174 1232 2209 mensuram,
1283 2171 1320 2198 et
1364 2172 1523 2210 oportet

203 2221 311 2267 quod
355 2219 423 2256 illa
468 2232 654 2256 mensura
698 2232 768 2267 per
806 2219 1019 2267 ypocrisim
1068 2220 1116 2256 sit
1164 2220 1342 2268 impleta,
1387 2229 1424 2257 et
1464 2224 1522 2266 (ut

204 2277 365 2325 exponit
407 2279 658 2325 Jeronyrnus)
705 2291 784 2314 non
829 2287 885 2314 est
919 2279 1143 2326 putandum
1191 2280 1299 2326 quod
1339 2278 1521 2315 Christus

148 2334 483 2383 35implecionem
520 2335 635 2371 huius
670 2348 855 2372 mensure
888 2335 1122 2384 preceperit,
1157 2337 1224 2372 sed
1258 2338 1365 2385 quod
1388 2336 1518 2385 ipsum

203 2393 365 2440 yronice
412 2393 680 2441 prophetavit.
726 2395 774 2429 Et
818 2406 888 2442 per
931 2394 1037 2430 idem
1082 2406 1163 2430 non
1203 2402 1261 2430 est
1293 2396 1518 2442 putandum

205 2452 314 2498 quod
349 2450 530 2487 Christus
565 2451 771 2488 mandavit
803 2451 924 2488 vitam
961 2461 997 2488 et
1029 2453 1148 2488 verba
1182 2452 1404 2500 ypocritica
1437 2461 1518 2489 tam

206 2508 419 2556 regnancia
466 2510 534 2545 sed
579 2509 666 2557 ipsa
712 2522 887 2558 congrue
920 2510 1170 2558 reprobavit3
1215 2523 1308 2547 nam
1341 2523 1446 2559 papa
1481 2520 1519 2547 et

229 2739 235 2744 ὓ
274 2713 299 2732 2.
320 2706 363 2732 A:
385 2705 571 2743 homicidiis.
669 2716 697 2740 4.
717 2708 744 2734 A
765 2708 795 2734 in
817 2715 931 2742 marg:
952 2707 1120 2735 Jolzannes.
1212 2717 1239 2741 9,
1262 2709 1306 2735 A:
1329 2708 1519 2735 clzrislianis-

207 2747 321 2766 szmum.
432 2744 472 2768 ιο.
492 2742 537 2768 A:
559 2741 631 2776 quia
653 2750 741 2779 ergo.
858 2741 899 2770 35.
922 2742 961 2769 ss:
981 2742 1167 2778 preciperit;
1195 2742 1234 2770 ib.
1256 2744 1300 2771 A:
1321 2743 1405 2778 quod
1424 2743 1518 2770 deest.

206 2773 250 2801 38.
273 2774 312 2801 B:
334 2775 395 2801 iam
417 2777 601 2810 regnancia.

278 2881 327 2901 21.
357 2871 547 2913 Joh.XX1,
576 2883 628 2903 22.
