1986 3289
152 176 203 213 68

167 529 299 556 Prelates
321 528 405 555 shew

166 564 355 591 themselves
376 568 406 590 to

161 599 195 625 be
216 606 289 624 sous
310 599 345 625 of
362 598 411 625 the

238 632 328 660 devil.

175 1048 396 1087 Chrysostom:

172 1087 249 1113 Acts
270 1094 320 1113 are
339 1086 389 1112 the

190 1120 333 1148 evidence
353 1121 388 1148 of

178 1160 244 1182 true
266 1155 405 1190 sonship.

754 185 872 217 OPUS
897 185 1233 217 EVANGELICUM
1263 185 1346 216 LIB.
1373 185 1427 217 111.
1533 173 1640 228 [CAR
1662 183 1741 211 XIX-

438 299 475 327 et
526 290 622 339 ipsis
666 300 856 340 aptantur
914 292 987 327 hec
1038 292 1159 327 verba
1212 290 1419 339 evangelii,
1473 303 1561 327 cum
1603 291 1746 339 prelati

436 348 564 385 nostri
609 349 747 386 colunt
790 349 886 385 festa
932 348 1080 386 Christi
1137 349 1414 396 apostolorum
1470 357 1590 397 atque
1643 362 1746 385 mar-

437 415 584 454 tyrum,
638 416 674 443 et
719 407 795 455 ipsi
827 406 928 444 vitas
962 415 999 443 et
1032 406 1236 443 doctrinas
1277 419 1414 443 eorum
1457 415 1748 455 contempnunt

438 473 475 501 et
509 464 611 501 filios
635 477 776 502 eorum
800 465 909 513 ipsos
938 464 1141 501 imitantes
1164 464 1204 500 in
1234 464 1412 501 moribus
1437 473 1747 513 persequuntur.

438 523 530 558 Ideo
562 522 594 558 si
626 531 782 559 sensate
816 535 947 559 mores
979 535 1071 559 suos
1111 531 1412 571 cognoscerent,
1453 522 1532 559 vite
1564 535 1633 559 sue
1666 531 1748 559 tur-

437 580 661 629 pitudinem
697 582 982 626 abhorrerent3
1036 580 1127 617 ideo
1165 580 1329 617 indubie
1361 589 1452 617 sunt
1490 589 1608 617 testes
1642 581 1749 628 quod

437 651 519 675 non
550 647 642 675 sunt
690 639 760 675 filii
795 638 942 675 Christi
976 647 1012 675 et
1052 651 1120 675 sue
1153 638 1333 683 ecclesie,
1387 639 1456 674 sed
1496 638 1566 674 filii
1600 637 1749 675 diaboli

439 706 475 733 et
520 709 722 745 synagoge
768 706 920 743 satane,
974 696 1066 745 quia
1121 696 1191 732 filii
1237 696 1277 733 in
1316 695 1495 732 moribus
1539 704 1630 732 sunt
1663 696 1749 743 plus

438 755 701 803 appreciandi
735 768 855 803 quam
889 753 959 791 filii
992 755 1208 793 naturales,

930 936 1068 977 CAP.
1102 936 1243 976 XIX.

497 1045 765 1083 Crisostornus
809 1053 942 1081 autern
989 1045 1121 1081 adhuc
1164 1043 1423 1092 prosequitur
1455 1042 1749 1091 exposicionem

439 1104 556 1140 huius
607 1112 736 1140 textus
781 1102 997 1151 evangelici
1041 1104 1112 1139 sub
1153 1103 1227 1138 hac
1265 1102 1412 1138 forma:
1465 1103 1553 1144 Aut,
1604 1100 1749 1149 inquit,

438 1163 510 1198 ita:
540 1163 625 1197 Non
659 1161 746 1210 quia
779 1169 846 1197 aut
878 1162 924 1197 de
945 1161 1053 1197 iustis
1070 1160 1303 1209 parentibus
1325 1159 1415 1195 iusti
1444 1166 1655 1195 nascuntur
1685 1166 1751 1194 aut

439 1221 485 1256 de
499 1220 635 1268 iniquis
656 1219 774 1268 iniqui
793 1219 999 1255 secundum
1025 1230 1067 1254 ea
1084 1230 1153 1267 que
1174 1218 1367 1262 diximus;
1387 1217 1455 1253 sed
1476 1217 1511 1253 si
1546 1217 1592 1253 de
1608 1229 1750 1266 paren—

438 1278 537 1314 tibus
573 1277 681 1313 iustis
719 1277 809 1313 iusti
838 1284 1060 1322 nascantur,
1094 1288 1170 1325 per
1207 1276 1278 1312 hoc
1310 1276 1432 1325 ipsum
1466 1275 1616 1323 quidem
1649 1275 1751 1324 quod

436 1336 581 1373 similes
622 1342 711 1372 sunt
743 1335 971 1384 parentibus
1013 1334 1105 1381 suis,
1138 1334 1189 1370 ita
1228 1334 1301 1370 sibi
1332 1333 1588 1369 testimonium
1616 1332 1751 1382 perhi-

439 1394 526 1431 bent
557 1394 644 1443 quia
676 1400 763 1429 sunt
781 1393 864 1442 filii
893 1404 1040 1439 eorum,
1072 1392 1107 1428 si
1136 1399 1262 1428 autem
1297 1392 1344 1427 de
1377 1391 1485 1427 iustis
1516 1390 1634 1439 iniqui
1663 1402 1749 1427 nas-

439 1459 590 1498 cantur,
637 1463 712 1500 per
756 1451 827 1487 hoc
870 1450 993 1500 ipsum
1039 1451 1140 1499 quod
1173 1450 1378 1486 dissimiles
1408 1455 1496 1485 sunt
1523 1448 1751 1498 parentibus

439 1510 530 1556 suis,
550 1509 754 1559 perhibent
785 1509 859 1548 sibi
878 1508 1137 1545 testimonium
1171 1508 1256 1556 quia
1290 1520 1361 1544 non
1384 1514 1471 1543 sunt
1491 1506 1574 1556 filii
1603 1518 1749 1543 eorum.

440 1568 613 1604 Econtra
652 1567 687 1603 si
723 1567 770 1602 de
800 1567 936 1615 iniquis
970 1566 1197 1615 parentibus
1234 1565 1352 1614 iniqui
1383 1571 1604 1611 nascantur,
1654 1563 1751 1600 sicut

441 1625 631 1661 homicide
659 1625 775 1660 Judei
816 1625 863 1660 de
901 1624 1103 1660 homicidis
1139 1623 1285 1667 Judeis,
1338 1623 1384 1658 de
1422 1623 1556 1671 quibus
1588 1634 1751 1672 presens

442 1683 613 1732 loquitur
643 1695 786 1729 sermo,
814 1695 890 1732 per
921 1682 992 1718 hoc
1024 1682 1149 1731 ipsum
1183 1681 1285 1730 quod
1316 1680 1460 1717 similes
1491 1687 1579 1716 sunt
1605 1691 1750 1729 paren-

441 1742 541 1777 tibus
571 1741 651 1777 suis
689 1741 826 1789 iniquis
863 1740 937 1776 sibi
978 1740 1071 1789 ipsis
1109 1739 1366 1775 testimonium
1407 1738 1613 1787 perhibent
1664 1738 1751 1786 quia

442 1799 525 1849 filii
553 1806 640 1835 sunt
678 1811 824 1835 eorum.
878 1798 922 1834 Si
957 1805 1084 1834 autem
1130 1798 1176 1833 de
1219 1797 1358 1846 iniquis
1402 1796 1494 1832 iusti
1530 1803 1752 1841 nascantur,

441 1857 514 1893 sibi
544 1857 619 1906 ipsi
644 1857 901 1893 testimonium
929 1856 1134 1905 perhibent
1161 1867 1235 1904 per
1267 1855 1338 1891 hoc
1361 1854 1484 1904 ipsum
1516 1854 1620 1903 quod
1643 1853 1752 1890 dissi-

443 1915 554 1951 miles
574 1922 663 1951 sunt
678 1914 907 1964 parentibus
929 1914 1017 1962 quia
1049 1925 1122 1949 non
1146 1920 1233 1949 sunt
1253 1912 1336 1964 filii
1355 1924 1501 1948 eorum.
1536 1912 1752 1948 Secundum

443 1973 515 2009 hoc
548 1985 644 2023 ergo
678 1980 713 2009 et
745 1972 905 2008 heretici
935 1971 1009 2021 ipsi
1037 1971 1111 2007 sibi
1141 1970 1398 2007 testimonium
1432 1971 1536 2015 dant,
1575 1969 1753 2018 quoniam

445 2031 528 2080 filii
558 2038 645 2067 sunt
676 2031 888 2066 Judeorum
930 2036 1044 2079 atque
1079 2028 1282 2079 gentilium
1327 2028 1392 2076 qui
1427 2027 1625 2077 persecuti
1668 2034 1754 2063 sunt

438 2089 654 2138 prophetas
697 2095 732 2124 et
783 2088 980 2136 apostolos
1024 2094 1059 2123 et
1103 2093 1320 2137 martyres.
1380 2085 1615 2130 Quomodo?
1666 2085 1754 2134 Ipsa

444 2147 596 2195 quidem
631 2158 749 2195 opera
772 2146 971 2194 facientes
1003 2145 1039 2180 in
1069 2145 1302 2180 christianos
1334 2155 1404 2192 que
1426 2143 1614 2192 fecerunt
1643 2142 1758 2178 Judei

443 2211 558 2253 atque
607 2204 775 2254 gentiles
819 2204 854 2239 in
894 2203 1114 2252 prophetas
1158 2209 1193 2238 et
1236 2202 1434 2251 apostolos
1472 2208 1507 2237 et
1538 2207 1753 2252 martyres.

444 2262 644 2310 Numquid
683 2262 875 2310 prophete
912 2268 978 2296 aut
1010 2260 1178 2309 apostoli
1209 2267 1410 2310 martyres
1438 2258 1754 2308 persequencium

445 2320 620 2356 volebant
653 2320 817 2368 aliquem
838 2319 938 2368 fieri
966 2318 1161 2354 similem?
1193 2317 1391 2366 Numquid
1422 2316 1639 2353 terroribus
1670 2328 1756 2352 car-

446 2378 595 2413 nalibus
627 2385 692 2413 aut
732 2376 1057 2425 promissionibus
1100 2375 1361 2411 mundialibus
1399 2375 1562 2423 aliquem
1596 2374 1757 2409 credere

515 2601 547 2620 11.
569 2594 595 2620 A
618 2592 646 2619 in
670 2599 783 2626 marg:
806 2591 1023 2618 Crisostomus.
1130 2596 1168 2616 12.
1189 2590 1234 2616 A:
1258 2589 1428 2625 evangelii.
1522 2596 1562 2621 14.
1584 2588 1622 2615 ss:
1642 2587 1697 2614 sed
1713 2594 1758 2614 se-

444 2629 594 2659 cundum‚·
616 2627 733 2654 Codd.:
755 2626 856 2661 iniqui
875 2648 880 2652 .
903 2646 908 2651 .
931 2646 938 2652 .
960 2625 1145 2660 iuslirdcest.
1238 2624 1277 2651 18.
1304 2625 1349 2651 A:
1378 2623 1436 2650 lzoc
1455 2623 1548 2650 deest.
1650 2630 1695 2649 20.
1720 2622 1755 2648 B:

444 2663 573 2689 iniustis.
639 2661 759 2689 20—26.
782 2662 825 2688 A:
847 2659 1081 2695 Econtra—filii
1099 2666 1204 2685 eorum
1225 2659 1324 2692 deest;
1347 2658 1380 2686 B:
1400 2658 1460 2685 sibi
1478 2658 1561 2693 ipsis.
1652 2665 1695 2692 27.
1719 2656 1755 2683 B:

443 2697 527 2732 quod
545 2697 676 2724 heretici
692 2696 762 2731 ipsi.

526 2814 573 2834 11.
601 2803 667 2844 Op.
696 2803 779 2843 Imp.
807 2802 826 2832 l.
855 2812 882 2832 c.
910 2812 940 2842 p,
970 2801 1056 2831 CXC
1085 2801 1153 2839 (ed.
1181 2800 1235 2830 alt.
1264 2810 1295 2841 p.
1322 2798 1414 2836 832).

1770 952 1808 974 10

1769 1276 1806 1308 15

1767 1576 1808 1597 20

1770 1855 1809 1887 25

1772 2144 1813 2176 30
