1986 3289
144 212 162 237 m

202 212 220 236 Ν

210 647 346 673 Jcrome:

177 682 244 708 Tne
265 681 322 716 day
343 682 378 708 os

750 208 869 239 OPUS
896 207 1233 239 EVANGELICUM
1263 208 1345 240 LIB.
1373 208 1426 239 111.
1516 192 1620 251 [(ΣΑΡ·
1647 203 1740 231 LXV-

430 314 484 350 sic
517 313 690 361 virgines
723 314 830 350 fatue
863 314 1095 349 defecerunt
1129 315 1175 348 de
1216 314 1304 349 oleo
1340 312 1401 349 hic
1432 313 1471 349 in
1504 312 1565 349 via
1590 322 1624 349 et
1657 326 1742 349 om-

429 371 525 409 nino
558 372 744 408 deficient
777 371 817 406 in
852 371 914 407 die
947 370 1099 407 iudicii.

932 554 1069 595 CAP.
1103 553 1252 595 LXV.

494 649 684 698 Sequitur
728 649 768 685 in
812 658 920 686 textu
958 649 1145 685 Matthei:
1199 649 1356 685 .Moram
1409 657 1536 686 autem
1571 650 1749 698 faciente-

154 716 313 751 judgment
333 716 407 743 shall
432 720 572 757 sponso
597 708 912 744 dormitaverunt
945 720 1074 743 omnes
1106 714 1140 743 et
1164 707 1418 743 dormierunt.
1455 708 1586 747 &ledia
1619 715 1744 744 autem
1764 710 1779 741 5

180 759 268 777 come
289 751 376 777 when

160 786 233 812 least
253 785 408 820 expected.
434 773 543 802 nocte
565 766 716 801 clamor
728 766 869 814 factus
885 773 959 801 est:
980 765 1082 801 Ecce
1095 777 1257 814 sponsus
1273 765 1385 809 venit,
1410 766 1512 801 exite
1534 766 1683 801 obviam
1701 766 1744 803 ei.

173 2046 221 2072 No
242 2046 397 2081 authority

165 2082 211 2107 tor
232 2081 346 2115 getting
365 2089 405 2115 up

184 2120 214 2142 to
237 2116 390 2149 midnight

227 2151 348 2177 matius.

493 825 622 871 Super
646 836 726 871 quo
749 825 1006 871 jeronymus:
1040 823 1128 858 Non
1151 823 1248 859 enim
1275 836 1418 872 parum
1442 823 1626 871 temporis
1647 824 1748 859 inter

428 882 603 930 priorem
649 889 683 917 et
725 882 933 917 secundum
980 882 1187 917 adventum
1220 881 1382 917 Domini
1411 881 1745 932 pretergreditur.

441 939 582 975 Omnes
615 939 938 985 dormitaverunt,
978 939 1017 974 id
1059 946 1126 986 est⁷
1174 946 1326 976 mortue
1368 946 1467 985 sunt,
1521 939 1608 987 quia
1643 952 1749 975 mors

432 1005 656 1033 sanctorum
680 1010 861 1046 sompnus
877 997 1106 1046 appellatur.
1137 997 1423 1045 Consequenter
1443 1004 1569 1032 autem
1587 997 1749 1033 dicitur:
1770 1010 1807 1029 10

434 1055 693 1091 Dormierunt
744 1056 829 1103 quia
862 1062 997 1104 postea
1040 1055 1261 1091 suscitande
1303 1062 1401 1090 sunt.
1457 1055 1589 1091 Media
1622 1063 1747 1091 autem

434 1120 541 1149 nocte
573 1113 723 1149 clamor
745 1121 813 1149 etc.
828 1129 838 1149 .·
870 1114 1002 1149 Subito
1034 1114 1146 1159 enim,
1179 1113 1290 1162 quasi
1321 1113 1544 1162 intempesta
1577 1121 1684 1149 nocte
1716 1121 1750 1149 et

432 1171 579 1207 securis
602 1171 775 1207 omnihus
807 1172 957 1220 quando
988 1171 1252 1222 gravissimus
1283 1183 1398 1220 sopor
1431 1178 1498 1217 est,
1524 1183 1599 1220 per
1629 1183 1747 1222 ange-

434 1229 560 1265 lorum
615 1229 827 1265 clamorem
889 1237 924 1265 et
967 1229 1078 1265 tubas
1122 1228 1418 1278 precedencium
1464 1229 1748 1278 fortitudinum

439 1287 589 1324 Christi
621 1288 815 1323 resonabit
847 1288 1046 1325 adventus.
1095 1287 1284 1323 Dicamus
1316 1287 1462 1335 aliquid
1499 1288 1600 1335 quod
1621 1287 1805 1335 forsi-15

434 1353 498 1381 tan
544 1345 681 1381 lectori
718 1346 808 1381 utile
851 1346 911 1381 sit.
973 1345 1153 1380 Tradicio
1191 1345 1403 1380 Judeorum
1451 1352 1506 1380 est
1551 1344 1748 1381 Christum

435 1403 559 1439 media
593 1410 702 1439 nocte
724 1410 927 1439 venturum
961 1403 996 1438 in
1029 1402 1317 1439 similitudinem
1341 1402 1520 1453 Egypcii
1550 1403 1749 1452 temporis,

433 1462 586 1511 quando
620 1461 769 1497 Pascha
822 1462 1056 1497 celebratum
1101 1468 1157 1497 est
1200 1468 1235 1496 et
1266 1461 1552 1497 exterminator
1584 1460 1685 1496 venit
1716 1468 1751 1496 et

438 1519 626 1555 Dominus
677 1531 793 1568 super
845 1519 1095 1555 tabernacula
1149 1519 1304 1554 transiit
1347 1526 1381 1554 et
1424 1518 1615 1568 sanguine
1657 1519 1752 1569 agni

431 1584 562 1626 postes
607 1584 830 1612 nostrarum
856 1576 1061 1625 froncium
1104 1583 1326 1612 consecrate
1369 1584 1468 1612 sunt.
1521 1577 1629 1612 Unde
1661 1588 1752 1612 reor
1768 1589 1809 1609 ευ

436 1642 471 1671 et
503 1635 755 1670 tradicionem
795 1634 1045 1683 apostolicam
1082 1634 1345 1683 permansisse
1390 1641 1429 1669 ut
1461 1635 1497 1669 in
1531 1634 1591 1670 die
1624 1634 1751 1685 vigili-

435 1705 547 1728 arum
582 1693 730 1728 Pasche
762 1700 850 1728 ante
873 1692 994 1729 noctis
1027 1692 1228 1728 dimidium
1254 1692 1420 1741 populos
1453 1692 1648 1728 dimittere
1679 1704 1751 1728 non

439 1751 551 1786 liceat
594 1757 839 1799 expectantes
883 1751 1090 1786 adventum
1130 1749 1288 1793 Christi,
1342 1757 1376 1786 et
1403 1757 1609 1799 postquam
1655 1749 1753 1785 illud

437 1816 583 1857 tempus
606 1809 808 1844 transierit
830 1808 1038 1844 securitate
1054 1815 1282 1857 presumpta
1305 1809 1458 1857 festum
1482 1807 1609 1843 cuncti
1629 1815 1752 1858 agunt

439 1867 551 1902 diem.
591 1866 697 1902 Unde
720 1867 929 1902 Psalmista
964 1866 1132 1902 dicebat:
1164 1866 1296 1901 Media
1329 1873 1438 1901 nocte
1459 1866 1669 1915 surgebam
1702 1866 1754 1900 ad
1770 1868 1809 1900 25

438 1924 694 1974 confitendum
740 1925 808 1960 tibi
849 1937 969 1973 super
1016 1924 1155 1959 iudicia
1200 1923 1486 1973 iustificacionis
1530 1930 1604 1960 tue.
1669 1925 1753 1959 Hec

438 1984 688 2029 Jeronyrnus.

497 2041 610 2076 Patet
643 2052 685 2076 ex
720 2039 836 2075 dictis
862 2039 975 2075 istius
1009 2039 1137 2076 sancti
1171 2052 1292 2087 quam
1327 2039 1422 2075 levis
1456 2038 1660 2075 evidencia
1695 2047 1752 2075 est

440 2097 480 2133 in
515 2097 647 2134 medio
682 2097 809 2133 noctis
833 2109 996 2145 surgere
1030 2106 1066 2133 et
1101 2097 1232 2133 dicere
1267 2097 1482 2133 matutinas
1517 2098 1638 2133 modo
1672 2109 1751 2144 quo

441 2155 615 2203 religiosi
658 2155 784 2191 nostri
828 2155 972 2203 privati
1017 2155 1170 2192 faciunt
1216 2167 1259 2191 ex
1292 2154 1368 2191 isto
1414 2156 1524 2190 nudo
1568 2166 1753 2191 sermone
1770 2160 1811 2191 30

442 2214 586 2249 Psalm.
613 2214 779 2259 CXVIII,
814 2226 859 2250 ac
883 2213 914 2249 si
949 2213 1075 2253 nostri
1100 2212 1274 2261 religiosi
1299 2212 1396 2249 fatui
1430 2212 1484 2249 sic
1517 2221 1750 2260 arguerent:

442 2271 653 2307 psalmista
688 2271 743 2307 sic
767 2271 858 2307 feeit
888 2272 1011 2307 semel
1044 2272 1093 2307 ad
1129 2270 1359 2306 minimum:
1395 2270 1506 2307 Sicut
1538 2272 1585 2306 de
1609 2270 1752 2318 Egipto

442 2328 557 2365 exivit
603 2330 775 2377 populus
821 2329 1062 2365 Israeliticus
1113 2329 1235 2365 semel
1280 2328 1320 2364 in
1367 2329 1499 2364 medio
1544 2328 1671 2364 noctis
1717 2336 1753 2364 et

443 2386 623 2423 Christus
670 2387 802 2423 veniet
842 2387 881 2423 in
929 2387 1060 2423 medio
1094 2386 1223 2423 noctis
1263 2387 1386 2423 semel
1418 2388 1468 2423 ad
1502 2386 1620 2422 finale
1652 2386 1752 2422 iudi—

443 2444 563 2492 cium,
610 2458 703 2492 ergo
736 2445 791 2480 illi
834 2446 977 2481 debent
1023 2444 1258 2492 regulariter
1290 2456 1450 2492 surgere
1484 2452 1521 2480 et
1552 2444 1620 2480 illa
1653 2445 1752 2480 hora
1769 2447 1809 2479 35

510 2634 535 2661 3.
556 2636 600 2662 A:
625 2635 697 2670 Cap.
718 2635 822 2663 LXIII.
945 2645 970 2670 7.
993 2637 1018 2663 A
1041 2636 1069 2663 in
1092 2644 1205 2670 marg:
1232 2636 1426 2670 Jeronynzus.
1534 2643 1568 2663 11.
1591 2636 1630 2663 B:
1652 2637 1752 2663 autem

443 2670 537 2696 deest.
628 2678 667 2697 21.
689 2671 733 2697 A:
756 2671 785 2697 in
807 2671 900 2697 deest.
992 2670 1037 2697 30.
1059 2672 1102 2698 A:
1123 2671 1181 2698 isto
1202 2671 1303 2697 modo.

511 2775 543 2803 4.
571 2764 689 2795 Matth.
715 2765 818 2804 XXV⁷
848 2765 876 2804 Ξ),
903 2764 933 2796 (Β.
1037 2775 1066 2806 7.
1095 2766 1233 2797 Comm.
1260 2766 1290 2796 in
1320 2765 1438 2797 Matth.
1465 2766 1485 2796 l.
1513 2776 1539 2796 c.
1568 2775 1644 2806 pag.
1674 2774 1750 2805 204.

445 2820 496 2839 ει).
525 2810 637 2841 I'salrn
667 2811 812 2849 CXVIII,
839 2810 893 2841 (32.
