1986 3289
164 194 214 229 28

230 316 374 350 Spiritual

203 350 346 384 meaning
365 351 400 377 of

162 383 294 412 Christ⁷s
314 385 429 412 words.

182 1805 320 1832 Jerome:
341 1804 407 1831 The

195 1839 311 1866 scribes
332 1840 392 1866 and

774 202 893 235 opus
919 202 1255 235 EVANGELICUM
1285 202 1367 234 Llss.
1397 204 1449 235 111.
1554 191 1764 245 [CARV111.

510 311 557 345 Et
589 308 713 345 tercio
747 318 876 357 potest
909 310 995 345 elici
1030 322 1072 346 ex
1104 310 1179 346 hiis
1212 309 1463 346 sermonibus
1497 310 1613 347 huius
1636 311 1763 348 sancti

452 368 656 414 quomodo
701 379 794 403 sane
827 376 957 415 potest
989 367 1157 415 intelligi
1191 368 1439 415 evangelium
1474 368 1609 404 multis
1642 369 1763 415 locis3

451 437 542 460 nam
579 428 637 470 (ut
670 424 765 461 dicit
799 425 1103 469 Lincolniensis)
1138 426 1361 462 secundum
1386 426 1613 462 doctrinam
1640 428 1765 474 Chry-

451 482 618 519 sostomi
650 482 690 518 in
725 484 800 518 hoc
823 483 927 528 loco,
962 484 1124 531 quando
1148 483 1329 520 Christus
1353 483 1532 531 precepit
1555 484 1764 520 hominem

448 550 634 577 vocatum
676 541 726 577 ad
759 541 927 589 nupcias
960 543 1193 578 recumbere
1228 541 1268 578 in
1299 541 1516 578 novissimo
1547 542 1651 588 loco,
1685 544 1800 578 0005

449 598 634 646 intelligit
666 599 799 635 locum
832 600 893 635 vel
925 599 1091 647 nupcias
1125 600 1369 647 corporales,
1411 599 1505 648 quia
1537 608 1632 636 tunc
1664 600 1765 636 foret

451 668 495 692 ex
528 656 712 693 doctrina
746 656 894 693 Christi
942 657 1150 694 contencio
1182 666 1431 703 vocatorum,
1477 658 1546 694 sed
1578 657 1765 705 intelligit

448 715 582 750 locum
616 714 854 751 humilitatis
893 714 1035 751 animi·
1061 717 1194 763 quoad
1232 715 1533 763 reputacionem
1581 723 1618 751 et
1664 729 1764 763 nup-

449 772 543 819 cias,
577 785 654 820 que
686 781 777 809 sunt
809 772 913 809 inter
947 772 1151 810 Christum
1184 786 1378 821 sponsum
1412 772 1577 810 ecclesie
1610 782 1647 809 et
1680 786 1765 809 om-

449 843 516 866 nes
550 843 595 867 ac
628 830 804 879 singulos
837 831 1130 879 predestinatos
1163 832 1212 867 ad
1246 831 1429 879 gloriam.
1785 845 1823 865 10

507 890 555 924 Et
587 888 704 925 istam
739 889 964 925 doctrinam
998 898 1186 925 notarent
1208 889 1349 937 prelati
1372 889 1518 937 singuli
1552 899 1588 927 et
1610 888 1763 938 specia-

448 946 538 982 liter
570 948 774 983 Romanus
818 946 1007 995 pontifex.
1053 949 1139 995 Ipse
1173 947 1278 983 enim
1312 948 1361 984 ad
1395 955 1549 984 tantum
1587 947 1763 985 creditur

449 1004 638 1052 superbia
682 1005 893 1041 induratus
938 1006 1045 1053 quod
1079 1005 1238 1041 Christo
1270 1005 1359 1041 veni
1388 1001 1393 1057 Ι
1422 1014 1512 1042 ente
1555 1006 1595 1042 in
1633 1006 1763 1042 forma
1808 995 1892 1040 407b

449 1075 527 1110 qua
560 1062 680 1099 viavit
703 1062 766 1099 hic
790 1062 829 1099 in
853 1063 969 1099 terris
992 1075 1097 1111 papa
1121 1062 1407 1110 dedignaretur
1440 1065 1548 1111 quod
1581 1062 1762 1100 Christus

448 1121 602 1157 sederet
635 1121 742 1157 iuxta
782 1133 885 1164 eum,
926 1122 1052 1157 multo
1093 1120 1320 1157 evidencius
1353 1123 1461 1169 quod
1495 1122 1637 1169 dignus
1670 1129 1761 1158 ante
1784 1125 1820 1157 15

447 1178 578 1226 ipsum
624 1179 894 1215 discumberet
925 1180 985 1215 vel
1018 1181 1066 1215 de
1098 1179 1260 1215 nomine
1293 1178 1416 1227 patris
1450 1178 1670 1216 beatissimi
1701 1179 1762 1215 vel

448 1235 535 1272 aliis
581 1237 841 1273 abusionibus
885 1237 1016 1285 ipsum
1050 1246 1249 1285 argueret.
1294 1238 1386 1273 Ideo
1420 1246 1571 1274 certum
1604 1237 1761 1274 videtur

448 1306 491 1330 ex
536 1294 612 1330 fide
646 1296 755 1343 quod
789 1295 917 1331 maior
961 1308 1052 1343 pars
1084 1296 1283 1332 factorum
1318 1295 1434 1331 huius
1468 1295 1577 1332 curie
1610 1304 1667 1331 est
1700 1307 1761 1331 so-

447 1351 683 1400 phisticacio
716 1352 964 1390 Antichristi.

956 1525 1094 1566 cAP.
1126 1524 1258 1565 Vin.
1778 1551 1820 1572 20

505 1631 695 1680 Sequitur
739 1631 779 1667 in
826 1640 930 1667 textu
964 1630 1149 1667 Matthei:
1192 1631 1241 1666 Ve
1272 1637 1398 1665 autem
1433 1629 1537 1665 vobis
1569 1629 1694 1665 scribe
1726 1637 1761 1665 et

442 1690 620 1738 pharisei
653 1690 853 1740 ypocrite,
897 1689 985 1738 quia
1029 1689 1209 1725 clauditis
1254 1700 1417 1738 regnum
1463 1687 1633 1723 celorum
1674 1694 1762 1723 ante

449 1748 631 1785 homines.
667 1748 757 1796 {Vos
795 1748 891 1784 enim
938 1760 1010 1784 non
1052 1746 1205 1782 intratis
1243 1759 1309 1782 nec
1347 1746 1578 1782 introeuntes
1615 1745 1764 1781 intrare

447 1805 581 1844 sinitis.
616 1807 744 1853 Super
776 1818 855 1854 quo
887 1807 1141 1852 Jeronymus:
1182 1804 1335 1840 Habent
1365 1803 1490 1840 scribe
1521 1810 1556 1838 et
1586 1802 1762 1852 pharisei

159 1874 434 1909 plmriseessinned
450 1864 549 1913 legis
586 1864 944 1913 prophetarumque
995 1863 1187 1898 noticiam.
1242 1862 1373 1898 Sciunt
1431 1860 1627 1897 Christum
1681 1872 1761 1896 esse
1778 1864 1816 1896 25

239 1909 359 1943 against

194 1944 386 1978 knowledge.

186 2439 405 2474 chrysostom:

449 1922 579 1971 filium
613 1922 701 1969 Dei,
734 1934 807 1958 non
831 1922 1017 1972 ignorant
1047 1928 1178 1956 natum
1202 1932 1283 1957 esse
1314 1921 1360 1956 de
1384 1919 1548 1969 virgine,
1579 1919 1648 1954 sed
1670 1919 1759 1953 dum

443 1980 609 2028 predam
645 1981 691 2016 ale
720 1980 887 2016 subiecta
919 1979 992 2015 sihi
1016 1979 1129 2028 plebe
1160 1985 1354 2028 appetunt,
1388 1989 1455 2013 nec
1477 1976 1551 2025 ipsi
1571 1976 1761 2012 introeunt

447 2038 482 2072 in
507 2051 629 2088 regna
663 2038 832 2074 celorum
866 2049 933 2073 nec
964 2049 1028 2073 eos
1058 2037 1123 2086 qui
1138 2044 1321 2085 poterant
1343 2036 1491 2071 intrare
1517 2034 1761 2083 permittunt,

447 2096 518 2131 lzoc
562 2103 628 2143 est,
674 2096 775 2144 quod
818 2096 853 2130 in
893 2095 989 2131 Osee
1026 2095 1220 2143 propheta
1264 2094 1399 2144 arguit
1439 2092 1652 2129 Dominus:
1684 2091 1759 2126 Ab·

446 2154 679 2189 sconderunt
709 2154 931 2190 sacerdotes
964 2152 1077 2198 viam,
1124 2152 1402 2200 interfecerunt
1434 2151 1662 2186 Siclzemam.
1710 2149 1761 2184 Et
1778 2154 1819 2186 30

448 2224 626 2247 rursmn:
659 2212 889 2247 Sacerdotes
921 2223 993 2246 non
1033 2210 1218 2245 dixerunt
1262 2210 1326 2246 ubi
1364 2217 1419 2245 est
1451 2208 1655 2245 Dominus.
1697 2207 1763 2242 Vel

449 2277 551 2305 certe
583 2270 705 2305 onmis
738 2269 929 2319 magister
960 2268 1024 2317 qui
1052 2268 1294 2320 scandaliqat
1327 2267 1441 2303 malis
1473 2265 1653 2315 operibus
1685 2264 1760 2300 dis-

447 2327 592 2375 cipulos
613 2339 715 2373 suos,
739 2327 884 2363 claudit
906 2334 992 2362 ante
1015 2338 1078 2362 eos
1094 2338 1258 2376 regumn
1283 2325 1464 2361 celorum.
1495 2325 1577 2359 IIec
1599 2324 1760 2369 Jerony-

449 2397 546 2420 mus.
582 2384 850 2421 Crisostomus
873 2393 1005 2420 autem
1037 2384 1255 2420 secundum
1280 2382 1462 2419 ordinem
1497 2380 1617 2418 alium
1643 2392 1761 2427 super

447 2441 522 2478 isto
567 2451 672 2479 textu
717 2443 772 2478 sic
816 2442 1013 2490 loquitur:
1066 2442 1152 2477 Vult
1196 2441 1291 2477 enim
1326 2440 1515 2477 Dominus
1561 2438 1761 2474 ostendere
1777 2440 1817 2473 35

517 2620 535 2638 1.
557 2612 583 2638 A
605 2611 633 2638 in
656 2619 769 2645 marg:
791 2619 823 2644 3.
897 2619 925 2645 9.
948 2612 991 2638 A:
1013 2618 1099 2645 quem
1118 2613 1197 2637 sunt.
1271 2617 1310 2637 21.
1332 2609 1353 2636 Β
1374 2609 1404 2635 in
1426 2616 1539 2642 marg:
1563 2607 1591 2634 8.
1665 2614 1711 2639 24.
1733 2607 1761 2633 A

446 2647 474 2673 in
498 2655 610 2680 marg:
632 2646 809 2680 leronymus
921 2644 964 2678 34.
988 2646 1015 2672 A
1035 2646 1065 2672 in
1087 2653 1200 2679 marga
1224 2644 1437 2671 Crisostomus.

518 2740 567 2760 21.
598 2729 714 2761 Manli.
740 2730 856 2768 XXIII⁷
888 2730 936 2761 13.
988 2739 1039 2769 24.
1069 2729 1205 2759 Comm.
1233 2729 1265 2759 in
1293 2726 1504 2758 Matthaeum
1533 2726 1552 2756 1.
1580 2736 1607 2756 c.
1634 2723 1759 2765 p.185.

449 2787 500 2818 21).
528 2777 640 2807 Oscae
661 2777 715 2815 VI,
734 2788 764 2818 t).
863 2777 914 2807 30.
942 2775 985 2806 ib.
1010 2786 1041 2815 4.
1116 2774 1167 2807 35.
1194 2775 1260 2815 Op.
1286 2775 1370 2815 Imp.
1398 2773 1417 2803 l.
1445 2782 1471 2803 c.
1500 2783 1531 2813 p.
1559 2771 1758 2802 CLXXXVI

447 2823 516 2859 (ed.
543 2824 600 2853 alt.
627 2827 720 2866 927).
