1986 3289
202 227 291 256 CAP.
312 216 496 272 xxxvm]
579 231 637 262 DE
663 228 977 262 ANrtcnalsTo
1006 228 1088 263 ΜΒ.
1115 228 1138 262 1.

203 337 442 374 intencionis
514 337 689 374 hominis
759 337 1109 374 coincidentaliter
1182 338 1516 386 correspondent,

202 404 312 443 patet
358 396 466 444 quod
510 395 645 431 radius
693 395 826 443 gracie
870 408 951 432 non
1003 404 1188 443 penetrat
1231 408 1351 443 super
1395 396 1517 432 talem

203 454 406 490 hominem
441 453 658 499 irrefracte‚
694 462 731 489 et
764 466 854 489 cum
879 452 1060 489 Christus
1084 454 1250 490 mandat
1273 454 1323 489 ad
1356 465 1517 490 sensum

204 511 449 548 contrarium
484 512 592 559 quod
624 511 763 547 oculus
795 520 887 547 tuus
919 511 969 547 sit
1000 511 1183 560 simplex,
1217 512 1294 548 hoc
1327 519 1397 557 est,
1431 511 1517 547 sine

171 570 308 617 5plica
353 568 603 606 refleccionis
647 568 738 605 talis
783 568 1007 617 culpabilis,
1057 569 1152 617 quia
1192 568 1283 605 talis
1328 569 1517 605 refleccio

202 627 430 664 necessario
463 635 602 663 causat
634 629 820 663 umbram
854 626 1021 674 peccati,
1063 627 1154 663 ideo
1188 627 1285 664 dicit
1317 626 1518 663 Dominus

203 685 271 721 ubi
304 697 443 733 supra:
492 683 537 722 Si
567 685 699 721 oculus
731 692 819 720 tuus
840 685 971 733 fuerit
1004 697 1180 733 nequam,
1220 693 1340 721 totum
1374 697 1519 734 corpus

204 751 307 779 tuum
341 743 582 779 tenebrosum
617 743 703 779 erit.
736 744 852 779 Tunc
885 751 1019 778 autem
1054 751 1111 778 est
1142 742 1320 779 intencio
1352 742 1518 779 viatoris

204 813 394 849 nequam,
439 801 601 849 quando
649 809 704 837 est
743 812 929 848 perversa
974 813 996 836 a
1034 800 1161 847 gloria
1194 800 1267 837 Dei
1311 802 1519 849 querenda

151 860 253 895 1oad
299 858 468 907 gloriam
516 859 762 894 mundanam
808 859 869 895 vel
915 859 1072 894 lucrum
1119 858 1329 906 proprium
1376 858 1519 907 adqui-

203 918 386 963 rendum,
441 917 509 953 sed
555 929 644 952 cum
692 918 797 952 Deus
850 917 972 952 homo
1019 928 1176 952 summe
1226 916 1385 964 sapiens
1438 929 1518 953 non

204 983 336 1023 potest
367 974 408 1010 in
440 974 555 1010 istam
590 973 826 1022 stulticiam,
874 982 984 1022 patet
1017 975 1124 1022 quod
1156 973 1230 1010 ista
1264 974 1404 1022 religio
1437 987 1518 1011 non

204 1032 409 1069 descendit
452 1045 474 1069 a
517 1040 631 1080 patre
674 1031 873 1068 luminum
919 1033 987 1068 sed
1032 1044 1054 1068 a
1094 1031 1257 1068 diabolo
1289 1033 1518 1069 occultante

203 1091 389 1127 naturale
421 1090 559 1126 lumen
590 1089 791 1126 viancium
825 1089 1059 1137 adinventa3
1104 1091 1173 1125 sed
1206 1089 1388 1127 Christus
1422 1089 1518 1126 dicit

152 1149 188 1182 15
206 1150 311 1185 Luce
342 1149 407 1194 XI,
443 1148 489 1184 35
527 1147 594 1184 ubi
626 1160 764 1196 supra:
796 1148 888 1184 Vide
919 1160 1017 1197 ergo
1049 1159 1094 1183 ne
1125 1148 1251 1184 lumen
1284 1149 1385 1197 quod
1415 1148 1451 1184 in
1484 1155 1520 1184 te

205 1214 260 1243 est
291 1206 445 1242 tenebre
475 1205 561 1252 sint,
594 1206 671 1242 hoc
694 1214 764 1251 est,
797 1205 886 1242 vide
908 1217 958 1241 ne
987 1205 1124 1242 lumen
1152 1205 1300 1242 noticie
1323 1205 1518 1242 naturalis

84 1264 168 1306 418d
204 1265 265 1301 vel
288 1264 410 1312 gratis
434 1265 523 1300 date
556 1276 578 1299 a
609 1263 740 1311 primo
773 1263 926 1299 lumine
959 1263 1008 1300 sit
1036 1259 1041 1315 Ι
1070 1275 1141 1312 per
1163 1272 1274 1300 tuam
1298 1263 1516 1300 stulticiam

205 1323 473 1368 tenebratum,
519 1321 613 1370 quia
654 1330 698 1358 ut
730 1320 913 1358 Christus
953 1321 1050 1358 dicit
1087 1321 1257 1358 ibidem:
1303 1322 1346 1357 Si
1376 1334 1518 1371 corpus

206 1388 311 1416 tuum
336 1387 456 1417 totum
481 1379 649 1415 lucidum
671 1379 814 1428 suerit,
848 1391 931 1415 non
963 1379 1113 1416 habens
1147 1379 1326 1428 aliquam
1359 1388 1516 1428 partem

152 1450 193 1471 20
207 1439 475 1485 tenebrarum,
509 1437 582 1473 erit
613 1437 781 1473 lucidum
815 1445 949 1484 totum,
984 1446 1021 1474 et
1043 1437 1144 1474 sicut
1165 1437 1330 1474 lucerna
1352 1437 1517 1486 fulgoris

207 1495 452 1532 illuminabit
494 1504 545 1541 te,
590 1495 666 1531 hoc
711 1503 781 1541 est,
838 1494 870 1531 si
917 1503 1000 1532 tota
1050 1495 1272 1544 corporalis
1316 1495 1397 1532 vita
1449 1504 1518 1532 tua

206 1553 326 1590 fuerit
377 1554 597 1590 secundum
651 1553 872 1601 quamlibet
921 1553 1206 1602 operacionem
1267 1566 1381 1590 suam
1441 1553 1517 1590 isto

208 1611 435 1660 evangelico
478 1610 627 1647 lumine
659 1611 870 1655 illustrata,
918 1619 1013 1648 tunc
1063 1620 1192 1648 totum
1244 1624 1390 1660 corpus
1434 1620 1516 1648 tarn

205 1669 284 1706 vite
317 1668 537 1718 corporalis
570 1681 689 1717 quam
724 1668 857 1717 operis
891 1668 964 1705 erit
995 1668 1174 1705 lucidum
1205 1682 1276 1717 per
1298 1678 1445 1715 totum3
1480 1678 1517 1705 et

149 1729 188 1760 25
206 1735 302 1764 tunc
345 1726 589 1764 illuminabit
632 1735 670 1763 te
716 1735 927 1775 tamquam
972 1727 1136 1764 lucerna
1181 1726 1222 1763 in
1273 1740 1353 1775 qua
1398 1728 1516 1775 plene

205 1785 327 1833 fulget
360 1785 515 1822 celestis
548 1784 696 1821 radius.
730 1786 823 1821 Ideo
847 1784 985 1821 dicunt
1007 1784 1263 1833 grammatici
1294 1785 1516 1821 sencientes

205 1842 269 1879 hic
300 1855 383 1880 non
416 1855 499 1879 esse
531 1842 796 1890 nugacionem
830 1843 939 1891 quod
971 1844 1047 1879 hoc
1086 1855 1236 1880 nomen
1275 1855 1421 1891 corpus
1460 1851 1517 1879 est

206 1900 444 1948 equivocum
477 1901 528 1937 ad
560 1901 632 1937 hec
665 1901 764 1937 duo:

374 1959 586 2009 Congeries
618 1970 791 2007 operum,
824 1970 977 2008 corpus,
1011 1958 1197 1995 dimensio
1230 1959 1346 1995 trina.

149 2019 191 2051 30
262 2017 366 2053 Tota
399 2016 562 2065 quidem
599 2015 680 2053 vita
724 2015 898 2053 hominis
931 2017 1047 2053 debet
1084 2029 1228 2053 sonare
1261 2018 1312 2053 ad
1344 2015 1515 2065 gloriam

205 2073 277 2110 Dei
320 2083 403 2110 tam
446 2074 528 2111 vita
572 2074 793 2121 corporalis
838 2086 959 2122 quam
1004 2083 1041 2110 et
1085 2074 1303 2122 spiritualis
1344 2083 1381 2111 et
1420 2083 1515 2111 tunc

206 2131 361 2168 celestis
384 2132 521 2168 radius
545 2140 582 2168 et
604 2131 740 2168 radius
763 2131 1002 2168 intencionis
1026 2131 1261 2169 coincidunt
1294 2132 1514 2169 irrefracte.

262 2190 377 2226 Unde
415 2190 649 2237 blaspheme
682 2190 904 2238 loquuntur
936 2189 1004 2238 qui
1044 2189 1182 2226 dicunt
1214 2191 1323 2238 quod
1355 2199 1515 2238 oportet

206 2247 392 2284 celestem
440 2247 598 2284 radium
643 2249 691 2284 de
732 2248 816 2284 celo
857 2248 1098 2284 descendere
1131 2260 1252 2296 supra
1286 2250 1513 2284 Romanum

1732 223 1806 270 139

1560 2201 1659 2230 God‘s
1679 2211 1769 2242 grace

1541 2244 1645 2264 comes
1665 2238 1793 2274 dlrectly

1541 2272 1600 2299 and
1622 2272 1715 2299 needs
1736 2277 1790 2299 not

149 2314 189 2346 35
205 2304 437 2352 pontificem
483 2314 521 2341 et
564 2306 612 2341 ab
656 2305 744 2353 ipso
789 2305 938 2342 reflecti
982 2306 1201 2341 secundum
1241 2306 1431 2353 angulum
1465 2306 1515 2342 ad
1539 2310 1570 2332 10
1592 2307 1627 2333 be
1648 2306 1788 2334 reflected

1588 2341 1670 2368 from
1691 2341 1741 2368 the

205 2362 434 2410 provincias
466 2362 695 2399 adiacentes
729 2375 800 2411 per
831 2371 957 2399 terras
991 2371 1028 2399 et
1060 2362 1202 2410 maria,
1237 2375 1283 2399 ac
1316 2363 1348 2399 si
1383 2362 1515 2411 prima
1535 2374 1654 2403 Roman
1676 2376 1797 2411 pontiff.

203 2419 349 2456 veritas
381 2429 567 2469 quereret
610 2421 778 2469 angulos
821 2433 895 2457 nec
933 2432 1053 2457 omne
1085 2422 1235 2457 donum
1269 2430 1337 2457 aut
1376 2422 1514 2457 datum

205 2477 403 2525 optimum
448 2480 656 2514 desursum
697 2479 956 2515 descenderet
995 2490 1017 2514 a
1053 2487 1167 2526 patre
1198 2478 1414 2525 luminum,
1460 2478 1516 2515 sic

206 2537 313 2584 quod
336 2538 442 2573 Deus
473 2549 555 2573 non
587 2535 636 2572 sit
668 2534 1056 2584 perpendiculariter
1087 2548 1206 2584 super
1229 2545 1349 2585 caput
1380 2535 1516 2573 unius-

275 2678 304 2705 9.
327 2671 367 2697 B:
389 2670 513 2706 quando
532 2674 642 2698 aulem.
740 2678 779 2699 12.
794 2674 898 2706 potest
912 2671 942 2698 in
958 2671 1047 2698 istam
1059 2671 1244 2702 stulticiam
1263 2670 1312 2698 hic
1332 2670 1406 2698 nihil
1422 2670 1516 2697 deest.

205 2705 265 2732 Ista
285 2706 515 2733 constructione
529 2710 618 2733 autor
638 2710 743 2733 noster
762 2706 886 2741 saepius
906 2705 1011 2733 utitur.
1033 2705 1079 2733 Cf.
1096 2714 1164 2741 pag.
1188 2704 1244 2740 133,
1264 2706 1285 2732 l.
1306 2713 1333 2733 2.
1406 2704 1447 2732 16.
1468 2707 1514 2732 A:

205 2742 251 2766 est
270 2740 363 2767 deest.
453 2747 498 2775 27.
526 2741 570 2767 A:
597 2748 707 2768 nomen
728 2740 820 2768 deest.
901 2740 946 2768 28.
967 2741 997 2767 A
1016 2740 1046 2768 in
1068 2748 1181 2775 marg:
1208 2739 1328 2767 Versus.
1408 2738 1448 2767 31.
1469 2741 1515 2767 A:

207 2777 270 2801 tam
289 2775 387 2802 twice.
478 2773 521 2801 32.
541 2776 585 2802 A:
607 2778 640 2802 et
657 2775 766 2803 radius
786 2776 880 2802 deest.

276 2856 305 2888 7.
335 2846 449 2878 Lucae
473 2846 529 2886 XI,
557 2847 609 2886 34.
688 2845 737 2878 18.
765 2847 881 2879 Lucae
906 2847 960 2887 Xl,
988 2846 1041 2879 36.
