1986 3289
192 212 280 240 CAP.
302 203 426 257 XLIV]
560 215 619 246 DE
645 214 960 246 ANTicfflusTo
990 215 1072 246 ΜΒ.
1101 215 1123 245 1.

189 334 280 358 cum
305 321 485 357 Christus
508 320 613 357 dicat
645 333 725 357 non
759 322 866 369 quod
899 321 960 357 hic
993 329 1049 357 est
1082 333 1226 369 corpus
1261 333 1393 358 meum
1428 323 1496 358 sed

190 380 297 427 quod
330 379 400 415 hoc
432 387 490 415 est
523 390 667 426 corpus
702 390 849 414 meum.
891 380 1005 415 Unde
1038 378 1140 415 inter
1172 378 1310 415 omnia
1343 380 1496 415 subter-

188 436 295 485 fugia
333 435 561 473 trutannica
598 435 832 472 Antichristi
877 437 952 473 hoc
991 445 1048 472 est
1086 449 1211 472 unum
1259 436 1493 485 precipuum

189 507 268 542 quo
310 493 455 531 dicitur
493 495 601 542 quod
642 506 786 542 corpus
825 493 972 530 Christi
1010 494 1239 542 ydemptice
1284 503 1320 531 et
1365 506 1495 531 essen-

157 551 343 589 5cialiter
386 560 442 588 est
479 551 642 588 ibidem.
688 554 776 587 Non
818 551 921 587 enim
965 552 1040 588 hoc
1080 551 1260 600 queritur
1291 564 1365 588 nec
1398 552 1495 589 fides

188 611 383 658 scripture
426 610 501 646 hoc
536 609 665 658 exigit,
706 610 774 646 sed
813 608 995 657 queritur
1027 609 1123 657 quid
1162 609 1202 646 in
1240 618 1386 646 natura
1423 622 1495 646 sua

187 668 237 704 sit
269 667 336 704 illa
370 667 498 704 hostia
530 676 620 715 post
649 666 732 703 eius
762 667 1110 703 consecracionem
1142 668 1233 704 alba
1262 676 1299 704 et
1322 669 1495 704 rotunda

188 738 307 774 quam
342 727 463 762 homo
496 725 601 762 videt
633 725 749 761 oculo
783 725 998 773 corporali.
1033 725 1165 761 Scitur
1198 725 1304 762 enim
1340 737 1384 762 ex
1417 725 1495 762 fide

187 785 295 831 quod
327 792 469 820 natura
499 783 632 819 divina
656 795 731 831 que
762 792 818 819 est
847 782 989 819 melior
1011 796 1130 831 quam
1163 795 1308 831 corpus
1331 783 1495 820 Domini

134 856 171 876 10
187 850 245 877 est
276 840 439 877 ibidem.
486 842 578 877 Ideo
619 840 801 889 queritur
834 840 929 889 quid
970 849 1026 877 est
1066 840 1164 877 illud
1197 841 1331 878 album
1365 850 1402 878 et
1434 854 1496 877 ro—

185 900 354 935 tundum
408 900 515 947 quod
561 907 761 935 sacratum
816 907 885 945 est,
939 899 1044 947 quod
1097 898 1180 935 sine
1233 898 1496 935 distinccione

187 969 375 993 sensuum
425 966 482 993 est
527 956 656 993 simile
701 955 829 992 hostie
868 969 949 992 non
988 965 1154 992 sacrate.
1200 958 1301 993 Nam
1340 956 1381 993 in
1419 956 1496 993 isto

186 1023 336 1062 puncto
374 1023 451 1050 stat
491 1013 638 1050 heresis
679 1022 716 1050 et
753 1026 833 1050 non
872 1013 913 1050 in
945 1014 1153 1062 questione
1192 1014 1270 1050 alia
1309 1013 1405 1063 quid
1438 1023 1503 1067 est*

186 1071 349 1108 ibidem.
395 1074 487 1108 Ideo
527 1073 643 1108 debet
681 1071 808 1108 fidelis
850 1071 1060 1119 diligenter
1098 1071 1256 1119 signare
1289 1073 1494 1120 quomodo

133 1128 169 1161 15
187 1129 435 1178 evangelium
471 1129 586 1166 dicit:
620 1131 707 1166 Hoc
738 1137 795 1165 est
825 1141 967 1178 corpus
998 1142 1123 1180 meum
1158 1138 1196 1166 et
1226 1142 1308 1166 non
1347 1130 1407 1166 hic
1441 1138 1496 1166 est

186 1199 327 1237 corpus
369 1200 494 1223 meum
539 1196 576 1224 et
620 1187 825 1235 signanter
867 1200 913 1224 ac
957 1186 1127 1223 fideliter
1175 1200 1370 1235 exponere
1412 1187 1495 1224 eius

185 1257 359 1282 sensum.
393 1247 442 1281 Et
474 1247 522 1281 ad
557 1246 632 1281 hoc
663 1245 805 1282 vellem
830 1246 938 1292 quod
961 1244 1140 1281 trutanni
1163 1244 1339 1293 girovagi
1362 1246 1493 1282 forent

184 1315 254 1351 per
292 1303 427 1340 fideles
461 1303 531 1339 Dei
565 1302 668 1339 filios
700 1302 905 1351 applicati.
950 1305 1030 1339 Nos
1070 1311 1202 1339 autem
1244 1304 1293 1339 ad
1331 1316 1490 1340 sensum

184 1361 414 1409 oppositum
460 1362 567 1397 salvo
612 1372 769 1409 semper
815 1360 1036 1408 preiudicio
1081 1360 1301 1397 subtilioris
1353 1373 1492 1398 sensus

128 1432 169 1454 20
184 1418 354 1455 dicimus
386 1420 494 1467 quod
526 1419 590 1455 ille
624 1418 736 1466 panis
770 1427 827 1455 est
860 1431 1006 1466 corpus
1038 1417 1212 1456 Domini.

241 1478 289 1512 Et
313 1485 506 1525 quantum
531 1478 580 1513 ad
604 1476 783 1513 obiectus
807 1478 1032 1523 doctorum,
1062 1484 1172 1524 patet
1195 1477 1301 1525 quod
1331 1485 1491 1525 oportet

185 1534 403 1571 catholicos
436 1535 657 1571 secundum
681 1535 789 1582 quod
812 1535 928 1570 docet
951 1534 1049 1570 fides
1082 1533 1279 1582 scripture
1313 1543 1349 1571 et
1380 1534 1489 1572 racio

184 1592 314 1639 glosas
346 1592 427 1628 suis
459 1591 712 1629 sermonibus
746 1592 964 1640 applicare,
999 1600 1041 1628 ut
1063 1592 1300 1628 Ambrosius
1332 1591 1490 1629 videtur

185 1649 317 1686 dicere
349 1651 456 1698 quod
488 1663 568 1687 non
603 1659 737 1686 manet
769 1650 881 1698 panis
914 1658 1004 1697 post
1037 1649 1386 1686 consecracionem
1421 1652 1490 1687 sed

128 1710 167 1742 25
183 1708 440 1744 solummodo
464 1721 608 1756 corpus
633 1708 793 1744 Christi.
828 1707 951 1744 Cuius
973 1709 1094 1744 verba
1116 1707 1173 1744 sic
1196 1720 1291 1744 sane
1323 1717 1490 1756 possunt

183 1764 352 1813 intelligi
385 1767 491 1814 quod
524 1766 590 1802 illa
624 1765 755 1802 hostia
787 1778 867 1802 non
902 1774 1036 1802 manet
1068 1765 1345 1814 principaliter
1376 1766 1491 1814 panis

182 1831 272 1870 post
295 1824 644 1860 consecracionem
683 1824 752 1860 sed
780 1823 836 1860 sic
864 1823 1120 1859 solummodo
1151 1836 1296 1872 corpus
1324 1823 1491 1871 Christi3

184 1889 221 1916 et
264 1880 320 1917 sic
363 1890 495 1929 potest
538 1881 610 1918 iste
654 1890 813 1918 sanctus
859 1894 953 1917 sane
997 1881 1164 1929 intelligi
1209 1890 1247 1918 et
1286 1894 1377 1918 curn
1417 1882 1492 1918 hoc

183 1938 326 1975 salvari
372 1939 468 1976 fides
515 1939 711 1987 scripture
760 1938 943 1987 Apostoli
996 1947 1032 1975 et
1084 1938 1234 1975 dictum
1280 1939 1492 1987 Augustini

126 1999 168 2031 30
185 1996 353 2032 dicentis
398 1998 506 2045 quod
558 1997 624 2033 ille
668 1997 783 2045 panis
829 1996 1055 2033 cotidianus
1107 2005 1163 2033 est
1215 1997 1346 2033 hostia
1400 2010 1493 2034 con-

183 2063 350 2090 secrata.

240 2113 288 2147 Et
326 2120 435 2159 patet
468 2113 609 2148 modus
641 2111 831 2160 loquendi
869 2112 909 2148 in
950 2112 1257 2148 consecracione
1289 2124 1393 2160 pape
1431 2113 1492 2148 vel

183 2168 344 2205 alterius
378 2168 533 2217 prelati,
566 2169 635 2206 ubi
668 2171 718 2206 ad
750 2169 871 2205 istum
904 2182 1066 2206 sensum
1100 2169 1248 2206 dicitur
1270 2170 1379 2217 quod
1412 2182 1492 2206 non

184 2235 361 2263 remanet
393 2227 591 2275 posterius
624 2227 816 2264 Ricardus
849 2227 927 2264 alia
960 2240 1134 2276 persona
1167 2229 1214 2264 de
1246 2228 1398 2275 populo
1430 2228 1491 2263 vel

126 2285 165 2318 35
181 2284 384 2321 Johannes
429 2286 498 2320 sed
537 2297 635 2332 pure
675 2298 792 2333 papa,
837 2294 880 2321 ut
919 2286 969 2321 ad
1009 2285 1091 2321 eius
1134 2285 1369 2333 dignitatem
1403 2285 1491 2332 plus

183 2350 301 2390 atque
360 2342 538 2378 officium
603 2344 846 2379 attendatur.
912 2345 960 2379 Et
1017 2343 1176 2379 videtur
1231 2342 1490 2378 Ambrosium

182 2399 423 2436 necessitare
451 2401 500 2436 ad
523 2400 641 2436 istam
671 2400 916 2437 sentenciam
945 2400 1241 2446 affirmandam,
1272 2413 1362 2436 cum
1395 2399 1491 2436 dicit

183 2465 220 2493 et
263 2459 403 2493 suadet
449 2457 722 2505 multipliciter
762 2459 868 2506 quod
914 2457 1018 2494 istud
1064 2459 1171 2506 quod
1220 2457 1329 2505 prius
1373 2457 1490 2494 fuerit

250 2649 274 2676 5.
297 2649 324 2676 A
344 2648 375 2675 in
396 2656 508 2683 marg:
542 2647 678 2683 Questio.
805 2647 843 2681 13,
866 2656 906 2681 ¹4-
942 2648 984 2675 B:
1018 2652 1063 2675 est
1095 2648 1146 2675 ibi.
1279 2656 1319 2681 14.
1347 2649 1390 2675 A:
1413 2648 1491 2675 dicit

172 2682 280 2718 fidelis
299 2683 398 2710 twice.
514 2682 553 2710 15.
573 2684 602 2710 A
623 2683 653 2709 in
676 2690 789 2717 marga
815 2683 996 2717 Responsio.
1102 2690 1149 2717 29.
1173 2683 1218 2709 A:
1240 2683 1376 2718 aposloli
1394 2682 1487 2709 deest.

182 2717 228 2752 34,
244 2717 286 2745 35.
303 2717 343 2744 B:
364 2718 412 2745 vel
421 2717 576 2745 Jolzannes
587 2717 678 2744 deest.
751 2716 798 2745 36.
818 2718 847 2744 A
862 2718 891 2744 in
907 2725 1019 2752 marg:
1040 2716 1225 2744 Ambrosius.
1299 2716 1343 2744 38.
1357 2717 1395 2744 B:
1414 2717 1487 2751 fuit.

253 2822 305 2857 36.
333 2823 384 2855 Cf.
411 2824 462 2856 De
487 2823 712 2863 Eucharistia,
740 2834 816 2865 pag.
844 2833 920 2854 220.

1291 2890 1322 2911 11

1709 206 1780 242 163

1535 557 1587 583 but
1607 564 1639 583 as
1659 560 1690 583 to
1710 556 1761 584 the

1534 595 1640 618 nature
1660 591 1755 618 ofthe

1545 625 1742 653 consecrated

1607 660 1687 687 host.

1513 1479 1580 1507 The
1601 1480 1724 1516 sayings
1745 1480 1780 1508 of

1548 1516 1598 1542 the
1617 1515 1733 1543 fathers

1575 1554 1657 1577 must
1677 1550 1713 1577 be

1522 1584 1711 1612 understood
1733 1584 1763 1612 in

1547 1620 1736 1647 accordance

1556 1654 1631 1681 with
1652 1654 1724 1693 holy

1603 1693 1682 1716 wrlt.
