1986 3289
217 244 305 272 CAP.
328 235 424 289 xm]
596 246 655 277 DE
683 245 996 277 ANTICHRisTo
1026 245 1109 277 ΜΒ.
1136 245 1158 276 Ι,

216 353 388 390 avaricia
433 353 617 390 laborant
660 351 813 400 singule
858 353 1088 399 earundem,
1136 351 1229 400 quia
1263 352 1455 388 extollunt
1487 365 1526 388 se

216 424 258 449 ex
310 412 384 448 hoc
437 412 544 458 quod
597 411 742 447 habent
786 422 975 457 magnum
1021 422 1232 447 numerum
1287 418 1392 447 secte
1444 423 1526 457 sue,

216 478 252 506 et
285 468 461 517 quelibet
495 480 666 516 persona
699 467 805 504 illius
839 476 944 504 secte
976 467 1135 504 videtur
1168 480 1252 504 esse
1275 468 1426 504 inutilis
1450 468 1526 505 nisi

215 528 320 564 ultra
368 528 456 572 hoc,
504 527 612 575 quod
645 525 831 574 expendit
865 525 905 562 in
938 538 1111 574 persona
1143 525 1309 574 propria
1342 527 1391 563 ad
1424 526 1528 563 utili-

184 587 339 622 :statem
384 584 442 621 sui
488 583 652 631 ordinis,
699 583 842 632 spoliet
886 584 1095 621 seculares.
1145 586 1193 620 Et
1231 583 1287 621 sic
1320 584 1435 620 multi
1467 585 1528 621 vel

216 642 361 691 singuli
396 655 533 679 eorum
566 642 832 690 prescitorum
879 651 971 679 sunt
1010 654 1053 678 ex
1085 641 1260 690 ypocrisi
1295 651 1331 678 et
1366 644 1528 679 menda-

216 701 290 747 cio,
345 713 388 737 ex
441 700 632 749 capcione
685 708 790 737 secte
830 699 988 748 gravius
1034 700 1359 748 condempnandi
1407 714 1527 748 quam

215 759 345 795 forent
378 767 579 795 servantes
613 758 781 807 figuram
817 757 1009 806 simplicis
1043 758 1194 794 ordinis
1229 758 1450 795 christiani.

275 819 323 853 Et
356 817 448 853 hinc
482 816 664 853 auditum
710 825 766 853 est
811 829 936 852 unum
977 817 1141 852 fratrem
1175 816 1319 853 dixisse
1352 816 1529 853 crebrius

163 877 323 923 1oquod
375 887 581 923 nunquam
634 874 725 911 fecit
758 875 921 911 fratrem
967 873 1142 922 aliquem
1187 874 1263 911 nisi
1308 887 1446 920 unum,
1493 883 1530 912 et

214 932 472 981 intelligendo
504 945 544 969 se
576 932 706 981 ipsum
741 941 777 969 et
801 931 1003 969 maliciam
1028 932 1087 968 sui
1111 932 1276 980 ordinis,
1301 932 1399 969 dixit
1422 934 1530 981 quod

216 992 263 1028 de
296 992 371 1027 hoc
403 999 599 1039 perpetuo
632 990 841 1039 penitebit.
875 990 989 1026 Multi
1023 999 1155 1027 autem
1181 1000 1273 1026 sunt
1297 991 1529 1027 claustrales

216 1061 259 1085 ex
311 1050 504 1086 absconso
558 1048 726 1085 crimine
779 1048 1104 1096 condempnandi
1158 1048 1225 1096 qui
1278 1049 1448 1085 eventati
1495 1057 1532 1086 et

214 1106 387 1143 viventes
433 1106 473 1142 in
506 1107 641 1143 seculo
674 1107 935 1143 salvarentur.
982 1108 1082 1144 Cum
1125 1106 1230 1143 enim
1265 1119 1359 1155 ergo
1392 1119 1530 1144 secun-

162 1166 309 1201 15dum
353 1164 589 1201 vaticinium
637 1164 735 1201 Isaie
779 1166 858 1210 XL,
907 1167 927 1201 6
977 1164 1110 1200 Omnis
1155 1177 1247 1200 caro
1291 1166 1338 1201 sit
1372 1166 1528 1214 senum,

215 1222 318 1259 sicut
361 1223 494 1259 fenum
539 1222 664 1259 viride
697 1222 890 1270 putrescit
934 1222 1109 1259 indebite
1143 1223 1441 1270 conglobatum,
1476 1223 1531 1260 sic

217 1281 449 1317 claustrales
495 1280 786 1329 conglomerati
834 1290 1067 1328 putrescunt
1114 1280 1248 1316 multis
1282 1281 1530 1326 criminibus,

217 1338 284 1386 qui
331 1339 502 1375 eventati
547 1339 587 1375 in
631 1339 765 1375 seculo
804 1340 851 1375 ab
886 1339 963 1375 illis
997 1338 1236 1375 criminibus
1269 1340 1530 1376 salvarentur.

218 1398 334 1442 Quod
369 1396 548 1433 Christus
581 1396 738 1433 videtur
772 1398 915 1433 docere
939 1398 1047 1445 quod
1071 1397 1156 1445 ipse
1180 1409 1223 1433 ex
1246 1397 1534 1435 omnisciencia

160 1469 200 1489 20
216 1467 287 1490 sua
320 1453 505 1502 eligendo
539 1455 753 1492 duodecim
789 1456 994 1503 apostolos
1027 1455 1209 1503 permisit
1242 1455 1429 1492 Scarioth
1453 1469 1533 1492 non

216 1513 401 1549 obstante
434 1521 513 1549 tam
550 1513 688 1549 stricta
722 1513 904 1549 doctrina
928 1521 1049 1562 atque
1073 1512 1256 1550 custodia
1280 1513 1319 1549 in
1343 1513 1532 1552 societate

215 1578 298 1606 tam
332 1579 470 1607 sancta
501 1571 586 1607 fieri
619 1584 744 1607 unum
775 1571 999 1618 diabolum;
1034 1580 1184 1620 quanto
1215 1571 1340 1620 magis
1363 1571 1431 1608 ubi
1460 1572 1533 1609 iste

217 1628 473 1665 condiciones
507 1628 716 1675 deficiunt3
751 1637 787 1665 et
819 1628 1055 1666 infidelitate
1089 1638 1291 1666 crescente
1324 1629 1364 1666 in
1387 1629 1533 1678 princi—

217 1686 284 1734 pio
317 1687 521 1734 professus
554 1687 623 1723 uni
658 1687 819 1724 diabolo
852 1687 1066 1735 obligatur.
1101 1687 1244 1724 Videat
1267 1700 1361 1736 ergo
1384 1688 1533 1725 faciens

161 1759 199 1790 25
217 1757 342 1780 unum
376 1745 496 1781 talem
531 1745 766 1793 proselitum
801 1745 832 1781 si
865 1758 964 1793 pure
998 1746 1074 1782 hoc
1109 1746 1227 1782 faciat
1260 1747 1310 1782 ad
1337 1747 1532 1783 honorem

218 1801 289 1838 Dei
323 1811 359 1838 et
391 1815 471 1839 non
504 1812 668 1851 propter
690 1804 834 1839 fastum
861 1812 928 1840 aut
952 1812 1156 1852 questum3
1191 1805 1297 1852 quod
1329 1804 1360 1840 si
1383 1804 1532 1850 fecerit,

218 1873 341 1908 quare
375 1873 455 1897 non
488 1861 681 1898 convertit
712 1861 843 1909 ipsum
878 1863 927 1897 ad
950 1861 1173 1910 simplicem
1198 1870 1345 1898 sectam
1373 1862 1533 1909 Christi,

219 1918 320 1954 sicut
351 1918 531 1955 fecerunt
563 1919 745 1956 Christus
780 1928 817 1955 et
850 1919 911 1955 sui
945 1920 1130 1968 apostoli,
1166 1932 1255 1956 cum
1285 1921 1430 1957 caritas
1462 1934 1533 1957 non

220 1976 342 2024 querit
386 1988 456 2025 que
492 1990 561 2013 sua
600 1985 687 2013 sunt
719 1979 786 2014 sed
832 1977 1101 2015 communiter
1141 1990 1217 2027 que
1256 1978 1410 2016 domini
1443 1980 1533 2017 Jesu

163 2039 204 2070 30
221 2033 381 2071 Christi.

723 2159 860 2202 CAP.
891 2160 1028 2203 XIII.

278 2255 475 2299 Quartum
508 2256 564 2291 Ve
598 2254 790 2303 evangelii
822 2256 989 2292 Matthei
1021 2257 1140 2292 XXIII
1176 2258 1358 2306 sequitur
1386 2258 1427 2294 in
1460 2259 1534 2295 hac

219 2311 366 2347 forma:
409 2312 459 2348 Ve
491 2313 596 2348 vobis
629 2314 743 2349 duces
776 2314 865 2357 ceci,
898 2315 961 2362 qui
992 2314 1136 2351 dicitis.-
1175 2316 1398 2364 Quicunque
1430 2316 1534 2352 iura-

221 2369 319 2405 verit
357 2382 431 2418 per
463 2371 647 2419 templum
682 2371 769 2417 Dei,
814 2372 930 2408 nichil
962 2380 1037 2417 est;
1080 2373 1144 2421 qui
1185 2381 1309 2410 autem
1344 2374 1535 2410 iuraverit

165 2430 203 2463 35
221 2427 256 2462 in
294 2439 392 2463 czztro
432 2428 576 2477 templi,
627 2428 745 2464 debet.
794 2430 913 2465 Stulti
949 2438 984 2465 et
1016 2431 1104 2477 ceci,
1153 2432 1244 2480 quid
1276 2432 1372 2468 enim
1409 2433 1532 2468 maius

221 2492 295 2520 est:
327 2498 465 2520 aurum
500 2499 546 2521 cm
579 2487 763 2535 templum
798 2488 899 2535 quod
930 2489 1145 2538 sanctificat
1176 2490 1348 2526 aurum?
1380 2490 1431 2525 Et
1454 2490 1533 2538 qui-

221 2554 366 2591 cunque
410 2543 598 2579 iuraverit
641 2545 676 2579 in
720 2545 853 2592 altari,
899 2546 1016 2582 nichil
1048 2554 1113 2593 est,
1157 2548 1371 2597 quicunque
1407 2555 1533 2584 autem

291 2711 364 2749 6,-7.
388 2711 424 2737 Β;
446 2712 654 2739 mendacione.
748 2720 774 2748 ς).
796 2715 825 2740 A
845 2714 874 2741 in
896 2723 1014 2749 marg:
1035 2715 1129 2743 Nota.
1210 2725 1250 2749 14.
1272 2718 1315 2744 A:
1338 2724 1416 2752 ergo
1438 2717 1532 2744 deest.

223 2745 260 2784 ,¹5·
283 2745 305 2772 B
325 2753 355 2772 ln
378 2754 494 2780 marg:
516 2746 666 2773 addilum.
766 2756 807 2782 ις).
829 2749 871 2775 A:
898 2749 988 2784 Quod
1008 2750 1102 2777 deest.
1194 2749 1233 2778 31.
1256 2751 1277 2778 B
1300 2751 1329 2778 in
1350 2759 1464 2786 marg:
1488 2759 1533 2779 12.

224 2778 267 2812 34.
289 2781 332 2807 A:
354 2780 414 2807 Dei
433 2782 528 2808 deest.
618 2780 658 2809 35.
682 2782 720 2809 B:
743 2783 852 2819 magis.
943 2783 988 2812 30.
1012 2785 1048 2812 13:
1069 2788 1122 2812 αιιί
1143 2786 1292 2821 lemplum.

294 2864 346 2896 32.
373 2864 492 2895 Matth.
518 2865 634 2905 XXIII,
668 2864 811 2897 16—22.

1578 814 1606 840 A
1627 813 1701 840 friar
1722 814 1777 839 has

1554 849 1635 875 often
1657 848 1722 875 said
1744 848 1809 874 that

1569 883 1605 910 he
1625 882 1683 909 had
1706 882 1797 909 made

1545 917 1598 945 but
1617 926 1675 944 one
1695 917 1769 944 friar
1789 917 1818 943 in

1586 952 1633 979 his
1654 953 1704 979 life
1724 951 1783 978 and

1614 987 1728 1022 always

1564 1022 1705 1057 repented
1728 1021 1801 1048 that.

1566 2264 1684 2293 Fourth
1706 2264 1794 2293 Woe.
