1986 3289
217 230 312 272 'CAR
335 232 463 289 xxvi]
597 244 657 279 DE
684 243 998 280 ANT1CHR1sTo
1027 244 1109 279 Lus<
1138 245 1161 278 1.
1776 246 1826 286 97

278 355 377 391 Dico
392 355 489 391 enim
509 355 632 391 vohis:
649 355 735 391 Non
751 367 810 391 me
827 355 1002 391 videbitis
1012 355 1165 401 amodo,
1184 355 1302 391 donec
1318 354 1453 391 dicatis
1468 362 1537 393 etc.

228 413 323 449 Vere
354 413 451 449 enim
486 425 536 449 ex
567 421 742 462 tempore
774 413 1012 461 perdicionis
1052 425 1119 448 sue
1151 413 1312 449 heretici
1342 425 1535 461 nunquam

225 470 423 506 Christum
448 471 638 508 viderunt.
672 471 806 506 Vident
838 471 935 506 enim
971 483 1055 506 eum
1077 470 1177 520 fide,
1210 483 1283 507 non
1307 471 1440 517 oculis,
1472 470 1539 519 qui

217 529 426 565 secundum
466 529 665 565 veritatem
695 529 773 565 eius
805 529 969 564 credunt
1000 529 1036 564 in
1069 541 1167 575 eum,
1208 528 1273 578 qui
1303 535 1429 564 autem
1464 540 1536 564 non

186 586 394 633 5credunt,
438 587 518 623 ceci
557 594 645 623 sunt
687 587 816 632 corde,
862 599 935 623 non
980 598 1157 635 corpore,
1203 598 1276 622 non
1317 586 1537 622 necessitate

217 644 285 680 sed
317 644 521 680 voluntate.
561 644 770 695 Cognituri
804 651 931 680 autem
963 651 1050 680 sunt
1083 656 1180 687 eum,
1227 644 1262 679 in
1304 644 1365 680 die
1408 644 1539 679 iudicii

218 701 336 738 eciam
371 702 551 748 nolentes,
586 702 737 750 quando
771 701 950 737 videbunt
982 714 1065 737 eum
1100 702 1135 737 in
1169 702 1368 737 maiestate
1392 701 1533 751 patris,

216 760 369 808 quando
420 760 597 796 videbunt
641 772 725 795 eum
769 759 889 795 eciam
934 771 1064 795 omnes
1102 759 1221 806 iniqui
1264 766 1299 795 et
1338 760 1534 795 dominum

217 817 343 853 Deum
383 829 468 853 eum
507 817 787 866 confitebuntur
819 817 1000 855 nolentes.
1047 817 1224 862 Domine,
1265 817 1428 863 domine,
1468 829 1537 853 nos

167 874 254 910 1oz‘n
287 875 438 911 nomine
469 882 532 911 tuo
567 875 741 911 demonia
775 875 953 911 eiecimus
984 882 1053 912 etc.
1089 875 1166 910 Sed
1198 874 1316 910 nichil
1345 875 1422 910 illis
1440 887 1535 924 pro-

220 932 321 968 derit
352 933 469 968 tarda
501 933 705 981 confessio.
754 933 858 969 Tunc
898 940 933 969 et
972 932 1038 969 isti
1067 932 1211 968 dicturi
1239 939 1327 968 sunt
1365 932 1535 968 Christo:

218 990 301 1026 Nos
340 990 377 1025 in
417 990 567 1027 nomine
606 999 669 1027 tuo
703 990 902 1026 docuimus
941 998 977 1026 et
1008 991 1043 1026 in
1077 990 1227 1026 nomine
1264 997 1326 1026 tuo
1361 990 1535 1026 demonia

219 1047 406 1084 eiecimus.
442 1048 554 1084 Dicet
587 1056 712 1085 autem
746 1049 798 1084 ad
829 1060 911 1085 eos:
943 1048 1143 1097 Numquid
1171 1048 1207 1083 in
1249 1047 1390 1084 virtute
1422 1048 1538 1084 mea?

218 1105 418 1154 Numquid
461 1106 496 1141 in
535 1107 673 1155 spiritu
714 1107 829 1142 meo?
870 1107 912 1141 In
954 1106 1104 1142 nomine
1136 1105 1233 1142 enim
1268 1118 1352 1141 meo
1390 1106 1538 1154 aliquid

167 1166 338 1212 15agere
368 1164 615 1200 seductorum
649 1171 715 1211 est,
749 1164 784 1199 in
818 1163 960 1200 virtute
990 1171 1115 1200 autem
1141 1175 1224 1199 mea
1257 1170 1292 1199 et
1324 1164 1360 1199 in
1398 1164 1536 1213 spiritu

219 1232 301 1256 meo
332 1229 569 1257 sanctorum.
609 1221 807 1258 Discedite
844 1234 865 1256 a
899 1233 969 1260 me.
1013 1221 1151 1257 Nescio
1182 1221 1248 1270 qui
1278 1221 1378 1259 estis.
1432 1221 1538 1257 Sicut

218 1278 315 1314 enim
349 1291 416 1315 vos
438 1286 712 1330 cognoscentes
734 1291 794 1315 me
815 1291 1052 1330 cognoscere
1074 1278 1261 1324 noluistis,
1284 1291 1357 1314 non
1374 1286 1538 1328 propter

219 1336 470 1386 difficultates
509 1337 685 1374 veritatis
723 1349 803 1373 mee
840 1338 908 1373 sed
942 1344 1108 1386 propter
1139 1336 1355 1385 iniquitates
1387 1337 1538 1373 malicie

220 1401 359 1441 vestre,
400 1395 455 1431 sic
487 1403 521 1431 et
553 1407 626 1446 ego
665 1407 901 1445 cognoscens
934 1407 1013 1441 vos,
1060 1394 1146 1431 nolo
1179 1406 1429 1444 cognoscere,
1464 1407 1536 1431 non

163 1459 377 1501 2opropter
408 1460 618 1489 extraneas
643 1465 835 1502 personas
868 1460 1032 1498 vestras,
1072 1453 1141 1489 sed
1172 1459 1337 1501 propter
1377 1452 1536 1489 odibiles

221 1510 397 1546 malicias
429 1518 590 1548 vestras.
628 1512 711 1547 Hec
745 1510 1058 1547 Chrisostomus.

275 1567 443 1603 Videtur
487 1568 606 1604 istum
655 1576 839 1605 sanctum
885 1568 925 1604 in
970 1567 1055 1604 istis
1100 1567 1230 1604 verbis
1274 1568 1535 1616 propheciam
1586 1574 1789 1613 TheJewisn

222 1624 371 1661 Christi
406 1638 617 1674 exponere,
650 1626 782 1674 primo
815 1627 1024 1674 quomodo
1057 1625 1226 1662 ecclesia
1257 1625 1426 1662 Judaica
1459 1638 1535 1675 que
1580 1609 1792 1676 fflfflicvzdwgff

220 1683 422 1719 Christum
468 1684 719 1721 crucifixerat
752 1683 1002 1732 relinquetur
1034 1684 1206 1731 deserta,
1250 1695 1331 1720 non
1370 1684 1533 1732 quidem
1551 1678 1759 1743 GOd’issSgS‘iffloe
1780 1681 1827 1708 for

164 1742 269 1777 25ab
315 1741 546 1778 hominibus
590 1742 651 1778 vel
695 1742 989 1789 temporalibus
1037 1741 1191 1778 diviciis
1235 1742 1304 1777 sed
1349 1753 1371 1777 a
1412 1741 1535 1778 caris·
1738 1736 1744 1742 ¹

221 1798 395 1835 matibus
427 1799 500 1836 Dei
537 1799 611 1847 sui,
651 1799 745 1848 quia
783 1799 932 1836 iustum
973 1807 1030 1836 est
1069 1800 1178 1848 quod
1210 1798 1433 1836 occidendo
1467 1812 1536 1836 cor

220 1856 429 1904 proprium
481 1869 552 1905 per
603 1858 712 1905 quod
762 1857 988 1894 vivificatur
1022 1865 1107 1894 tota
1153 1857 1334 1903 ecclesia,
1384 1857 1536 1894 scilicet

221 1914 429 1951 dominum
463 1916 595 1951 Jesum
630 1914 848 1961 Christum,
895 1928 917 1951 a
960 1914 1041 1951 vita
1085 1915 1218 1951 anime
1263 1923 1300 1951 et
1339 1915 1536 1963 spirituali

220 1972 402 2020 profectu
436 1974 698 2021 postmodum
732 1974 951 2016 deseratur,
985 1974 1093 2021 quod
1129 1973 1410 2021 cognoscimus
1442 1985 1536 2009 con-

165 2035 206 2067 30
220 2029 366 2078 tigisse.

279 2089 466 2125 Secundo
505 2088 663 2125 videtur
695 2088 900 2125 Christum
942 2089 1163 2125 secundum
1208 2101 1369 2125 sensum
1416 2088 1533 2125 huius
1549 2107 1722 2140 Thatthev
1743 2109 1819 2136 shall

222 2145 397 2182 doctoris
420 2145 654 2194 prophetice
677 2147 890 2194 propalare
906 2147 1013 2194 quod
1035 2146 1092 2182 illi
1113 2146 1228 2183 Judei
1250 2160 1331 2183 non
1352 2146 1533 2183 viderent
1548 2140 1816 2205 ιὲἓὲῃδξῖῂξξζῖῗὲ

221 2203 424 2240 Christum
472 2205 613 2240 saltem
658 2216 729 2252 per
776 2204 895 2240 fidem
947 2217 1072 2252 usque
1117 2205 1167 2241 ad
1220 2204 1325 2241 diem
1378 2204 1531 2251 iudicii,
1566 2213 1642 2240 shall
1664 2218 1718 2252 130t
1739 2187 1825 2240 havey

222 2262 383 2308 quando
436 2262 736 2298 confitebuntur
788 2261 865 2298 fide
917 2261 1081 2298 informi
1134 2263 1243 2310 quod
1295 2262 1359 2299 ille
1413 2275 1531 2310 quem
1571 2247 1802 2310 tlaeoflalghsgpgt

167 2322 205 2354 35
223 2319 503 2355 crucifixerant
548 2319 621 2356 fuit
659 2332 775 2356 verus
808 2321 914 2355 Deus
954 2328 991 2355 et
1030 2332 1145 2356 verus
1186 2321 1321 2365 homo,
1369 2321 1533 2368 quando
1635 2317 1728 2344 them.

222 2376 323 2412 falsa
346 2377 543 2413 confessio
567 2389 649 2413 non
672 2376 832 2413 valebit.
859 2377 1033 2422 Quidam
1058 2377 1162 2413 enim
1184 2379 1305 2414 aDeo
1331 2378 1534 2414 habebunt

222 2433 409 2470 virtutem
441 2433 613 2471 faciendi
646 2433 846 2470 mirabilia
879 2434 1042 2471 diabolo
1075 2435 1291 2471 adiuvante
1325 2444 1362 2471 et
1385 2435 1535 2483 fingent

222 2491 440 2539 ypocritice
478 2493 587 2541 quod
628 2491 668 2528 in
705 2491 868 2528 nomine
906 2494 998 2529 Jesu
1038 2492 1216 2529 fecerant
1256 2492 1331 2528 ista
1371 2502 1534 2539 cuncta;

292 2669 317 2697 3.
339 2671 378 2698 13:
398 2671 569 2706 quivident
588 2671 676 2698 enim.
757 2680 786 2705 4.
807 2672 851 2699 A:
874 2672 918 2699 eis
938 2672 1075 2699 credunt.
1158 2672 1239 2706 7-8,
1260 2673 1305 2700 A:
1328 2680 1394 2699 eum
1408 2688 1440 2691 —-
1454 2672 1535 2699 vide-

223 2705 297 2732 hunt
314 2705 408 2732 deest.
494 2704 531 2733 13.
554 2705 593 2733 B:
614 2706 746 2733 veritate
765 2714 842 2733 mea.
929 2707 964 2734 15.
986 2708 1030 2734 A:
1050 2706 1255 2734 seductarum.
1339 2707 1379 2733 16.
1402 2706 1441 2734 B:
1463 2708 1534 2741 quia

223 2739 327 2767 nescio
347 2740 401 2775 qui
419 2740 500 2767 estis.
591 2741 622 2768 16
656 2749 695 2774 17.
716 2742 759 2767 A:
780 2741 825 2768 sic
844 2742 934 2768 enim.
1009 2741 1048 2768 18.
1071 2742 1116 2767 A:
1138 2741 1319 2776 iniquitatis.
1393 2748 1435 2767 22.
1456 2744 1485 2768 A
1505 2741 1535 2768 in

224 2781 338 2809 marg:
359 2775 529 2802 JohanneS.
603 2761 645 2803 23.
666 2776 695 2802 A
715 2775 745 2802 in
767 2783 881 2810 marg:
903 2784 926 2803 l.
1011 2774 1050 2802 31.
1071 2776 1100 2803 A
1122 2775 1153 2802 in
1177 2784 1291 2810 marg:
1315 2783 1344 2803 2.

294 2868 326 2900 9.
352 2858 472 2889 Matth.
498 2859 572 2898 Vll,
600 2868 653 2890 22.
