1986 3289
133 212 204 243 104
732 202 850 233 opus
877 201 1212 232 EVANGELICUM
1244 200 1326 231 ΜΒ.
1355 200 1408 231 111.
1463 188 1728 242 [CA12.XXV111.

431 319 547 346 utura
581 308 777 355 evenient,
811 308 879 343 sed
913 307 1075 355 quando
1109 306 1292 343 evenient
1325 306 1578 354 ignoramus3
1613 317 1649 344 et
1681 310 1729 344 de

415 368 482 403 illa
515 366 762 414 ignorancia,
797 377 888 401 cum
921 364 1036 400 nobis
1069 364 1268 412 proficiat,
1302 366 1493 401 debemus
1527 365 1731 402 humiliter

417 426 682 472 congaudere.
723 423 834 460 Sicut
875 422 979 459 enim
1021 422 1253 470 ignoramus
1292 424 1538 470 adequatum
1572 432 1731 472 tempus

419 482 558 519 mortis
609 490 755 526 nostre,
810 480 841 516 si
894 479 1141 516 salvabimur
1192 480 1233 516 in
1279 480 1342 516 die
1387 480 1524 517 iudicii
1570 490 1607 518 et
1651 495 1730 529 quo

418 550 600 588 tempore
623 539 730 575 istud
752 539 931 574 futurum
956 537 1075 574 fuerit
1099 539 1309 586 adequare,
1344 537 1399 574 sic
1429 539 1555 575 multa
1587 539 1734 576 similia

418 607 509 634 sunt
541 599 592 634 ad
625 598 793 633 salutern
829 604 1009 632 nostram
1042 595 1157 632 nobis
1191 595 1410 644 incognita,
1444 596 1536 633 licet
1569 597 1734 634 confusa

420 668 491 692 sua
531 664 621 691 sunt
653 663 695 691 ut
739 654 837 690 fides
878 653 1042 699 credita,
1083 662 1126 689 ut
1158 666 1228 702 per
1260 655 1365 690 hunc
1399 653 1606 691 stimulum
1642 655 1734 691 fidei

420 713 523 749 iuste
555 712 751 758 vivamus,
786 721 824 748 et
857 713 907 748 ad
931 711 1019 747 finis
1043 711 1149 747 illius
1174 711 1456 748 certitudinem
1481 712 1736 749 laudabiliter

421 772 662 807 laboremus.
707 772 789 806 Nec
834 782 972 805 sumus
1012 770 1140 805 solum
1181 769 1309 816 ignari
1347 770 1408 805 vel
1448 770 1525 806 fide
1558 770 1735 818 ambigui

422 828 562 865 talium
596 829 836 873 futurorum,
871 829 939 863 sed
977 827 1117 863 talium
1158 827 1409 875 presencium
1451 828 1608 865 fidelem
1648 841 1736 876 per-

167 897 363 940 „xvhyvmqst
423 885 675 923 nianenciam
728 886 975 935 ignoramus,
1028 894 1071 921 ut
1122 897 1223 921 unus
1276 885 1371 922 dicit
1418 885 1510 933 quia
1556 888 1738 923 Romana

134 932 534 994 Γὲξιίᾞξᾎζῑέζξέζρευῑίἃ
565 943 792 980 necessario
832 952 888 979 est
921 944 1033 979 locus
1065 942 1106 978 in
1139 956 1218 991 quo
1252 952 1415 991 oportet
1447 956 1595 992 papam
1638 943 1737 980 resi-

423 1004 515 1039 dere
549 1001 662 1050 quasi
703 1000 853 1038 Christi
897 1000 1089 1037 vicarium
1131 1001 1415 1049 principalem3
1467 1001 1579 1038 cuius
1619 1014 1739 1038 causa

421 1060 580 1097 videtur
612 1060 671 1096 vel
705 1059 799 1108 quia
824 1061 950 1095 Roma
984 1067 1041 1094 est
1074 1060 1187 1095 sedes
1221 1059 1377 1096 Cesaris
1409 1059 1643 1108 principalis
1675 1060 1737 1096 vel

422 1118 515 1166 quia
570 1120 708 1153 Petrus
763 1117 949 1165 princeps
994 1116 1271 1164 apostolorum
1319 1117 1416 1153 inibi
1468 1126 1525 1153 est
1570 1117 1738 1154 occisus.

422 1176 577 1212 Fideles
630 1184 763 1212 autem
818 1176 1098 1211 erubescerent
1151 1176 1199 1210 de
1259 1174 1334 1211 ista
1387 1175 1536 1223 duplici
1588 1175 1740 1212 infideli

425 1233 600 1282 argucia.

483 1290 703 1339 Supposito
749 1290 911 1338 quidem
951 1291 1059 1338 quod
1101 1292 1227 1327 Roma
1268 1290 1317 1327 sit
1357 1290 1591 1339 principalis
1629 1291 1740 1328 locus

424 1350 464 1386 in
511 1361 590 1397 quo
635 1356 776 1396 regnat
819 1348 999 1384 seculum
1045 1347 1108 1384 hic
1152 1348 1192 1384 in
1231 1347 1360 1393 terris,
1405 1350 1512 1396 quod
1545 1357 1742 1385 testantur

426 1415 688 1455 peragrantes
723 1414 926 1442 contratas
961 1405 1286 1442 manifestissime
1320 1418 1403 1443 esse
1436 1407 1600 1454 falsum3
1645 1406 1741 1455 quid

427 1466 503 1501 hoc
536 1473 579 1500 ut
613 1477 718 1512 papa
750 1463 818 1512 qui
853 1465 969 1500 debet
1003 1464 1174 1500 maxime
1208 1464 1386 1512 elongari
1419 1477 1441 1501 a
1475 1465 1609 1501 seculo
1642 1464 1742 1501 sicut

428 1522 611 1559 Christus
661 1521 838 1558 residens
890 1521 940 1557 sit
992 1521 1033 1557 in
1078 1522 1229 1558 Roma?
1290 1522 1329 1558 Si
1377 1522 1482 1558 enim
1535 1523 1647 1559 locus
1700 1535 1743 1558 ex

429 1580 668 1617 auctoritate
713 1579 923 1616 residentis
970 1588 1141 1628 aptetur,
1186 1580 1406 1616 Jerusalem
1446 1581 1507 1617 vel
1539 1581 1741 1617 Bethleem

430 1647 488 1675 est
520 1638 660 1686 pocius
693 1638 887 1685 eligenda.

149 1703 186 1741 *lt
206 1702 231 1740 is
253 1710 291 1728 no
313 1703 390 1728 ritter
490 1698 537 1732 Et
570 1708 641 1744 per
673 1696 749 1732 hoc
782 1704 891 1743 patet
924 1696 1032 1743 quod
1064 1696 1239 1731 secunda
1280 1695 1438 1732 infamis
1472 1696 1633 1743 argucia
1664 1709 1745 1732 non

141 1737 267 1806 ¹⁰12&ss
288 1736 551 1797 Efficffisehabet
597 1753 813 1790 scintillam
860 1752 1018 1803 coloris,
1067 1765 1157 1788 curn
1204 1753 1384 1789 Christus
1438 1753 1593 1790 occisus
1638 1762 1745 1790 extra

187 1805 363 1867 Ψθῐῖξοξὲὶἶῑη
432 1821 591 1860 portam
624 1812 842 1847 Jerusalem
880 1811 1124 1859 relinqueret
1158 1811 1351 1848 maiorem
1387 1811 1657 1857 sanctitatem,
1704 1821 1746 1848 ut

323 1862 329 1873 ’
432 1869 486 1905 ibi
510 1869 593 1905 eius
616 1869 875 1905 immediatus
897 1869 1069 1905 vicarius
1088 1868 1292 1919 resideret,
1318 1882 1408 1905 cum
1432 1871 1462 1905 II
1479 1870 1685 1908 Macehab.
1699 1871 1743 1907 V.

432 1929 601 1963 docetur
645 1928 754 1975 quod
798 1928 904 1963 locus
948 1940 1020 1963 non
1058 1927 1272 1976 sanctificat
1305 1928 1493 1963 hominem
1533 1929 1601 1964 sed
1632 1928 1746 1964 homo

428 1986 563 2034 pocius
607 1985 727 2034 ipsum
774 1985 911 2021 locum.
967 1986 1053 2030 Que
1105 1997 1199 2032 ergo
1244 1984 1467 2021 evidencia:
1523 1985 1563 2021 Si
1608 1987 1746 2022 Petrus

434 2044 578 2079 Paulus
617 2051 654 2079 et
694 2042 802 2079 mille
840 2042 907 2079 alii
947 2051 1140 2090 martyres
1179 2042 1219 2078 in
1253 2044 1379 2079 Roma
1418 2043 1623 2091 tyrannice
1655 2052 1747 2079 sunt

433 2100 568 2146 occisi,
613 2100 704 2136 ideo
749 2100 813 2137 ille
858 2101 969 2137 locus
1014 2109 1072 2137 est
1110 2109 1226 2148 aptus
1264 2109 1306 2136 ut
1345 2113 1450 2148 papa
1490 2101 1747 2138 immediatus

146 2164 248 2191 unless
269 2164 317 2190 1¹¹0
339 2171 418 2198 pope
436 2158 583 2196 Christi
621 2158 793 2195 vicarius
827 2158 881 2194 ibi
920 2158 1102 2196 resideat.
1142 2160 1290 2194 Revera
1322 2171 1402 2195 non
1435 2167 1492 2195 est
1531 2159 1640 2195 color
1671 2158 1747 2195 nisi

146 2198 415 2260 ἶῗιοῑὲῑῗὶιὲγμῖἓὲὲῗ
435 2216 475 2252 in
512 2217 639 2253 altera
679 2216 817 2252 infami
856 2216 1024 2252 istarum
1065 2228 1292 2262 causarum,
1338 2216 1470 2264 primo
1510 2216 1604 2264 quia
1642 2229 1748 2265 papa

1749 546 1765 578 5

1756 845 1794 866 10

1759 1122 1796 1155 15

1759 1417 1799 1438 20

1761 1701 1801 1733 25

176 2268 247 2294 slew
271 2267 389 2294 bodies.
436 2274 488 2310 ibi
522 2274 736 2310 infideliter
768 2274 899 2322 perdit
931 2274 1030 2310 vitas
1055 2273 1295 2320 animarum,
1329 2274 1430 2310 sicut
1460 2287 1572 2311 cesar
1594 2274 1747 2322 primus
1763 2277 1803 2311 35

435 2332 651 2368 infideliter
684 2331 737 2367 ibi
770 2332 945 2380 perdidit
967 2331 1067 2368 vitas
1098 2344 1312 2379 corporum
1340 2332 1486 2369 Christi
1511 2341 1746 2379 martyrum.

437 2391 620 2426 Secunda
645 2402 765 2426 causa
789 2389 882 2438 quia
914 2402 1024 2426 cesar
1054 2389 1200 2426 resedit
1233 2389 1273 2425 in
1302 2390 1368 2426 illa
1391 2389 1483 2426 villa
1507 2389 1574 2438 qui
1597 2389 1749 2426 dotavit

436 2461 583 2496 papam
618 2456 757 2484 contra
790 2448 917 2495 legem
952 2460 1072 2495 quam
1098 2447 1278 2484 Christus
1312 2447 1391 2483 suis
1423 2447 1614 2495 apostolis
1644 2447 1749 2483 ordi-

437 2505 559 2541 navit.
605 2508 652 2541 Et
691 2505 745 2541 sic
778 2506 889 2541 locus
928 2505 999 2541 iste
1039 2505 1088 2541 sit
1121 2505 1231 2541 testis
1265 2505 1381 2541 huius
1413 2505 1658 2553 duplicitatis
1691 2505 1749 2541 in-

439 2563 553 2600 famis
593 2576 665 2611 pro
699 2563 865 2599 domino
906 2572 1045 2599 contra
1084 2576 1244 2611 papam.
1290 2564 1408 2600 Tales
1447 2575 1540 2611 ergo
1579 2562 1806 2602 infideli-40

509 2740 522 2759 2
549 2734 593 2760 A:
611 2733 798 2769 ignorancia
815 2733 907 2760 deest.
965 2731 1002 2759 13.
1020 2733 1056 2760 B:
1074 2733 1189 2774 §liris-ti·
1205 2733 1234 2760 in
1251 2741 1363 2767 marg:
1380 2732 1644 2768 quasi‚·A:quasi
1655 2732 1748 2759 deest.

511 2817 562 2848 23.
591 2816 643 2847 Cf.
670 2817 719 2848 De
746 2817 902 2848 Ecclesia
930 2828 960 2859 p.
994 2817 1029 2849 15
1058 2827 1156 2858 seqq.
1242 2818 1294 2848 28.
1322 2817 1359 2848 11.
1385 2815 1516 2847 Macch.
1544 2817 1583 2856 V,
1615 2826 1663 2858 19-
