1986 3289
167 229 242 266 126
771 238 888 269 opus
913 237 1251 270 EVANGELICUM
1280 237 1362 269 [ΑΒ.
1391 238 1444 268 111.
1492 221 1599 276 [CAP.
1621 232 1761 261 XXXIV-

450 344 557 380 enim
590 353 776 393 stagnum
810 354 1168 394 quantumcunque
1208 345 1309 382 forte
1348 345 1498 381 factum
1538 343 1656 381 fuerit
1695 356 1765 392 per

450 404 663 439 adventum
698 415 801 451 aque
834 412 1072 451 congregate
1106 402 1283 451 dirumpi
1315 402 1475 451 poterit,
1509 402 1566 439 sic
1598 415 1765 451 regnum

450 473 520 508 per
559 469 808 497 crementum
847 461 1002 509 peccati
1043 469 1101 498 est
1140 461 1315 497 finaliter
1348 460 1681 509 dirumpendum;
1730 468 1768 496 et

450 518 553 555 sicut
592 520 639 555 de
678 532 758 556 uno
792 532 928 567 regno,
975 519 1030 556 sic
1071 521 1119 556 de
1157 527 1242 555 toto
1281 527 1425 556 vocato
1467 518 1767 555 christianismo

449 577 511 613 vel
554 577 723 613 ecclesia
769 577 981 614 militante.
1035 579 1167 614 Causa
1218 586 1353 613 autem
1408 577 1600 614 crementi
1655 576 1802 614 istius5

450 634 600 671 heresis
645 644 766 683 atque
809 636 997 683 superbie
1042 644 1100 672 est
1139 647 1317 672 recessus
1358 648 1379 672 a
1420 636 1506 683 lege
1547 634 1695 671 Christi
1734 643 1770 670 et

450 693 610 741 sequele
643 706 712 729 sue
744 693 898 732 semite.
930 693 1030 730 Vide
1055 706 1148 742 ergo
1172 693 1464 730 sollicitudines
1488 691 1769 741 episcoporum

451 759 488 787 et
521 751 814 788 seminaciones
853 752 987 800 legum
1027 765 1210 797 suarum3
1257 760 1295 788 et
1333 751 1471 788 omnia
1513 750 1588 787 ista
1627 759 1771 787 sonant

450 822 531 845 non
564 809 605 845 in
637 809 959 858 adquisicionem
990 810 1130 858 populi
1155 811 1204 846 ad
1229 809 1522 846 beatitudinem
1548 810 1770 845 secundum

168 870 268 909 Greed
291 872 340 918 ὼε
362 875 429 898 root
451 867 678 904 doctrinam
712 867 859 904 Christi
892 869 961 904 sed
992 868 1033 904 in
1066 867 1387 916 adquisicionem
1411 867 1647 915 temporalis
1670 866 1772 903 lucri
1793 882 1831 903 10

213 907 382 942 othenesy.
453 934 489 961 et
527 925 719 962 secularis
761 926 943 975 dominii,
989 939 1034 963 ac
1074 926 1105 962 si
1144 925 1220 974 ipsi
1261 934 1457 974 perpetuo
1496 925 1676 962 viverent
1707 924 1772 961 hic

452 983 492 1019 in
531 983 606 1022 via.
653 984 702 1020 Et
740 985 813 1020 hec
855 984 1054 1033 cupiditas
1095 992 1152 1021 est
1192 984 1304 1020 radix
1344 983 1508 1020 maioris
1551 982 1699 1019 heresis
1733 982 1774 1019 in

452 1041 618 1078 ecclesia
677 1041 958 1090 germinantis3
1023 1051 1060 1078 et
1112 1041 1309 1091 quidquid
1363 1041 1610 1090 extingueret
1671 1042 1774 1077 hanc

453 1099 645 1146 radicem,
681 1101 904 1137 destrueret
938 1100 1071 1137 media
1102 1099 1354 1136 Antichristi.

184 1162 351 1223 Thesssffits
372 1160 412 1196 by
510 1159 626 1195 Unde
658 1158 731 1195 iste
765 1168 870 1195 secte
894 1167 1068 1207 quatuor
1100 1158 1141 1195 in
1173 1159 1249 1195 hoc
1280 1158 1466 1195 videntur
1499 1159 1644 1194 habere
1679 1160 1830 1201 cOn-15

202 1231 397 1258 wickedness
453 1215 632 1252 diciones
680 1216 844 1263 diaboli,
884 1218 991 1265 quod
1030 1216 1216 1253 videntur
1259 1217 1422 1264 longare
1467 1215 1571 1251 diem
1617 1215 1773 1261 iudicii3

184 1265 421 1336 {ef¹³}{d}¹s‡le‘l¹]{}'
452 1274 715 1322 probabiliter
744 1274 907 1323 quidem
941 1274 1116 1311 creditur
1139 1276 1248 1323 quod
1282 1287 1364 1310 non
1398 1273 1472 1310 erit
1505 1273 1587 1310 dies
1620 1273 1772 1317 iudicii,

452 1341 668 1381 antequam
693 1333 767 1369 erit
791 1334 1008 1370 electorum
1034 1346 1226 1370 numerus
1251 1333 1456 1380 complens
1479 1331 1771 1368 beatitudinem

452 1400 767 1427 consummatus.
822 1393 870 1427 Et
914 1393 962 1428 de
1008 1400 1159 1440 quanto
1203 1390 1358 1427 viantes
1412 1389 1585 1426 delirant
1636 1403 1658 1426 a
1709 1389 1773 1426 via

451 1449 629 1496 Domini,
693 1450 740 1485 de
793 1458 905 1486 tanto
958 1450 1200 1486 subtrahunt
1252 1462 1274 1485 a
1327 1448 1606 1496 complecione
1659 1447 1773 1484 istius
1791 1464 1832 1485 20

451 1507 620 1546 numeri.
653 1509 747 1544 ldeo
776 1507 879 1544 sicut
912 1507 1061 1544 diaboli
1093 1507 1281 1544 timentes
1303 1508 1354 1543 de
1387 1519 1491 1554 pena
1524 1506 1601 1542 diei
1634 1505 1773 1542 iudicii

451 1574 651 1613 temptant
698 1565 882 1602 homines
928 1574 1019 1602 ante
1064 1567 1281 1603 adventum
1335 1566 1386 1601 ad
1430 1565 1529 1600 illud
1576 1564 1772 1601 iudicium

453 1632 731 1672 prorogantes,
776 1623 832 1660 sic
867 1624 1091 1661 mundiales
1130 1623 1312 1660 homines
1352 1636 1398 1660 ac
1437 1623 1467 1659 si
1508 1623 1653 1659 vellent
1685 1635 1774 1671 per-

453 1691 619 1730 petuare
651 1695 766 1719 suam
800 1682 990 1730 quietern,
1025 1682 1065 1718 in
1097 1682 1159 1719 via
1192 1681 1419 1730 impediunt
1454 1681 1772 1729 complecionem

453 1740 613 1776 numeri
647 1742 871 1780 beatorum.
1791 1745 1830 1777 25

170 1800 336 1862 Ἡῖζῐῑῐὲῑέἑ
353 1804 433 1861 txlvlllit
513 1800 589 1835 Sed
636 1798 868 1836 consolacio
913 1800 1086 1846 quedam
1130 1806 1187 1834 est
1227 1797 1539 1835 christianorum
1574 1796 1613 1833 in
1646 1796 1773 1833 omni-

178 1871 265 1908 make
286 1871 322 1897 all
344 1870 431 1896 work
454 1856 642 1905 potencia
695 1866 732 1894 et
802 1856 1091 1893 omnisciencia
1148 1856 1295 1893 Christi
1350 1855 1606 1892 credencium
1668 1856 1776 1904 quod

182 1906 231 1932 *Os
251 1914 308 1932 ‘³¹¹¹'
328 1905 419 1940 good.
455 1914 592 1951 omnia
637 1915 713 1952 ista
754 1928 831 1964 que
870 1915 935 1951 isti
976 1914 1127 1951 diaboli
1159 1914 1311 1951 faciunt
1344 1915 1394 1951 ad
1427 1913 1593 1950 ecclesie
1626 1912 1774 1949 Christi

455 1973 790 2021 impedimentum
845 1975 986 2010 cedent
1037 1972 1113 2021 ipsi
1153 1973 1317 2009 ecclesie
1370 1974 1420 2008 ad
1465 1974 1631 2016 bonum,
1680 1972 1774 2020 quia

455 2033 675 2068 secundum
709 2032 946 2080 Apostolum
984 2032 1098 2068 Rom.
1130 2032 1230 2080 VIII,
1268 2035 1341 2069 28:
1384 2031 1535 2067 Scimus
1565 2030 1654 2079 quia
1687 2029 1773 2065 dili·
1791 2036 1833 2068 30

454 2090 634 2139 gentibus
665 2091 791 2126 Deum
826 2090 953 2126 omnia
986 2096 1249 2139 cooperantur·
1283 2090 1335 2125 ad
1366 2090 1519 2128 honum.
1564 2090 1666 2124 Nam
1694 2100 1775 2124 non

458 2156 515 2184 est
559 2148 695 2197 aliqua
741 2147 964 2196 corporalis
1009 2147 1243 2195 persecucio
1282 2146 1521 2183 Antichristi
1560 2146 1621 2183 vel
1660 2145 1774 2194 spiri-

458 2206 577 2242 tualis
623 2206 857 2254 persecucio
902 2205 1068 2242 heretici
1112 2205 1175 2242 hic
1219 2205 1259 2241 in
1302 2205 1378 2252 via,
1432 2205 1530 2254 quin
1574 2205 1679 2241 valet
1724 2205 1774 2240 ad

459 2264 746 2312 purgacionem
786 2265 847 2301 vel
881 2273 1130 2300 crementum
1164 2263 1289 2311 glorie
1328 2262 1590 2311 predestinati
1623 2262 1664 2299 in
1697 2262 1775 2298 fide

460 2322 606 2358 Christi
659 2323 832 2359 finaliter
884 2321 1145 2370 persistentis
1200 2324 1247 2358 Et
1300 2322 1373 2357 hec
1431 2321 1540 2358 racio
1595 2329 1773 2356 moveret
1793 2324 1831 2357 35

460 2380 595 2416 fideles
635 2380 675 2416 in
714 2380 798 2417 istis
837 2380 1190 2428 persecucionibus
1232 2379 1423 2416 delectari
1458 2388 1495 2416 et
1527 2379 1568 2415 in
1600 2387 1773 2426 tempta-

460 2438 642 2474 cionibus
689 2439 837 2475 diaboli
882 2438 1049 2475 viriliter
1094 2439 1313 2475 decertare.
1369 2439 1469 2474 Cum
1516 2437 1619 2474 enim
1668 2439 1772 2472 Deus

458 2496 618 2533 ordinat
652 2496 727 2533 ista
759 2499 809 2533 ad
844 2497 993 2533 bonum
1027 2509 1096 2532 sue
1130 2496 1308 2541 ecclesie,
1354 2504 1397 2531 ut
1443 2504 1553 2543 patet
1593 2507 1636 2531 ex
1683 2495 1772 2539 fide,

459 2554 547 2602 quis
593 2555 782 2591 fundatus
828 2554 868 2590 in
917 2555 1006 2601 fide,
1055 2566 1123 2602 spe
1169 2563 1206 2590 et
1245 2554 1412 2590 caritate
1451 2567 1533 2590 non
1573 2552 1773 2600 acciperet

461 2612 556 2648 istos
597 2621 759 2649 eventus
792 2626 964 2661 quorum
1008 2613 1159 2648 fructus
1194 2615 1298 2648 Deus
1339 2611 1538 2648 ordinavit
1578 2612 1627 2647 ad
1669 2611 1832 2653 hunc40

462 2670 605 2707 linem?
639 2673 753 2707 Unde
786 2672 959 2718 quedam
985 2670 1190 2707 evidencia
1221 2671 1434 2706 consolans
1458 2682 1568 2717 spem
1596 2668 1770 2704 fidelium

532 2884 550 2901 1.
580 2876 622 2901 A:
659 2875 736 2901 enim
765 2875 858 2901 deest.
968 2884 1018 2908 Δμ).
1054 2875 1096 2901 A:
1126 2874 1271 2904 ordinal‚·
1302 2874 1332 2900 13.
1355 2874 1495 2900 correxit.
