1986 3289
211 224 299 251 CAP·
321 219 412 262 XLI]
626 226 685 257 DE
712 226 1027 257 ANTICHRISTO
1057 226 1138 257 Llss.
1166 226 1190 257 1.

200 332 315 383 fugit
354 332 500 368 duobus
539 332 663 368 modis
701 332 787 377 dici,
834 340 873 368 ut
910 344 1053 382 corpus
1090 332 1243 383 seiungi
1278 338 1392 382 atque
1432 334 1525 370 alibi

210 403 291 426 esse
317 390 441 439 possit
473 398 513 425 ut
544 391 615 426 hoc
647 390 796 441 lignum
836 391 872 425 in
905 391 976 427 lzoc
1015 391 1097 426 loco
1136 399 1172 427 et
1202 391 1262 427 sol
1293 391 1328 426 in
1362 391 1520 439 oriente,

209 448 333 484 altero
377 455 503 484 autenz
548 460 620 496 quo
666 448 717 483 ita
758 455 813 484 est
851 448 886 483 in
926 449 1093 485 subiecto
1134 457 1172 484 ut
1209 450 1255 484 ab
1288 461 1329 485 eo
1363 458 1523 498 nequeat

208 506 400 554 separari,
434 513 473 541 ut
505 506 540 541 in
564 506 636 542 hoc
668 506 775 556 ligno
796 506 937 554 forma
968 514 1002 542 et
1029 507 1173 555 species
1196 519 1308 555 quam
1333 507 1518 552 videmus,

177 566 249 599 5ut
280 563 316 599 in
338 564 419 599 sole
452 564 534 610 lux,
570 571 608 599 ut
640 564 720 613 ipse
748 564 857 599 calor
889 571 923 599 et
956 565 991 599 in
1025 564 1152 601 animo
1187 563 1390 613 disciplina
1423 573 1459 601 et
1489 566 1523 601 si

206 634 281 670 qua
312 629 400 657 sunt
431 621 507 657 alia
539 621 625 666 ista,
666 621 809 669 inquit,
856 622 1109 658 vetustissima
1143 622 1249 659 nobis
1285 630 1374 658 sunt
1411 630 1447 659 et
1484 623 1521 658 in

206 680 366 715 abeunte
412 679 674 716 adolescencia
717 680 996 716 studiosissime
1033 687 1219 730 percepta
1264 687 1300 716 et
1351 681 1521 731 cognita,

207 737 293 785 quia
326 749 398 772 non
425 749 584 786 possum
619 738 665 773 de
697 737 769 774 hiis
801 739 1071 789 interrogatus
1103 739 1189 787 quin
1229 738 1296 773 illa
1328 738 1409 774 sine
1441 739 1520 774 ulla

208 795 447 831 dubitacione
467 796 686 832 concedam.
711 797 759 831 Et
781 795 978 844 sequitur:
1003 797 1107 831 Illud
1122 808 1213 832 vero
1236 797 1337 844 quod
1354 797 1519 832 interro-

153 865 192 886 10
205 853 313 903 gasti
353 853 437 901 quis
480 853 711 889 concesserit
757 861 823 889 aut
866 854 929 889 cui
964 854 1081 903 pOsse
1108 854 1205 904 fieri
1247 854 1437 901 videatur,
1483 862 1522 890 ut

206 911 246 946 id
275 911 378 959 quod
410 918 465 946 est
502 911 538 946 in
571 911 738 948 subiecto
778 919 931 948 maneat
969 911 1051 961 ipso
1090 912 1301 948 intereunte
1332 913 1522 957 subiecto,-

206 969 600 1005 monstruosissimum
649 969 746 1005 enim
792 977 828 1006 et
870 982 892 1005 a
945 970 1107 1006 veritate
1146 970 1435 1017 alienissimum,
1482 978 1522 1006 ut

206 1027 308 1074 quod
339 1039 412 1063 non
446 1034 543 1063 esset
575 1027 647 1062 nisi
676 1027 712 1063 in
745 1028 826 1077 ipso
858 1028 1039 1073 subiecto,
1080 1035 1177 1064 esset
1209 1035 1244 1063 et
1274 1040 1359 1063 cum
1394 1028 1517 1077 ipsum

205 1097 278 1120 non
299 1085 429 1133 fuerit
456 1085 580 1133 possit
612 1097 704 1121 esse.
738 1085 946 1134 Numquid
969 1085 1169 1122 credimus
1192 1085 1311 1122 istum
1336 1094 1518 1122 sanctum

152 1143 188 1175 15
205 1155 284 1177 non
318 1155 560 1190 cognoscere
593 1143 668 1179 hoc
700 1143 926 1180 venerabile
955 1152 1253 1180 sacramentum
1277 1145 1385 1192 quod
1409 1145 1519 1180 here-

204 1199 270 1236 tici
304 1209 459 1247 ponunt
492 1212 574 1236 esse
607 1200 792 1237 accidens
825 1201 910 1237 sine
942 1200 1147 1237 subiecto?

261 1257 447 1294 Tercium
491 1267 624 1294 autern
670 1259 945 1295 testimonium
986 1259 1198 1307 Augustini
1244 1268 1300 1295 est
1344 1259 1383 1295 in
1438 1259 1519 1308 epi-

205 1316 307 1351 stola
329 1317 397 1352 XL
429 1317 478 1352 ad
502 1317 736 1352 Dardanum
770 1318 842 1353 sub
876 1316 951 1353 hiis
978 1317 1127 1354 verbis:
1168 1318 1275 1353 Tolle
1306 1330 1403 1367 ergo
1436 1318 1519 1367 ipsa

203 1385 370 1422 corpora
407 1374 669 1423 qualitatibus,
730 1375 931 1423 qualitates
977 1387 1186 1424 corporum
1231 1387 1298 1411 nec
1341 1376 1414 1411 erit
1458 1376 1522 1412 ubi

146 1442 188 1463 20
202 1439 312 1477 sunt;
342 1440 377 1468 et
408 1433 492 1468 ideo
516 1444 665 1468 necesse
687 1440 742 1469 est
774 1441 813 1468 ut
845 1445 917 1469 non
949 1433 1036 1469 sint.
1064 1436 1138 1469 Iste
1170 1442 1331 1470 sanctus
1354 1433 1520 1470 nescivit

202 1491 372 1526 vendere
409 1503 529 1526 unam
571 1503 798 1527 mensuram
844 1490 1061 1527 accidentis
1105 1503 1176 1539 per
1218 1503 1259 1528 se
1303 1490 1518 1537 existentis,

75 1552 159 1588 420st
202 1556 245 1583 ut
274 1544 278 1599 Ι
306 1547 438 1595 gracie
495 1547 701 1594 dignitatis
759 1548 1026 1585 ecclesiastice
1084 1549 1146 1585 vel
1197 1549 1360 1586 alterius
1410 1551 1518 1598 quod

203 1605 367 1642 heretici
420 1614 457 1642 et
489 1605 698 1643 simoniaci
735 1606 873 1643 dicunt
911 1619 996 1643 esse
1029 1608 1076 1643 de
1108 1619 1253 1655 genere
1286 1607 1516 1643 accidentis.

203 1665 250 1699 Et
282 1665 422 1700 eodem
457 1665 577 1699 modo
610 1676 691 1700 non
722 1664 899 1701 laboravi
933 1664 973 1700 in
1005 1664 1090 1701 istis
1125 1665 1390 1701 monstruosis
1420 1665 1517 1701 casi-

145 1722 184 1754 25
202 1722 274 1757 bus
319 1734 365 1758 ac
410 1721 617 1757 inutilibus
652 1723 760 1770 quod
796 1735 916 1768 mors,
950 1722 1069 1759 febris
1102 1723 1161 1759 vel
1194 1722 1272 1759 alia
1306 1722 1518 1759 infirmitas

202 1792 273 1826 per
304 1792 344 1815 se
372 1788 556 1827 surrepat
581 1788 617 1815 et
637 1779 828 1816 intoxicet
860 1779 1044 1817 homines
1067 1780 1222 1817 noviter
1244 1780 1517 1827 informando,

203 1836 295 1885 quia
328 1837 368 1873 in
390 1837 536 1874 talibus
560 1837 744 1874 hereticis
766 1837 1042 1875 vanitatitibus
1065 1847 1201 1886 posset
1222 1837 1394 1875 infidelis
1426 1852 1517 1887 pro-

203 1889 313 1942 gredi
345 1904 388 1931 ut
419 1895 460 1931 in
492 1908 617 1932 vacuo
649 1895 817 1934 infinito.

262 1954 461 1998 Quartum
507 1962 638 1990 autern
685 1953 962 1990 testimonium
1008 1962 1065 1990 est
1111 1953 1238 1990 sancti
1278 1954 1515 1991 Crisostomi

148 2012 189 2042 30
205 2010 379 2047 doctoris
404 2011 518 2048 Greci
548 2011 729 2059 precipui
758 2011 798 2047 in
828 2024 949 2060 opere
982 2011 1220 2059 Imperfecto
1251 2012 1409 2048 Omelia
1431 2014 1515 2049 XXI

204 2080 324 2116 super
355 2068 444 2106 illo:
488 2070 609 2105 Petite
640 2077 676 2105 et
707 2070 864 2105 dabitur
898 2069 1021 2106 vobis:
1062 2070 1204 2116 Virtus,
1243 2069 1386 2118 inquit,
1427 2083 1516 2106 ora-

205 2126 322 2162 cionis
354 2134 409 2162 est
440 2139 534 2176 opus
572 2127 727 2163 iusticie.
771 2128 912 2177 Oracio
950 2135 1076 2163 autem
1115 2128 1228 2176 quasi
1258 2129 1358 2164 odor
1387 2129 1516 2164 suavi-

205 2184 294 2220 tatis
338 2191 393 2220 est
436 2185 564 2234 operis
608 2185 706 2232 boni,
753 2185 852 2221 sicut
894 2197 991 2235 ergo
1031 2197 1093 2221 res
1124 2185 1251 2234 aliqua
1284 2186 1364 2222 sine
1396 2187 1517 2222 odore

201 2249 328 2290 potest
366 2254 459 2289 esse,
505 2243 604 2278 odor
634 2250 760 2279 autem
799 2243 880 2278 sine
917 2243 1045 2291 aliqua
1086 2255 1128 2278 re
1161 2256 1232 2279 non
1260 2251 1390 2293 potest
1421 2256 1514 2291 esse,

149 2298 259 2335 35sic
303 2312 398 2349 opus
440 2300 521 2336 sine
564 2300 744 2336 oracione
787 2301 932 2349 aliquid
975 2308 1051 2345 est,·
1094 2301 1226 2337 oracio
1264 2309 1391 2338 autem
1435 2303 1516 2338 sine

204 2369 318 2406 spere
361 2358 456 2394 bono
501 2358 618 2393 nichil
662 2366 728 2396 est.
778 2360 859 2394 Nec
899 2358 1065 2394 dubium
1106 2359 1203 2407 quin
1242 2359 1315 2395 iste
1353 2369 1514 2396 sanctus

205 2414 391 2463 intelligit
437 2425 507 2463 per
552 2415 727 2464 aliquam
775 2428 856 2452 rem
898 2416 1124 2453 subiectum
1164 2425 1201 2453 et
1234 2430 1304 2465 per
1344 2418 1513 2454 odorem

273 2589 301 2616 ὁ.
324 2590 360 2616 Β;
383 2589 515 2624 inquam.
608 2598 648 2623 14.
670 2590 698 2617 A
718 2589 747 2616 in
771 2598 885 2624 marg.:
913 2589 997 2625 quod
1015 2590 1203 2625 impossihile
1222 2595 1267 2618 est
1283 2592 1427 2619 accidens
1448 2601 1515 2620 esse

202 2624 269 2651 sine
296 2624 430 2651 subiecto
461 2624 625 2651 secundum
644 2625 863 2658 Augustinum.
896 2625 943 2652 De
973 2625 1073 2653 hostia
1106 2630 1289 2653 consecrata
1317 2635 1377 2661 per
1408 2629 1512 2654 tolum.

205 2667 244 2693 ¹7-
265 2660 293 2685 A
319 2659 349 2685 in
371 2666 486 2693 marg:
508 2659 711 2695 Augustinus.
801 2667 845 2686 22.
867 2660 912 2687 A:
932 2660 1063 2687 alterius
1082 2661 1180 2687 twice.
1265 2669 1309 2696 27.
1336 2663 1379 2689 A:
1393 2661 1512 2696 fidelis.

203 2700 250 2728 29.
270 2695 298 2720 A
318 2694 348 2720 in
371 2701 484 2728 marga
510 2693 722 2721 Crz'sostomus.
812 2693 850 2721 31.
871 2696 915 2722 A:
936 2703 1030 2729 super
1050 2695 1103 2722 illo
1125 2695 1218 2722 deest.

278 2787 326 2819 18.
354 2789 400 2820 St.
428 2789 516 2828 Aug.
544 2788 636 2829 Opp.
663 2795 748 2821 torn.
775 2790 814 2829 ΙΙ,
841 2788 918 2821 682.
1056 2791 1109 2823 31.
1135 2790 1254 2822 Matth.
1281 2791 1353 2830 VII,
1386 2801 1417 2832 7.
1444 2791 1511 2832 Op.

204 2835 287 2875 Imp.
314 2834 334 2865 1.
362 2845 390 2865 c.
418 2845 494 2876 pag.
521 2834 599 2874 824.

1735 220 1802 254 151

1558 1958 1776 1995 Chrysostorn.
