1986 3289
237 192 325 219 CAP-
352 182 433 236 VII-J
613 194 670 224 DE
698 193 1010 224 ANTICHRISTO
1040 194 1121 223 LIB.
1150 193 1187 223 ll.
1747 196 1828 234 307

107 301 175 339 434
235 300 536 348 scripturarum.
598 302 646 335 Et
698 301 806 347 quod
858 297 1090 346 refelrant
1143 301 1225 334 Deo
1255 299 1408 346 gracias
1441 299 1542 335 sicut

235 366 402 406 prosunt
446 366 644 394 cessantes
678 370 699 393 a
743 358 859 392 laude
899 356 1110 393 hominum
1164 369 1209 392 ac
1254 356 1360 392 inani
1402 357 1541 404 gloria,

235 429 324 452 curn
359 416 526 451 credunt
557 416 660 451 hanc
700 415 818 450 fidem
851 414 1034 462 Apostoli
1074 416 1116 451 ΙΙ.
1151 416 1241 450 Cor.
1276 416 1337 457 ΙΙΙ,
1382 416 1398 450 5
1436 417 1543 462 quod

235 486 307 509 non
350 485 483 509 sumus
524 473 758 522 sufficientes
800 473 978 508 exnohis
1011 472 1120 520 quasi
1167 484 1217 507 ex
1262 472 1367 508 nobis
1399 473 1545 521 aliquid

203 531 410 581 5cogitare
440 531 508 566 sed
545 531 667 566 omnis
704 530 940 579 sufficz'encia
974 537 1107 565 nostra
1147 541 1198 565 ex
1231 530 1315 565 Deo
1354 537 1419 565 est.
1467 531 1544 566 Sed

235 589 266 624 si
299 588 450 636 aliquid
473 589 591 624 verba
615 587 858 624 exhortantis
891 587 1081 633 efficiunt,
1116 588 1190 623 hoc
1223 598 1279 623 est
1312 600 1354 623 ex
1379 588 1543 635 proprio

235 655 325 682 actu
358 645 429 682 Dei
477 646 544 694 qui
595 645 720 681 utitur
762 645 940 692 graciose
973 658 1044 681 suo
1089 658 1240 692 organo
1289 654 1324 681 et
1370 647 1437 681 dat
1470 645 1544 681 sibi

235 703 423 740 meritum
458 716 529 751 pro
563 713 653 739 actu
685 702 850 751 proprio
885 702 956 738 Dei
989 703 1061 738 sui.

292 763 407 798 Unde
440 762 675 810 blasphema
706 761 863 797 videtur
895 761 1096 808 suggestio
1130 760 1277 796 diaboli
1317 760 1543 808 instigantis

182 831 218 850 10
234 821 340 867 quod
373 819 679 867 appropriemus
711 818 827 855 nobis
860 820 1030 866 superbe
1063 830 1184 866 opera
1219 818 1290 853 Dei
1321 818 1461 854 nostri.
1495 821 1543 854 Et

232 877 328 913 tales
375 877 576 913 evidencie
609 879 691 913 Deo
734 877 894 912 iuvante
930 885 1090 912 movent
1122 877 1354 923 superstites
1388 876 1543 924 aliquos

234 936 283 970 ad
327 935 575 982 evangelium
632 934 836 970 humiliter
888 934 1038 982 populo
1094 935 1383 979 nunciandum,
1449 934 1543 982 quia

234 1001 386 1028 certum
420 1001 478 1029 est
509 992 586 1028 illis
619 1001 708 1040 post
740 992 1055 1039 temptacionern
1101 991 1230 1027 inanis
1264 991 1387 1039 glorie
1434 993 1541 1039 quod

234 1051 306 1086 hec
339 1050 543 1087 evidencia
567 1049 716 1086 diaboli
740 1049 864 1086 nichil
886 1051 1003 1087 valet.
1037 1052 1085 1085 Et
1108 1050 1182 1085 ista
1216 1049 1419 1085 sentencia
1443 1051 1541 1085 bene

182 1108 387 1156 15digesta
420 1117 457 1144 et
490 1108 667 1156 graciose
701 1108 741 1143 in
777 1116 908 1144 mente
943 1116 1136 1155 concepta
1183 1117 1219 1143 et
1252 1107 1471 1155 practizata
1502 1108 1541 1144 in

234 1178 354 1213 opere
404 1166 508 1202 valet
553 1166 723 1202 multum
770 1166 933 1201 ecclesie
978 1165 1180 1214 militanti,
1228 1165 1322 1213 quia
1378 1167 1542 1213 prodest

236 1225 404 1260 multum
451 1223 816 1271 evangelizantibus
859 1232 894 1259 et
939 1223 1192 1259 auditoribus
1246 1232 1289 1259 ut
1339 1223 1542 1270 aperiatur

234 1281 406 1317 hostium
432 1281 591 1317 Christo
626 1290 662 1317 et
685 1281 817 1317 ocium
844 1281 993 1317 diaboli
1017 1281 1261 1317 excludatur.
1295 1281 1384 1316 Alia
1408 1290 1540 1317 autem

232 1341 351 1375 verba
395 1339 569 1375 inculcat
600 1339 844 1387 Augustinus
890 1351 966 1387 que
1010 1348 1102 1375 sunt
1148 1339 1266 1386 plena
1320 1339 1542 1375 medullosa

177 1414 218 1435 20
232 1397 448 1443 sentencia,
481 1405 518 1433 et
550 1397 581 1433 si
614 1399 697 1433 Deo
731 1397 937 1444 placuerit,
971 1396 1044 1433 ista
1081 1397 1210 1433 media
1249 1406 1339 1432 sunt
1379 1398 1429 1432 ad
1462 1396 1541 1433 illa.

748 1568 884 1608 CAP.
918 1568 1025 1607 VH.

293 1662 482 1710 Sequitur
515 1662 554 1698 in
587 1671 718 1698 textu:
753 1663 960 1712 Postquam
985 1675 1082 1713 ergo
1116 1663 1211 1697 lavit
1238 1663 1359 1711 pedes
1392 1674 1539 1708 eorum,

233 1722 380 1770 accepit
413 1721 634 1756 vestimenta
668 1733 750 1763 sua,
790 1728 825 1756 et
856 1733 940 1756 cum
977 1720 1223 1765 recubuisset,
1269 1720 1406 1755 iterum
1442 1720 1541 1755 dixit

232 1779 305 1814 eis:
348 1778 460 1814 Scitis
492 1779 582 1826 quid
605 1778 776 1826 fecerim
811 1779 928 1814 vobis.
972 1779 1043 1813 Vos
1077 1778 1220 1813 vocatis
1254 1790 1312 1813 me
1350 1778 1541 1827 magister

176 1844 215 1876 25
233 1844 268 1872 et
304 1836 475 1880 domine;
506 1844 540 1871 et
580 1836 670 1872 bene
699 1836 845 1872 dicitis:
876 1849 958 1872 sum
984 1836 1133 1871 etenim.
1168 1835 1211 1871 Si
1238 1847 1335 1885 ergo
1365 1848 1438 1885 ego
1462 1836 1542 1871 lavi

227 1895 346 1943 pedes
380 1901 528 1930 vestros
562 1895 738 1930 dominus
771 1901 806 1929 et
839 1894 1040 1944 magister,
1087 1901 1122 1929 et
1154 1906 1220 1929 vos
1259 1894 1401 1929 debetis
1440 1894 1541 1929 alter

232 1952 393 1987 alterius
438 1952 573 1987 lavare
605 1953 738 2000 pedes.
783 1952 1019 2000 Exemplum
1066 1951 1162 1986 enim
1204 1951 1293 1986 dedi
1331 1951 1448 1997 vobis,
1501 1959 1541 1986 ut

231 2010 555 2058 quemadmodum
590 2022 662 2060 ego
686 2010 773 2057 feci
804 2010 921 2055 vobis,
955 2009 1006 2044 ita
1040 2017 1074 2045 et
1108 2021 1175 2045 vos
1197 2009 1373 2057 faciatis.

290 2068 417 2114 Super
450 2080 529 2115 quo
552 2067 818 2114 Augustinus:
855 2068 966 2102 Nunc
998 2074 1054 2103 est
1086 2075 1126 2102 ut
1159 2067 1267 2102 beato
1300 2067 1416 2102 Petro
1450 2067 1536 2102 red·
1570 2074 1783 2114 *Augus-tine:

176 2134 217 2164 '50
233 2125 350 2159 datur
382 2125 447 2160 illa
477 2125 698 2173 promissio,
734 2125 891 2160 Dilatus
922 2125 1019 2160 enim
1044 2125 1200 2172 fuerat,
1234 2125 1383 2172 quando
1418 2136 1538 2173 expa-
1555 2108 1824 2177 (ᾗιξὸῃῇξὲζῇξὲηέζ

234 2183 398 2218 vescenti
428 2190 463 2218 et
496 2183 654 2218 dicenti:
688 2183 773 2218 Non
808 2183 955 2218 lavabis
987 2183 1107 2218 michi
1130 2183 1249 2231 pedes
1281 2182 1317 2217 in
1351 2189 1538 2228 eternum,
1566 2178 1742 2239 0Xp¹2lc¹l³iigff
1764 2179 1810 2205 his

232 2252 455 2289 responsum
490 2248 545 2276 est
577 2240 631 2276 ei:
668 2241 781 2284 Quod
804 2253 877 2291 ego
899 2240 1026 2289 facio,
1059 2247 1098 2275 tu
1131 2240 1252 2276 nescis
1285 2241 1412 2286 modo,
1444 2240 1539 2275 scies
1742 2234 1746 2239 ’

230 2305 354 2333 autem
384 2305 531 2346 postea.
576 2298 677 2333 Ecce
709 2306 742 2334 et
776 2299 897 2347 ipsum
924 2306 1059 2346 postea
1093 2298 1168 2333 iam
1203 2305 1351 2346 tempus
1384 2305 1452 2343 est,
1500 2305 1539 2332 ut

232 2356 383 2390 dicatur
416 2356 517 2404 quod
549 2356 667 2404 paulo
700 2363 787 2391 ante
820 2356 980 2391 dilatum
1015 2363 1081 2391 est.
1115 2356 1271 2390 Affemor
1302 2356 1426 2403 itaque
1459 2356 1538 2390 Do-

175 2408 353 2452 35minus
381 2413 608 2461 promisisse
641 2425 680 2449 se
708 2414 782 2448 iam
819 2414 962 2448 dudum
995 2413 1196 2449 scienciam
1219 2413 1328 2461 facti
1370 2413 1430 2448 sui
1460 2423 1537 2448 tam

231 2471 415 2519 inopinati
446 2478 522 2506 tam
557 2471 746 2506 mirabilis
779 2479 858 2506 tam
898 2471 1192 2520 expavescendi,
1245 2478 1278 2505 et
1323 2471 1394 2506 uisi
1430 2471 1537 2505 velze-

230 2535 377 2564 menter
401 2529 478 2577 ipse
500 2529 704 2564 terruisset
727 2529 831 2564 nullo
865 2529 978 2565 modo
1007 2529 1156 2564 sinendi
1181 2536 1219 2563 ut
1244 2528 1433 2578 magister
1465 2540 1536 2563 nou

298 2692 345 2718 25).
384 2685 412 2711 A
444 2683 474 2710 in
508 2691 622 2718 marg:
660 2682 869 2718 Augustinus;
907 2684 946 2710 ib.
984 2684 1079 2711 heato*
1121 2685 1164 2710 A:
1199 2685 1287 2711 hono.
1409 2683 1453 2710 30.
1492 2685 1534 2711 A:

232 2719 398 2745 [ulalatus.
490 2718 531 2745 33.
555 2719 590 2745 B:
614 2719 692 2745 Ecce
712 2722 766 2746 est.
882 2718 996 2745 35—36.
1020 2719 1058 2745 ss:
1080 2721 1141 2745 tum
1162 2719 1355 2753 inopinatam
1375 2719 1535 2745 mirabilis.

231 2752 274 2787 37.
296 2755 344 2780 A:
366 2753 455 2780 nulle.

300 2834 351 2855 22.
378 2824 453 2856 Joh.
481 2825 564 2864 Xlll7
598 2834 681 2855 12——
710 2825 737 2855 ὃ,
837 2835 889 2867 20.
916 2826 949 2856 S.
976 2825 1190 2866 Augustinus
1220 2824 1237 2855 l¹
1266 2835 1282 2855 c
1322 2835 1353 2866 p.
1381 2824 1459 2856 660.

1320 2881 1390 2913 20*
