1986 3289
194 219 282 247 CAP·
305 210 401 264 XIV]
575 222 633 253 DE
661 221 974 254 ANTICHRISTO
1004 222 1085 253 ΜΒ.
1114 222 1137 253 Ι.

195 329 433 364 concludere
485 329 532 363 de
584 341 825 376 quocunque
870 338 975 364 statu
1020 329 1079 364 vel
1125 340 1294 375 persona
1341 328 1506 364 ecclesie

195 386 416 422 militantis.

250 444 345 480 Tria
392 452 523 480 autern
566 441 682 480 docet
716 443 910 479 Dominus
956 457 977 479 a
1019 443 1200 479 fidelibus
1233 444 1506 491 ponderanda,

195 501 345 538 scilicet
395 501 602 546 iudicium,
658 501 975 537 misericordiam
1031 510 1067 537 et
1119 501 1260 546 fidem;
1314 500 1506 536 iudicium

162 561 303 607 §quod
350 559 555 595 caritative
600 560 687 607 plus
734 559 902 606 diligant
947 560 1036 607 plus
1077 560 1311 595 amandum.
1357 561 1400 594 In
1433 560 1508 594 hoc

196 617 300 653 enim
346 617 527 653 consistit
571 618 770 653 rectitudo
809 616 948 653 iudicii
989 626 1026 652 et
1059 629 1130 664 per
1162 617 1245 653 eius
1278 616 1508 664 oppositum

195 688 217 711 a
258 674 362 710 iusto
406 674 555 711 iudicio
601 674 836 712 declinatur.
883 676 930 710 Et
975 674 1156 722 intelligo
1201 687 1271 722 per
1315 674 1507 710 iudicium

195 734 303 780 quod
336 741 393 768 est
426 745 640 769 commune
673 732 783 769 omni
817 732 986 779 homini,
1021 732 1123 768 sicut
1155 744 1293 768 ornnes
1328 732 1508 768 homines

196 790 227 826 si
272 790 416 826 salvari
460 790 672 835 voluerint,
717 802 880 826 necesse
927 799 984 825 est
1024 791 1170 826 habere
1203 791 1282 826 tale
1315 790 1508 826 iudicium

143 865 180 885 10
194 848 420 884 voluntatis.
455 849 523 884 Ille
556 857 690 884 autem
724 848 791 896 qui
825 857 959 895 sperat
992 849 1100 896 quod
1132 847 1171 883 in
1215 847 1325 884 finali
1359 847 1509 884 iudicio

195 905 277 942 eius
322 918 445 954 opera
492 918 562 954 per
604 905 693 942 illos
727 905 795 953 qui
840 905 926 953 ipsa
959 905 1187 953 percipiunt
1231 907 1508 950 ostendentur,

195 963 444 1000 miserebitur
487 963 547 999 sui
590 963 714 1012 ipsius
760 972 796 999 et
830 963 1000 1011 proximi
1039 963 1173 999 taliter
1212 964 1431 1011 operando,
1471 972 1509 999 et

195 1021 251 1057 illi
296 1021 363 1069 qui
412 1023 584 1058 habeant
629 1022 748 1058 fidem
794 1022 841 1057 de
880 1021 989 1057 finali
1030 1021 1301 1057 retribucione
1334 1020 1508 1058 hominis

195 1080 415 1115 secundum
460 1079 658 1115 iusticiam
704 1080 764 1115 vel
797 1079 1040 1115 iniusticiam
1082 1091 1151 1115 sue
1195 1079 1273 1115 vite
1313 1080 1509 1115 cavebunt

144 1143 218 1175 153
250 1137 396 1173 talibus
430 1137 611 1173 avariciis
644 1137 683 1172 in
716 1137 910 1184 regimine
944 1136 1211 1173 subditorum.

252 1197 490 1242 Jeronymus
543 1204 677 1231 autem
723 1207 841 1242 super
886 1195 961 1231 isto
1004 1196 1125 1230 verbo
1170 1194 1402 1242 evangelico
1455 1194 1509 1230 ita

196 1252 351 1289 scribit:
386 1253 512 1288 Aquita
546 1254 581 1288 in
615 1254 701 1303 lege
727 1260 912 1301 precepta
951 1260 1039 1288 sunt
1070 1265 1140 1301 que
1172 1253 1272 1301 tipos
1299 1252 1510 1301 preferant

199 1310 447 1358 futurorum.
501 1311 588 1346 Alia
637 1322 728 1346 vero
781 1318 916 1359 aperta
960 1318 1048 1346 sunt
1099 1311 1208 1346 iuxta
1261 1310 1508 1346 Psalmistam

197 1368 403 1404 dicentem:
440 1369 670 1404 Mandatum
710 1368 871 1404 Domini
902 1369 1069 1404 lucidum
1109 1368 1330 1404 illuminans
1362 1369 1512 1412 Θεκώας,-

138 1442 181 1463 20
198 1437 267 1474 que
287 1427 417 1462 statim
446 1439 565 1475 opera
596 1427 836 1469 desiderant‚·
871 1426 978 1462 verbi
997 1427 1136 1476 gracia
1166 1438 1238 1461 non
1261 1426 1511 1471 adulterabis,

200 1496 271 1519 non
294 1484 454 1532 furtum
472 1485 614 1533 facies,
649 1496 720 1520 non
746 1484 1001 1520 testimonium
1015 1484 1169 1532 falsum
1194 1484 1309 1522 dices,
1334 1484 1515 1519 Plzarisei

201 1549 325 1577 autem
371 1543 458 1590 quia
500 1549 732 1591 preceperat
765 1543 957 1578 Dominus
1001 1539 1060 1592 (ut
1105 1542 1257 1577 interim
1299 1541 1512 1577 intellectus

201 1599 389 1650 mysticos
437 1600 692 1647 dimittamus)
734 1607 900 1649 propter
938 1600 1162 1636 alimoniam
1196 1600 1443 1635 sacerdotum
1479 1607 1513 1634 et

200 1657 438 1703 Levitarum,
485 1670 647 1706 quorum
677 1670 774 1706 pars
818 1665 901 1693 erat
934 1658 1137 1704 Dominus,
1177 1657 1344 1693 omnium
1378 1669 1510 1692 rerum

144 1714 235 1753 25in
268 1716 409 1764 templo
443 1716 580 1764 offerri
612 1716 792 1760 decimas,
834 1716 904 1751 lzoc
937 1728 1050 1751 unum
1085 1716 1273 1751 habebant
1309 1715 1440 1761 studii,
1474 1722 1513 1750 ut

197 1784 268 1821 que
311 1773 411 1809 iussa
448 1773 616 1821 fuerant
659 1780 1012 1822 comportarentur,
1067 1781 1193 1809 cetera
1237 1785 1308 1822 que
1360 1773 1511 1808 maiora

197 1838 308 1866 erant
357 1838 484 1866 utrum
531 1831 613 1880 quis
646 1832 805 1879 faceret
849 1844 896 1866 an
936 1844 1022 1876 non,
1057 1831 1403 1879 parvipendebant.
1446 1830 1512 1865 Ex

198 1888 268 1923 lzoc
311 1888 437 1937 itaque
480 1889 646 1937 capitulo
691 1889 827 1938 arguit
869 1901 932 1924 eos
982 1889 1151 1924 avaricie
1194 1889 1295 1937 quod
1342 1888 1513 1924 studiose

199 1945 317 1981 eciam
370 1946 500 1982 vilium
546 1947 694 1982 olerum
749 1947 918 1982 decimas
962 1947 1126 1996 exigant
1170 1953 1204 1982 et
1248 1946 1429 1982 iudicium
1475 1946 1510 1981 in

144 2010 184 2042 30
200 2003 478 2052 disceptacione
515 2005 779 2054 negociorum,
820 2004 1205 2052 misericordiamque
1243 2004 1278 2038 in
1317 2016 1513 2052 pauperes

195 2061 364 2110 pupillos
409 2070 443 2097 et
488 2062 625 2098 viduas
668 2069 703 2097 et
735 2062 860 2111 fidem
907 2063 941 2096 in
976 2063 1100 2097 Deum
1146 2074 1216 2109 que
1248 2074 1393 2112 magna
1426 2068 1512 2097 sunt

195 2120 500 2167 pretermittant.

258 2177 385 2213 Duces
408 2177 486 2213 ceci
507 2178 729 2214 excolantes
752 2178 909 2213 culicem
934 2177 1120 2213 camelum
1138 2184 1263 2213 autem
1286 2177 1510 2226 glucientes.

206 2234 402 2270 Camelum
442 2243 536 2284 puto
580 2248 661 2271 esse
703 2236 911 2271 secundum
955 2247 1106 2271 sensum
1147 2235 1340 2283 presentis
1372 2235 1447 2270 loci
1478 2242 1513 2270 et

145 2293 504 2342 35nzagnitudinem
546 2300 820 2342 preceptorum
854 2293 1033 2328 iudicium
1068 2301 1102 2328 et
1135 2292 1443 2328 misericordiam
1478 2300 1512 2327 et

200 2350 338 2399 fidem,
373 2351 528 2386 culicem
562 2359 687 2386 autem
723 2351 891 2386 decimas
923 2351 1074 2386 menthe
1105 2358 1139 2386 et
1161 2350 1291 2386 anethi
1311 2358 1345 2385 et
1368 2350 1516 2400 cymini

202 2415 236 2442 et
269 2408 504 2457 reliquorum
541 2409 671 2443 vilium
706 2409 866 2444 olerum.
900 2409 984 2444 Hec
1017 2415 1151 2443 contra
1180 2415 1406 2456 preceptum
1440 2408 1517 2443 Dei

203 2477 272 2512 que
303 2478 446 2516 magna
477 2474 565 2502 sunt
598 2467 830 2502 devoramus
853 2473 965 2514 atque
989 2466 1225 2517 negligimus
1244 2473 1278 2502 et
1301 2465 1513 2514 opinionem

274 2676 300 2703 7.
322 2669 365 2695 A:
384 2676 441 2703 per
462 2668 562 2701 (ἱερεῖς
584 2668 605 2696 Β
626 2669 655 2695 in
678 2676 790 2703 marga
812 2667 908 2695 addit.
999 2667 1035 2694 13.
1057 2669 1102 2695 A:
1125 2668 1180 2703 qui
1196 2668 1317 2695 liabent.
1409 2667 1445 2694 15.
1467 2669 1512 2694 A:

208 2703 281 2738 Cap.
302 2702 364 2730 XV.
430 2704 472 2730 16.
493 2705 521 2730 A
540 2704 569 2730 in
592 2711 707 2737 marg:
728 2703 921 2736 Jeronymm.
979 2702 1018 2729 16.
1043 2703 1080 2729 13:
1103 2703 1162 2730 isto
1183 2705 1277 2729 textu.
1351 2709 1389 2733 21,
1408 2710 1451 2728 22.
1474 2703 1513 2729 13:

206 2740 235 2764 el
255 2745 320 2765 cum
337 2737 479 2772 pharisei
497 2738 689 2765 audivissent
708 2738 781 2772 quia
800 2740 996 2772 preceperat.
1089 2745 1132 2764 22.
1156 2738 1191 2764 13:
1214 2740 1245 2764 ul
1267 2737 1358 2764 deest.

281 2831 330 2863 16.
359 2833 495 2863 Comm.
524 2833 557 2863 in
585 2832 703 2863 Matth.
731 2833 751 2863 l.
779 2843 805 2863 c.
834 2843 865 2873 p.
900 2832 970 2873 187.
1090 2831 1137 2862 18.
1166 2832 1291 2862 Psalm-
1318 2831 1435 2869 XVIII,
1471 2843 1501 2873 (J-

1547 455 1615 482 God
1638 457 1774 492 requires

1548 491 1631 517 three
1653 492 1770 526 things:

1539 524 1655 559 justice„
1678 534 1780 561 mercy

1576 561 1634 587 and
1657 561 1742 587 saith.

1544 2194 1610 2221 The
1630 2198 1702 2228 gnat
1723 2194 1781 2220 and

1573 2229 1623 2255 the
1643 2229 1749 2255 camel.
