1986 3289
195 516 261 544 The
283 524 393 552 mone)v
414 516 439 543 is

216 551 314 578 God‘s
335 552 433 577 word⁴

214 1685 329 1721 Falsity
349 1684 384 1711 of
400 1684 450 1711 the

257 1719 405 1747 servam's

270 1762 390 1782 excuse.

790 171 908 203 OPUS
934 171 1269 202 EVANGELICUM
1300 171 1382 202 ΜΒ.
1411 171 1464 201 111.
1551 159 1658 213 [CAP.
1680 168 1783 197 LXXI.

472 277 690 313 istiusmodi
733 277 921 328 cogitacio
957 277 1114 313 incussit
1146 277 1335 323 timorem,
1381 284 1420 312 ut
1460 277 1580 313 scires
1611 289 1670 312 me
1702 289 1784 313 mea

474 335 703 385 diligencius
726 335 964 384 quesiturum
998 342 1033 371 et
1066 335 1183 371 dares
1209 335 1415 383 pecuniam
1451 347 1572 371 ineam
1607 335 1688 371 sive
1718 348 1783 370 ar-

471 400 632 443 gentum
681 393 964 429 nummulariis.
1019 393 1232 441 Utrumque
1275 393 1372 428 enim
1417 393 1596 443 argirion
1636 393 1786 428 Grecus

472 462 599 487 sermo
632 451 774 501 signat.
808 450 988 500 Eloquia,
1022 451 1152 500 inquit,
1186 451 1355 497 Domini,
1390 451 1536 499 eloquia
1571 457 1687 495 casta,
1721 463 1786 486 ar-

472 516 631 559 gentum
656 509 745 559 igne
778 509 1056 555 examinatum,
1085 509 1294 557 probatum
1318 515 1436 554 terre⁷
1466 516 1680 558 purgatum
1703 510 1819 557 sep-5

474 567 635 614 tuplum.
690 567 855 602 Pecunia
902 579 999 617 ergo
1032 573 1067 602 et
1099 573 1308 617 argentum
1338 566 1561 615 predicacio
1595 566 1788 616 evangelii

475 632 509 660 et
540 636 668 660 sermo
703 625 853 660 divinus
876 632 944 669 est,
978 624 1042 672 qui
1073 624 1167 659 dari'
1191 624 1317 659 debuit
1339 625 1610 660 nummulariis
1642 632 1677 660 et
1709 631 1788 659 tra-

470 682 622 733 peqitis,
656 682 697 717 id
728 690 794 729 est,
829 683 889 718 vel
920 682 1057 718 ceteris
1086 682 1329 727 doctoribus;
1366 683 1467 730 quod
1488 682 1674 730 fecerunt
1696 694 1788 731 apo-

474 740 565 776 stoli
604 752 679 789 per
719 741 896 790 singulas
949 740 1172 789 provincias
1212 740 1470 792 presbyteros
1514 748 1549 775 et
1591 739 1788 789 episcopos

476 797 700 834 ordinantes
745 799 805 833 vel
848 798 994 835 cunctis
1026 798 1269 834 credentibus
1307 798 1371 846 qui
1397 805 1560 847 possunt
1585 798 1787 846 pecuniam
1810 809 1846 829 10

477 856 677 904 duplicare
721 863 755 892 et
800 869 885 892 cum
920 856 1049 892 usuris
1092 856 1273 899 reddere,
1319 863 1358 890 ut
1390 856 1576 904 quidquid
1613 867 1790 891 sermone

477 914 694 950 didicerant
726 926 842 963 opere
875 914 1089 963 explerent.
1125 916 1207 949 Hec
1239 915 1492 961 JeronmeS.

536 973 590 1007 Ex
622 971 698 1007 isto
721 980 829 1008 textu
853 971 1017 1020 capiunt
1040 971 1206 1021 quidam
1242 971 1505 1016 evfflenciasn,
1540 972 1650 1020 quod
1683 970 1788 1007 idem

480 1038 537 1066 est
570 1029 820 1077 evangelium
855 1030 918 1066 hic
952 1038 989 1066 et
1013 1031 1118 1066 Luce
1152 1030 1250 1075 XIX,
1285 1029 1378 1065 licet
1410 1031 1530 1066 verba
1563 1029 1790 1077 aliqualiter

479 1087 741 1126 diversentur.
1810 1087 1845 1119 15

537 1145 810 1182 Crisostomus
844 1154 979 1182 autem
1013 1157 1133 1193 super
1165 1144 1242 1182 isto
1274 1153 1381 1181 textu
1414 1144 1469 1181 sic
1502 1144 1702 1192 loquitur:
1758 1144 1791 1180 O

479 1204 632 1239 malicia
670 1211 922 1252 peccatorum
958 1216 1027 1252 que
1059 1215 1177 1252 neque
1220 1204 1360 1239 timore
1379 1203 1518 1251 futuri
1547 1203 1678 1238 iudicii
1708 1214 1790 1238 mu-

479 1268 597 1299 tatur.
658 1262 735 1306 Qui
764 1262 860 1297 enim
900 1268 1101 1310 peccatum
1134 1274 1244 1297 suum
1278 1261 1455 1309 confiteri
1486 1261 1670 1297 debuerat
1701 1260 1791 1296 sinz-

474 1319 631 1369 pliciter
663 1328 702 1355 ut
735 1320 930 1355 dominum
963 1331 1071 1367 quenz
1107 1320 1207 1355 male
1238 1320 1391 1369 agendo
1424 1319 1664 1364 irritaverat,
1704 1318 1791 1354 sim-

474 1377 633 1427 pliciter
665 1378 879 1427 confitendo
914 1377 1071 1413 leniret:
1109 1385 1265 1413 econtra
1305 1389 1377 1412 non
1410 1377 1532 1413 solum
1574 1389 1646 1413 non
1679 1375 1792 1425 confi-
1809 1386 1850 1407 20

481 1443 595 1478 tetur,
639 1437 708 1471 sed
752 1436 878 1471 adhuc
910 1443 1083 1472 excusat.
1130 1435 1181 1470 Et
1215 1436 1303 1470 dum
1339 1435 1419 1470 vult
1452 1447 1565 1470 unum
1601 1445 1791 1470 excusare

476 1500 692 1542 peccatum,
722 1494 832 1529 addit
858 1493 934 1529 alia
966 1494 1061 1529 duo:
1085 1493 1258 1528 Primum
1295 1493 1380 1541 quia
1399 1493 1596 1541 peccavit:
1627 1492 1792 1528 secundo

482 1551 568 1599 quia
609 1559 781 1595 excusat,
826 1558 860 1587 et
893 1551 1052 1587 tercium
1098 1551 1184 1599 quia
1218 1558 1252 1586 et
1285 1551 1438 1586 domino
1472 1550 1650 1585 iniuriam
1673 1549 1792 1598 facit.

482 1610 698 1658 Propterea
730 1610 852 1645 sciens
880 1610 1073 1657 propheta
1107 1621 1219 1657 quain
1254 1608 1356 1644 mala
1389 1608 1439 1644 sit
1471 1608 1676 1644 excusacio
1704 1619 1794 1656 pec-

483 1675 656 1703 catorum
691 1667 803 1703 dicit:
848 1667 934 1703 Non
969 1667 1135 1703 declines
1168 1678 1236 1702 cor
1267 1678 1390 1702 meunz
1425 1666 1460 1701 in
1495 1667 1610 1702 verba
1645 1665 1795 1701 malicie
1811 1665 1850 1696 25

482 1726 534 1760 ad
564 1726 810 1761 excusandas
849 1725 1122 1760 excusaciones
1167 1725 1202 1759 in
1242 1724 1414 1773 peccatis
1452 1736 1535 1759 cum
1582 1723 1796 1759 hominibus

483 1783 728 1832 operantibus
773 1783 1021 1831 iniquitatem.
1073 1783 1147 1818 Dic
1179 1795 1291 1832 ergo,
1334 1793 1446 1817 serve
1478 1782 1661 1828 mendax,
1706 1793 1796 1830 quo-

483 1842 595 1877 modo
628 1841 745 1884 metit,
785 1841 848 1876 ubi
878 1852 950 1876 non
982 1840 1196 1876 seminarit.
1255 1839 1351 1884 Quis
1383 1839 1479 1875 enim
1513 1839 1708 1875 hominum
1743 1845 1797 1874 est

485 1900 544 1935 vel
574 1899 776 1949 gentilium
813 1899 872 1934 uel
901 1898 1113 1934 Judeorum
1154 1910 1264 1946 quem
1300 1910 1372 1933 non
1411 1896 1653 1946 sufficienter
1683 1896 1795 1945 spiri-

482 1957 648 1992 tualibus
679 1957 850 1992 sensibus
882 1956 1102 2000 adornavit,
1136 1956 1198 1992 cui
1228 1968 1300 1991 non
1335 1955 1439 1991 dedit
1471 1955 1675 1990 scienciam
1710 1954 1799 1990 boni
1813 1955 1854 1987 30

484 2022 518 2051 et
551 2015 655 2059 mali,
689 2015 751 2050 cui
782 2026 854 2049 non
879 2014 984 2050 dedit
1011 2026 1126 2063 posse
1149 2014 1302 2063 fugere
1334 2013 1477 2048 malum
1512 2020 1547 2048 et
1578 2013 1794 2062 apprehen-

485 2073 577 2108 dere
616 2072 785 2108 bonum?
829 2072 934 2107 Sicut
972 2073 1069 2107 enim
1110 2072 1238 2107 nullus
1270 2078 1324 2107 est
1356 2071 1469 2106 hoino
1503 2071 1564 2106 cui
1593 2071 1641 2106 sit
1673 2070 1798 2105 minus

484 2131 630 2178 aliquid
672 2130 850 2179 corporis
894 2130 1156 2166 membrorum
1202 2129 1254 2164 ad
1292 2141 1400 2164 usum
1434 2128 1699 2177 corporalem:
1744 2128 1797 2163 sic

486 2200 558 2223 non
593 2196 647 2224 est
680 2189 741 2224 cui
770 2187 819 2223 sit
851 2188 975 2224 minus
1014 2187 1161 2235 aliquid
1192 2199 1326 2223 sensus
1358 2193 1423 2221 aut
1452 2186 1627 2234 potencie
1658 2186 1709 2220 ad
1740 2185 1795 2220 in-

485 2246 743 2296 telligenciam
777 2245 865 2281 boni
894 2253 928 2281 et
960 2245 1055 2280 mali
1085 2253 1119 2280 et
1151 2246 1202 2280 ad
1235 2256 1345 2280 omne
1373 2241 1377 2295 Ι
1407 2256 1502 2292 opus
1533 2244 1669 2279 bonum
1692 2242 1797 2291 faci-
1835 2244 1915 2283 430⁰

486 2305 624 2339 endum
658 2304 907 2352 quodcunque
939 2303 1115 2339 voluerit.
1172 2303 1214 2337 Si
1244 2302 1367 2352 igitur
1399 2302 1517 2337 eciam
1551 2302 1589 2336 in
1619 2301 1796 2351 gentibus

556 2543 636 2570 5—6.
660 2542 698 2569 ss:
720 2542 904 2577 centuplum.
1013 2541 1040 2567 (3.
1072 2542 1115 2568 A:
1144 2540 1305 2576 euangelii
1329 2540 1423 2567 deest.
1520 2540 1615 2566 8-10.
1643 2540 1688 2566 A:
1717 2539 1800 2573 quod

486 2577 858 2610 fecerunt—ordinantes
879 2576 971 2603 deest.
1065 2575 1102 2602 11³.
1129 2577 1156 2602 Α
1184 2576 1212 2602 in
1235 2583 1348 2610 marg:
1377 2574 1542 2602 Jolmnnes.
1652 2576 1692 2600 10.
1714 2576 1742 2600 A
1768 2574 1797 2599 in

488 2621 602 2647 marg:
627 2612 842 2639 crisostomus.
936 2619 975 2645 ις).
1007 2610 1041 2636 nx
1070 2611 1160 2637 mala.
1257 2617 1302 2636 ρο,
1326 2609 1363 2636 B:
1385 2610 1499 2636 liniret.
1609 2608 1726 2643 27—28.
1755 2609 1797 2634 A:

487 2648 610 2682 quando
638 2647 731 2674 melil.
824 2646 867 2672 ’ζα
895 2647 938 2672 A:
973 2645 1110 2673 sensibus
1136 2646 1229 2671 deest*
1321 2643 1362 2671 32.
1392 2646 1435 2670 A:
1461 2644 1604 2670 similiter
1630 2643 1727 2673 sicut‚·
1756 2642 1797 2669 ib.

488 2686 530 2709 A:
548 2683 643 2709 cuius.
706 2680 819 2714 Qum,
843 2682 888 2707 A:
910 2681 1129 2716 intelligencie.
1205 2678 1250 2706 313.
1274 2680 1315 2706 A:
1338 2679 1432 2705 eciam
1454 2678 1547 2705 deest.

559 2791 586 2823 3.
617 2789 741 2820 psalm.
768 2789 823 2823 Xl,
852 2799 881 2828 7.
970 2788 1020 2819 33.
1050 2787 1175 2817 Psalm.
1205 2787 1305 2825 CXL,
1333 2796 1366 2826 4.
