1986 3289
218 215 308 244 CAP.
334 206 476 260 xxxv]
594 219 652 250 DE
680 219 995 251 ANTICHRISTO
1025 220 1108 252 Llss.
1135 219 1157 251 1.

217 335 273 363 est
305 326 346 363 in
378 326 454 363 isto
486 327 595 375 quod
627 326 775 363 habent
808 339 916 363 nunc
949 335 1230 375 argumentum
1266 327 1398 364 standi
1438 326 1530 364 viri-

214 384 304 420 liter
347 383 388 421 in
427 384 504 420 fide
543 384 690 421 Christi
729 393 767 421 et
804 384 1014 422 resistendi
1052 385 1243 423 versuciis
1281 385 1529 424 Antichristi.

671 530 810 573 CAP.
844 532 1061 573 XXXV.

273 626 463 676 Sequitur
501 626 541 663 in
579 635 686 663 textu
725 628 937 676 evangelii:
978 629 1072 664 Cum
1113 641 1211 679 ergo
1252 628 1428 665 videritis
1462 629 1527 664 ab-

181 685 515 721 5lzominacionem
547 686 812 732 desolacionis,
845 699 917 735 que
955 687 1057 723 dicta
1096 694 1152 723 est
1183 700 1205 722 a
1239 687 1403 723 Daniele
1428 699 1528 736 pro-

209 743 341 792 pheta,
375 751 537 779 stantem
570 744 606 779 in
640 744 723 780 loco
755 752 902 791 sancto,
936 745 1000 792 qui
1031 745 1126 795 legit
1158 745 1364 795 intelligat.

272 802 401 848 Super
453 814 532 850 quo
583 803 840 849 Jeronymus:
901 803 1066 846 Quando
1119 804 1172 838 ad
1224 803 1525 853 intelligenciam

211 870 488 906 provocamur,
529 859 720 895 misticum
759 867 1003 896 monstratur
1036 873 1117 896 esse
1149 861 1251 909 quod
1283 861 1425 897 dictum
1459 868 1525 897 est.

214 917 401 966 Legimus
444 925 571 953 autem
616 918 652 953 in
691 918 856 954 Daniele
902 918 973 954 hoc
1012 919 1147 955 modo:
1190 919 1243 954 Et
1288 919 1324 954 in
1366 919 1526 954 dimidio

161 974 467 1012 1ohebdomadis
503 976 709 1024 auferetur
750 976 984 1025 sacrificium
1030 989 1156 1012 meum
1196 984 1231 1013 et
1271 977 1454 1012 libamina
1493 984 1529 1012 et

213 1032 249 1067 in
290 1033 432 1081 templo
472 1034 759 1069 desolacionum
798 1034 1038 1070 abominacio
1079 1035 1153 1070 erit
1190 1047 1306 1084 usque
1344 1036 1396 1071 ad
1439 1047 1528 1071 con-

212 1091 514 1127 summacionem
565 1092 763 1140 temporis,
824 1099 859 1128 et
909 1093 1152 1128 consumacio
1204 1093 1361 1128 dabitur
1409 1105 1529 1142 super

212 1148 470 1185 solitudinem.
516 1150 577 1185 De
615 1150 686 1185 hoc
731 1157 766 1185 et
805 1150 1014 1199 Apostolus
1054 1150 1225 1199 quuitur
1268 1151 1370 1200 quod
1413 1151 1527 1186 homo

213 1206 422 1255 iniquitatis
453 1214 489 1243 et
519 1208 774 1244 adversarius
806 1209 1016 1244 elevandus
1046 1208 1095 1244 sit
1127 1216 1261 1244 contra
1295 1221 1406 1245 omne
1426 1209 1530 1258 quod

161 1266 198 1299 15
215 1264 357 1300 dicitur
388 1265 496 1301 Deus
528 1273 563 1301 et
594 1266 749 1312 colitur,
783 1266 834 1301 ita
869 1267 970 1315 quod
1001 1267 1143 1302 audeat
1173 1274 1280 1302 stare
1317 1267 1352 1302 in
1386 1267 1528 1315 templo

213 1322 289 1358 Dei
330 1330 365 1359 et
408 1324 608 1359 ostendere
650 1324 754 1372 quod
804 1324 884 1373 ipse
915 1324 964 1361 sit
1007 1325 1127 1371 Deus,
1184 1325 1289 1361 cuius
1339 1325 1530 1361 adventus

211 1381 419 1416 secundum
467 1382 734 1430 operacionem
780 1389 913 1418 satane
957 1383 1133 1418 destruat
1164 1395 1241 1429 eos,
1287 1390 1322 1419 et
1364 1383 1417 1418 ad
1453 1382 1531 1418 Dei

211 1438 458 1474 solitudinem
512 1440 667 1489 rediget
715 1440 781 1489 qui
828 1452 869 1476 se
919 1441 1171 1489 susceperint.
1227 1442 1357 1477 Potest
1400 1448 1527 1476 autem

212 1496 441 1545 simpliciter
483 1504 549 1533 aut
597 1498 643 1533 de
686 1498 924 1534 Antichristo
969 1499 1094 1547 accipi
1143 1506 1210 1534 aut
1261 1499 1308 1535 de
1359 1499 1530 1549 imagine

155 1555 357 1595 20cesaris
395 1566 508 1603 quam
550 1555 700 1591 Pilatus
738 1556 871 1605 posuit
910 1556 946 1591 in
985 1557 1128 1606 templo
1167 1564 1233 1592 aut
1278 1557 1325 1592 de
1361 1557 1531 1592 Adriani

90 1625 172 1662 417⁴³
208 1613 381 1661 equestri
409 1620 538 1649 statua
570 1625 641 1661 que
668 1610 672 1665 Ι
701 1614 737 1649 in
770 1614 852 1663 ipso
884 1622 1018 1650 sancto
1050 1622 1274 1651 sanctorum
1305 1615 1387 1651 loco
1411 1627 1529 1664 usque

212 1670 248 1706 in
287 1678 508 1719 presentem
552 1671 650 1707 diem
696 1673 810 1716 stetit,
855 1672 1095 1708 abominacio
1135 1685 1281 1722 quoque
1317 1673 1526 1709 secundum

212 1735 378 1765 veterem
410 1729 664 1778 scripturam,
710 1730 855 1766 idolum
898 1738 1165 1780 nuncupatur;
1202 1738 1237 1767 et
1275 1731 1420 1767 idcirco
1458 1732 1527 1766 ad-

214 1786 320 1821 ditur
352 1787 606 1823 desolacionis
637 1789 740 1836 quod
771 1788 806 1823 in
831 1789 1002 1825 desolato
1026 1788 1169 1838 templo
1192 1796 1305 1837 atque
1327 1790 1524 1825 destructo

155 1844 357 1891 25idolum
386 1845 553 1894 politum
585 1845 646 1883 sit.

276 1903 380 1938 Tunc
418 1903 483 1951 qui
519 1903 554 1938 in
585 1904 709 1939 Judea
747 1911 835 1940 sunt
857 1904 1024 1954 fugiant
1064 1905 1116 1940 ad
1147 1912 1296 1941 montes
1329 1912 1363 1941 et
1395 1905 1460 1953 qui
1489 1905 1525 1940 in

211 1967 321 2006 tecto,
356 1973 428 1996 non
462 1962 668 1997 descendat
699 1962 837 1998 tollere
873 1963 1019 2010 aliquid
1051 1963 1098 1998 de
1130 1963 1244 1999 domo
1281 1975 1363 2009 sua,
1398 1970 1433 1998 et
1464 1963 1529 2011 qui

211 2017 247 2052 in
280 2030 396 2068 agro,
430 2031 503 2055 non
537 2027 736 2055 revertant
767 2020 906 2056 tollere
928 2021 1094 2056 tunicam
1118 2033 1244 2057 suam.
1277 2021 1525 2057 Abominacio

212 2075 467 2113 desolacionis
514 2077 682 2127 intelligi
712 2085 842 2127 potest
880 2086 915 2114 et
954 2090 1065 2114 omne
1103 2079 1250 2129 dogma
1277 2091 1525 2128 perversum,

152 2134 310 2181 30quod
347 2146 431 2170 cum
471 2135 682 2171 viderimus
718 2143 826 2171 stare
863 2136 899 2171 in
945 2137 1028 2172 Ioco
1067 2144 1212 2183 sancto,
1260 2137 1331 2173 hoc
1376 2144 1444 2182 est,
1490 2137 1525 2172 in

209 2191 369 2227 ecclesia
403 2200 438 2227 et
468 2205 509 2228 se
540 2193 742 2229 ostendere
773 2194 914 2240 Deum,
949 2195 1129 2230 debemus
1150 2195 1303 2245 fugere
1336 2196 1382 2230 de
1402 2195 1526 2230 Judea

208 2249 260 2283 ad
298 2258 457 2297 montes,
502 2251 573 2286 lzoc
611 2258 677 2294 est,
718 2251 877 2287 dimissa
916 2252 1110 2287 occidente
1149 2253 1263 2288 litera
1297 2260 1332 2288 et
1363 2253 1525 2288 Judaica

204 2307 414 2354 pravitate,
466 2309 782 2357 appropinquare
834 2310 1025 2345 montibus
1076 2310 1230 2356 eternis,
1292 2311 1339 2346 de
1391 2311 1527 2359 quibus

210 2364 403 2400 illuminat
435 2366 668 2402 mirabiliter
700 2368 820 2413 Deus,
860 2375 895 2403 et
927 2380 1008 2404 esse
1040 2368 1074 2403 in
1108 2375 1204 2404 tecto
1236 2375 1272 2404 et
1304 2369 1339 2403 in
1373 2369 1527 2404 domate

153 2429 192 2462 35
208 2434 281 2471 quo
305 2435 376 2459 non
396 2424 544 2472 possint
567 2425 688 2473 ignita
714 2425 857 2460 diaboli
884 2425 1010 2461 iacula
1029 2426 1240 2474 pervenire
1272 2438 1338 2461 nec
1372 2426 1525 2462 descen-

211 2480 302 2516 dere
339 2488 375 2516 et
412 2482 549 2517 tollere
586 2482 732 2530 aliquid
770 2483 815 2518 de
860 2484 974 2519 domo
1014 2484 1325 2520 conversacionis
1360 2483 1527 2532 pristine

281 2668 301 2686 1.
322 2661 365 2687 A:
394 2669 473 2688 nunc
491 2662 637 2689 animum.
716 2670 741 2698 7.
764 2663 792 2689 A
812 2663 842 2689 in
864 2671 978 2698 marg:
999 2663 1192 2699 Jeronymux.
1280 2672 1322 2699 19.
1350 2663 1467 2690 Codd.:
1490 2664 1528 2690 de

210 2693 398 2722 Antichristo
417 2696 520 2731 accipi
536 2697 630 2724 deest.
724 2705 770 2731 24.
792 2697 830 2724 B:
852 2700 944 2733 atque
963 2697 1094 2725 deserm.
1198 2706 1242 2734 27.
1265 2700 1309 2725 A:
1331 2698 1524 2725 descendant.

279 2801 311 2830 4.
349 2791 469 2823 Matth.
500 2793 619 2833 XXIV,
662 2792 711 2824 15.
809 2803 839 2835 7.
867 2794 992 2825 Comm
1039 2795 1070 2824 in
1105 2794 1224 2826 Matth.
1263 2794 1283 2825 l.
1318 2805 1345 2825 c.
1378 2805 1409 2836 p.
1451 2805 1524 2837 ¹94·

213 2847 243 2878 9.
271 2837 356 2868 Dan.
386 2839 438 2877 IX,
467 2848 520 2880 27.
598 2840 646 2871 13.
677 2840 713 2870 ΙΙ.
740 2839 864 2871 Thess.
891 2841 929 2880 ΙΙ,
955 2851 988 2881 4.

1744 223 1817 260 127

1611 821 1748 849 Jerome:

1597 856 1693 883 What
1711 858 1761 883 the

1552 891 1764 918 abomination
1786 894 1819 918 ot

1549 926 1721 953 desolation
1745 934 1818 953 was.

1592 1913 1619 1940 It
1639 1922 1709 1949 may
1729 1914 1765 1941 be

1553 1949 1743 1976 understood
1767 1950 1803 1977 of

1606 1992 1748 2017 perverse

1602 2018 1752 2046 doctrine.
