1986 3289
218 206 307 233 CAP.
331 198 382 251 [a]
582 209 639 240 DE
667 208 980 241 ANTICHRisro
1010 210 1092 241 [ΑΒ.
1121 210 1143 240 1.

281 316 401 352 Orate
432 322 558 351 autem
605 323 644 351 ut
687 328 759 351 non
781 316 859 365 fiat
879 317 988 366 fuga
1034 324 1162 352 vestra
1196 317 1317 352 hieme
1350 318 1410 352 vel
1440 318 1525 353 sab-

217 373 316 409 bato.
381 373 424 408 Si
466 374 512 408 de
555 373 775 421 captivitate
810 374 1025 409 Jerusaienz
1072 374 1308 410 voluer-fmus
1339 374 1526 423 accipere,

217 431 368 479 quando
401 444 421 466 α
462 431 543 467 Tito
576 438 610 466 et
651 431 880 479 Vespasiano
922 439 1033 480 capta
1066 439 1133 477 est,
1167 444 1286 468 orare
1319 433 1454 468 debent
1485 445 1530 468 ne

217 489 326 539 fuga
359 501 490 524 eorum
515 489 636 524 hieme
668 489 728 524 vel
748 489 905 525 sabbato
917 489 1008 539 fiat,
1032 490 1118 538 quia
1151 490 1187 525 in
1220 490 1345 526 altero
1379 490 1526 526 duricia

184 547 396 597 §frigoris
422 547 604 595 prohibet
646 547 697 582 ad
727 547 953 584 solitudines
990 559 1164 598 pergere
1202 555 1237 583 et
1268 548 1304 583 in
1336 548 1528 584 montibus

216 604 451 652 desertisque
483 604 660 649 latitare;
712 604 748 640 in
780 605 905 640 altero
952 613 1079 640 autem
1121 606 1385 655 transgressio
1432 603 1528 656 legis

215 669 269 698 est
299 662 334 698 si
359 663 511 712 sugere
554 662 757 707 voluerint,
809 670 876 698 aut
920 675 1027 699 mors
1069 663 1268 699 imminens
1311 663 1345 699 si
1376 675 1527 699 reman-

215 719 346 757 serint.
405 720 452 755 Ut
478 727 586 768 patet
618 729 640 755 2
672 721 827 756 Macha.
869 721 927 756 VI.
972 720 1015 756 Si
1044 728 1171 757 autem
1205 721 1251 757 de
1283 733 1527 757 consumma-

215 777 320 813 cione
352 778 486 812 mundi
522 777 767 828 intelligitur,
811 778 882 814 lzoc
909 778 1078 827 precipit
1110 786 1150 814 ut
1181 791 1254 815 non
1288 779 1527 830 refrigescat

163 847 200 868 10
215 835 321 885 fides
343 842 474 871 nostra
507 843 543 871 et
567 835 603 873 in
626 835 781 872 Clzristo
804 836 950 872 caritas
982 849 1100 885 neque
1132 844 1171 872 ut
1194 837 1311 873 ociosi
1331 844 1525 885 tamquam

212 893 327 928 Judei
356 905 474 941 opera
498 900 722 942 torpeamus
745 894 931 929 virtutum
963 895 1135 934 sabbato.
1169 896 1253 930 Hec
1275 896 1525 942 Jeronymus.

273 950 446 995 Quidam
492 960 626 987 autem
671 950 922 999 postillantes
964 960 1113 988 textum
1160 952 1280 988 istum
1326 961 1526 1001 exponunt

214 1007 474 1056 spiritualiter
506 1009 580 1044 hoc
615 1010 735 1045 modo
768 1011 989 1045 secundum
1029 1010 1277 1046 sentenciam
1309 1009 1526 1058 Jeronymi,

214 1065 308 1114 quia
342 1067 428 1114 plus
462 1076 656 1103 consonat
700 1066 990 1104 universalitati
1026 1067 1321 1115 persecucionis
1355 1067 1527 1105 crudelis

162 1125 253 1160 15et
285 1124 490 1171 processui
523 1125 739 1173 prophecie
771 1125 918 1161 Christi
952 1138 998 1161 ac
1032 1125 1190 1162 eventui
1222 1126 1299 1162 iam
1337 1125 1526 1162 currenti.

215 1181 255 1218 Si
290 1181 392 1218 enim
430 1182 597 1230 quilibet
634 1182 876 1219 christianus
909 1183 1060 1230 positus
1093 1183 1211 1220 fuerit
1243 1184 1283 1220 in
1317 1184 1404 1232 ripa
1436 1196 1527 1232 pro-

214 1239 324 1275 fundi
357 1239 532 1276 fluminis
566 1249 603 1276 et
638 1242 802 1277 haberet
835 1241 988 1277 hostem
1013 1241 1158 1277 fortem
1192 1250 1313 1289 atque
1350 1242 1525 1278 ferocem

214 1297 282 1344 qui
315 1297 509 1334 niteretur
553 1298 684 1346 ipsum
731 1298 970 1346 immergere
1002 1299 1082 1335 sive
1122 1299 1305 1336 occidere
1338 1300 1527 1336 existente

213 1354 276 1391 via
307 1355 432 1402 labili,
466 1355 665 1392 diceretur
698 1356 925 1404 periculosa
957 1357 1203 1404 persecucio,
1238 1358 1365 1394 multo
1400 1357 1526 1405 magis

158 1413 355 1449 20solutis
401 1413 570 1450 diabolis
615 1427 705 1450 cum
740 1414 934 1450 ministris
979 1415 1059 1451 suis
1103 1415 1333 1451 iuvantibus
1367 1416 1524 1451 trahen-

214 1470 320 1507 tibus
352 1470 534 1508 homines
567 1473 617 1508 ad
650 1472 850 1508 infernum
886 1481 923 1508 et
956 1472 1220 1520 spiritualiter
1251 1473 1526 1510 occidentibus

213 1537 256 1564 ut
288 1529 470 1565 homines
492 1529 532 1566 in
565 1529 720 1566 inferno
743 1532 1004 1578 postmodum
1028 1532 1330 1579 demergantur:
1373 1532 1435 1575 Ve,
1469 1531 1526 1567 in-

214 1599 350 1634 quam,
377 1588 662 1638 pregnantibus
694 1595 729 1624 et
761 1589 1013 1624 nutrientibus
1047 1588 1276 1625 huiusmodi
1309 1589 1524 1626 abortivos.

214 1646 263 1680 Et
295 1657 384 1681 cum
433 1654 517 1682 tota
560 1658 680 1682 causa
712 1646 829 1682 huius
869 1646 1164 1694 persecucionis
1197 1647 1246 1683 sit
1291 1659 1334 1683 ex
1367 1646 1526 1695 refrige-

158 1703 197 1736 25
214 1702 369 1738 scencia
403 1703 580 1739 caritatis
625 1713 661 1739 et
694 1713 857 1752 torpore
890 1704 1050 1740 iudaico
1083 1713 1247 1752 propter
1280 1705 1526 1741 ceremonias

214 1773 412 1796 novorum
445 1761 633 1797 ordinum
667 1761 930 1809 introductas,
969 1762 1172 1810 signanter
1216 1762 1312 1799 dicit
1345 1762 1525 1799 Christus

214 1820 322 1866 quod
361 1831 516 1855 oremus
554 1832 599 1855 ne
630 1819 710 1869 fiat
742 1820 848 1856 nohis
880 1821 991 1870 fuga
1025 1821 1060 1855 in
1094 1821 1215 1857 hieme
1259 1822 1319 1856 vel
1348 1821 1526 1865 sabbato;

214 1884 250 1911 et
283 1877 332 1912 ad
365 1877 441 1912 hoc
471 1876 684 1913 adducitur
716 1877 898 1914 doctrina
922 1877 1071 1914 Christi
1095 1880 1201 1915 Luce
1233 1880 1330 1923 XIV,
1365 1880 1525 1926 quando

215 1933 311 1969 dicit
342 1934 377 1969 si
405 1935 488 1983 quis
521 1935 623 1971 venit
653 1936 706 1970 ad
737 1948 796 1971 me
828 1944 915 1981 etc„
950 1935 1017 1971 ubi
1050 1945 1164 1972 notat
1195 1936 1405 1984 postillans
1438 1949 1527 1984 pre-

158 1995 199 2027 30
215 1991 343 2028 dictus
377 1992 680 2040 proposiciones
713 2002 887 2041 quatuor
919 2006 1017 2041 quas
1056 2007 1127 2041 per
1159 1994 1341 2030 ordinem
1376 1993 1417 2030 in
1450 1994 1525 2030 isto

215 2050 421 2097 evangelio
455 2050 636 2087 Christus
670 2050 783 2087 dicit:
818 2051 952 2087 Primo
986 2051 1150 2099 quidem
1184 2052 1379 2088 rectificat
1412 2051 1525 2088 Chri-

215 2116 296 2143 stus
340 2120 569 2156 supremam
620 2109 849 2156 potenciam
885 2109 1030 2156 anime‚
1083 2109 1235 2146 scilicet
1279 2110 1524 2146 voluntatem

216 2165 389 2202 hominis
413 2166 452 2201 in
475 2168 665 2212 amando,
700 2168 902 2215 tangendo
925 2176 1076 2214 septem
1113 2176 1149 2203 et
1182 2180 1253 2215 per
1277 2179 1525 2215 consequens

215 2223 353 2259 omnia
385 2236 461 2272 que
503 2225 620 2260 debet
653 2225 774 2260 homo
813 2234 1055 2272 postponere
1087 2225 1127 2261 in
1160 2237 1317 2261 amore:
1359 2226 1401 2260 Si
1431 2226 1525 2273 quis,

158 2280 357 2328 35inquit‚
392 2281 490 2317 venit
521 2283 572 2317 ad
605 2294 664 2318 me
686 2290 720 2318 et
751 2295 823 2318 non
856 2283 936 2318 odit
962 2290 1118 2331 patrem
1150 2295 1260 2319 suum
1294 2290 1330 2318 et
1362 2290 1525 2321 matrem

214 2345 249 2373 et
281 2350 444 2374 uxorem
478 2347 513 2375 et
544 2339 642 2380 filios
674 2347 709 2375 et
731 2340 890 2387 fratres
921 2347 956 2376 et
986 2353 1144 2376 sorores
1175 2341 1301 2376 adhuc
1333 2348 1458 2376 autem
1492 2347 1527 2375 et

215 2396 382 2431 animam
415 2409 538 2446 suam,
572 2410 644 2433 non
673 2405 800 2446 potest
823 2410 929 2433 meus
960 2410 1041 2434 esse
1067 2398 1289 2447 discipulus.
1323 2398 1400 2434 Ubi
1433 2411 1524 2445 sup-

215 2455 446 2500 ponendum
499 2463 556 2490 est
607 2454 738 2502 primo
784 2457 891 2503 quod
925 2455 1106 2492 Christus
1150 2455 1329 2504 loquitur
1368 2456 1415 2492 de
1447 2455 1525 2491 illis

215 2511 452 2558 generaliter
496 2512 563 2560 qui
611 2514 660 2548 ad
693 2512 877 2549 ordinem
922 2526 1035 2549 suum
1077 2513 1255 2559 veniunt,
1319 2513 1411 2549 licet
1445 2525 1526 2548 non

284 2704 325 2724 10.
346 2698 391 2724 A:
413 2695 576 2724 Christum.
665 2696 702 2724 13.
724 2697 843 2725 Codeta
864 2698 923 2725 lzoc
942 2697 1031 2725 modo
1052 2698 1186 2725 secundo
1206 2697 1373 2731 Jeronymi.
1396 2698 1527 2725 Senten-

214 2731 293 2758 ciam
313 2731 428 2758 addidi.
502 2732 540 2759 31.
561 2734 590 2760 A
610 2732 639 2759 in
662 2740 775 2767 marg:
798 2732 989 2768 Proposicio.
1069 2732 1111 2760 33.
1134 2734 1175 2760 A:
1199 2741 1387 2768 consequeus
1407 2735 1524 2759 cerata.

285 2824 337 2856 27.
364 2815 482 2846 Matth.
508 2816 627 2855 XXIV,
658 2826 709 2847 20.
785 2817 827 2855 34
866 2816 981 2848 Lucae
1007 2817 1095 2856 XIV,
1124 2815 1176 2848 26.

1740 204 1810 239 183

1569 1364 1637 1392 The
1658 1366 1736 1393 devil
1757 1367 1782 1393 is

1558 1401 1671 1436 always
1692 1401 1795 1437 trying

1541 1438 1571 1461 to
1593 1435 1758 1497 dralgelrpelt
1778 1441 1808 1463 to

1554 1654 1596 1681 ‘In
1618 1655 1667 1682 the
1687 1656 1806 1683 winter*

1570 1689 1596 1728 is
1616 1690 1789 1724 significant

1560 1732 1643 1751 sxnce
1664 1731 1790 1760 present

1571 1762 1782 1793 persecutions

1574 1795 1682 1830 spring
1700 1797 1781 1824 from

1581 1831 1724 1858 coldness
1745 1832 1780 1859 of

1641 1866 1718 1893 Iove.

1637 2062 1721 2090 Four

1550 2098 1763 2132 propositions
1785 2100 1816 2126 ot

1621 2133 1744 2159 Christ:

1542 2174 1561 2193 1.
1584 2166 1734 2228 direct-ilng
1765 2167 1815 2194 the

1645 2210 1682 2228 ΧΥ]
1713 2224 1717 2228 .
