1986 3289
201 229 289 257 CAP.
311 219 465 273 Lxxlv]
578 231 636 262 DE
663 230 976 262 ANricnRisTo
1005 230 1087 261 ΜΒ.
1115 230 1137 260 1.

200 339 403 382 Quantum
450 338 499 372 ad
537 336 653 372 istam
688 336 963 372 difficultatem
998 345 1035 372 et
1068 335 1229 381 similes,
1264 348 1344 371 non
1377 336 1505 372 audeo

199 407 319 442 supra
363 406 493 430 meam
526 393 715 430 noticiam
762 393 953 439 diffinire3
999 394 1088 429 ideo
1121 406 1212 429 cum
1246 392 1373 429 sancti
1406 406 1505 441 quos

199 461 310 488 tanta
343 451 553 487 illustravit
597 451 745 487 noticia
778 451 817 487 in
852 450 1019 488 materia
1051 450 1124 487 ista
1163 459 1383 497 tacuerant,
1438 464 1506 487 cur

199 522 279 545 non
313 509 409 557 ego?
455 511 511 544 De
556 521 668 545 mora
701 517 834 545 autem
868 508 981 544 istius
1013 508 1152 545 iudicii
1187 517 1223 544 et
1257 510 1304 544 de
1336 521 1505 545 numero

167 566 379 615 §parcium
414 566 561 603 Christi
595 575 631 603 et
654 566 889 602 Antichristi
921 579 994 602 nos
1027 566 1172 603 inscios
1197 578 1280 602 esse
1313 566 1506 602 sollicitos

200 633 256 660 est
300 624 430 670 inane,
483 637 607 660 unum
646 633 782 660 tamen
835 623 1097 671 probabiliter
1145 624 1346 660 credimus
1399 625 1507 672 quod

200 681 379 718 Christus
411 681 559 729 ubique
592 693 753 729 presens
788 681 961 718 movebit
994 681 1265 718 consciencias
1298 681 1507 730 utriusque

200 739 391 775 exercitus
415 748 452 774 et
482 739 537 775 sic
570 751 709 775 omnes
744 739 906 775 mentali
931 739 1140 776 locucione
1172 740 1388 787 loquentur
1420 752 1505 787 pre-

198 797 344 833 dictam
379 796 637 835 sentenciam.
672 797 882 832 Probabile
906 796 1034 833 eciam
1066 797 1224 833 videtur
1246 799 1353 845 quod
1379 797 1507 833 maior

146 871 182 891 10
199 854 272 890 erit
334 853 526 890 exercitus
578 854 811 890 Antichristi
870 867 990 902 quarn
1044 854 1117 890 erit
1171 856 1218 890 de
1278 854 1506 891 hominibus

198 912 390 948 exercitus
421 913 511 948 Jesu
544 912 681 948 nostri.
717 914 942 960 Utrumque
965 920 1097 948 autem
1133 921 1213 949 tam
1248 925 1351 960 pena
1384 926 1504 960 quam

198 969 386 1017 gaudium
423 969 495 1006 erit
528 978 705 1006 eteinam
740 982 761 1005 a
795 979 907 1017 parte
940 978 1029 1017 post
1063 979 1099 1006 et
1131 969 1187 1006 sic
1220 970 1382 1033 proprie
1414 983 1502 1018 per-

197 1036 362 1075 petuum
396 1026 480 1063 sine
513 1027 604 1065 fine.
646 1028 722 1063 Sed
756 1027 857 1063 sicut
890 1027 1073 1064 Christus
1114 1027 1276 1064 racione
1308 1028 1505 1065 immense

198 1084 355 1121 deitatis
407 1097 475 1121 sue
521 1094 577 1121 est
630 1085 776 1148 ubique
828 1084 867 1121 in
906 1085 1116 1122 celestibus
1157 1094 1193 1121 et
1226 1085 1395 1132 inferno,
1448 1085 1503 1122 sic

145 1158 180 1179 ιο
197 1151 354 1190 oportet
398 1142 530 1190 ipsum
579 1142 739 1179 racione
791 1142 1073 1180 immensitatis
1118 1155 1187 1180 sue
1221 1143 1353 1191 gracie
1387 1156 1503 1192 agere

197 1200 508 1237 misericorditer
552 1213 642 1237 cum
676 1201 916 1248 dampnatis,
970 1200 1025 1237 sic
1077 1203 1185 1249 quod
1229 1201 1303 1249 ipsi
1343 1201 1503 1238 racione

197 1270 279 1294 esse
325 1257 495 1306 graciosi
540 1260 646 1307 quod
679 1259 825 1294 habent
858 1271 879 1295 a
912 1258 1086 1295 Domino
1126 1271 1208 1295 non
1240 1268 1430 1308 appetent
1462 1272 1503 1296 se

193 1328 275 1351 non
307 1328 402 1352 esse.

266 1477 373 1510 14—15.
393 1479 440 1505 A:
462 1477 516 1505 sed
533 1481 663 1518 oportet
738 1487 775 1513 17.
797 1479 841 1506 A:
864 1482 1011 1514 appetent
1031 1479 1128 1506 twice.
1221 1480 1260 1507 18.
1281 1480 1351 1507 AB:
1372 1480 1506 1515 Explicit

196 1511 273 1539 liber
292 1513 406 1539 tercius
426 1512 463 1540 de
481 1513 680 1540 Antzchristo.

1712 220 1790 269 283

1545 1045 1626 1072 Even
1647 1046 1695 1072 for
1716 1044 1764 1071 the

1548 1080 1680 1106 damned
1701 1079 1724 1106 it
1743 1080 1768 1106 is

1536 1114 1631 1141 better
1650 1118 1681 1141 to
1701 1114 1778 1141 exist

1576 1149 1649 1176 than
1672 1153 1733 1176 not.
