1986 3289
174 242 264 271 CAP.
290 235 360 289 lx]
569 247 625 278 DE
653 246 966 277 ANTICHRISTO
994 246 1078 277 Llss.
1105 246 1127 276 1.
1726 238 1767 274 31

174 360 276 389 certe
332 353 560 389 claudebant
615 353 768 388 ianuam
826 353 1009 397 veritatis,
1072 353 1223 401 quando
1275 361 1487 402 posuerunt

175 412 383 457 decretum,
422 418 462 446 ut
492 411 526 447 si
557 411 637 459 quis
671 411 814 446 diceret
845 423 928 446 eum
950 411 1081 460 filium
1115 411 1343 460 Dei5fieret
1374 419 1488 447 extra

173 481 440 519 synagogam.
490 469 552 504 Sic
597 476 631 504 et
677 469 791 504 modo
839 469 999 504 heretici
1039 469 1263 505 sacerdotes
1307 469 1490 505 claudunt

175 527 328 562 ianuam
363 527 547 563 veritatis.
583 527 715 562 Sciunt
748 526 845 562 enim
871 527 1048 575 quoniam
1077 527 1111 562 si
1132 526 1338 575 manifesta
1360 527 1490 576 suerit

143 585 331 629 5veritas,
365 597 496 621 eorum
530 584 687 620 ecclesia
717 596 789 619 non
823 591 877 620 est
900 592 934 621 et
967 585 1041 634 ipsi
1072 585 1117 620 de
1137 585 1377 621 sacerdotali
1401 585 1488 635 dig-

175 643 293 678 nitate
335 643 386 678 ad
430 642 681 678 humilitatem
732 642 880 678 venient
922 643 1168 692 popularem.
1214 643 1304 679 Ideo
1337 643 1489 691 quando

175 701 309 751 legunt
352 701 388 736 in
419 701 561 750 populo
592 712 660 736 suo
693 701 770 736 tale
802 700 969 749 aliquid:
1018 701 1094 745 Qui
1131 713 1193 737 me
1230 701 1332 737 misit
1364 701 1491 737 maior

175 771 235 794 me
267 766 334 802 est,
362 770 553 808 perversa
586 758 907 807 interpretacione
938 759 1123 794 claudunt
1152 759 1365 795 clausulam
1390 759 1489 796 veri-

175 816 276 859 tatis,
310 817 476 853 dicentes
506 816 714 853 secundum
749 816 1076 865 dispensacionem
1111 817 1241 853 carnis
1272 824 1308 853 et
1330 830 1397 853 nec
1420 817 1492 866 ipsi

121 874 321 910 1ointrant
353 874 553 911 veritatem
587 874 875 923 scripturarum
910 882 1079 924 propter
1110 875 1336 913 avariciam.
1387 875 1493 918 Quid

174 932 316 982 igitur,-
347 933 543 982 Ignorans
569 932 739 982 populus
771 932 1004 968 excusabilis
1043 933 1146 968 erit?
1177 933 1295 971 Absit.
1330 933 1373 969 Si
1393 933 1490 969 enim
1519 952 1572 980 Yet
1592 952 1642 979 the
1664 951 1773 986 people

174 990 397 1026 vestimenta
430 997 629 1039 empturus
661 990 774 1040 giras
802 1003 917 1026 unum
941 990 1228 1041 negociatorem
1259 999 1293 1027 et
1324 992 1490 1027 alterum
1541 995 1592 1014 are
1604 986 1746 1048 fssgssnfsee

175 1055 209 1084 et
253 1048 317 1084 ubi
359 1048 538 1084 meliores
586 1055 709 1084 vestes
752 1048 943 1084 inveneris
987 1056 1022 1084 et
1063 1049 1197 1097 precio
1246 1049 1377 1085 viliori
1413 1049 1491 1084 illic
1520 1055 1763 1091 responsibility.

175 1118 394 1155 comparas,
428 1113 463 1142 et
495 1118 566 1142 non
600 1113 750 1155 oportet
782 1106 905 1155 ipsum
939 1106 1105 1142 circuire
1137 1119 1267 1143 omnes
1300 1108 1489 1154 doctores,

123 1166 210 1200 15et
257 1164 453 1212 inquirere
495 1164 559 1200 ubi
588 1164 740 1200 sincera
774 1165 919 1200 veritas
952 1165 1209 1200 venumdatur
1247 1173 1282 1201 et
1314 1165 1377 1201 ubi
1407 1178 1491 1201 cor·

176 1222 322 1271 rupta?
367 1222 504 1258 Nonne
550 1230 589 1257 ut
633 1229 807 1258 nostrum
860 1222 1121 1271 confessiones
1172 1235 1408 1274 cognoscere
1458 1230 1493 1259 et

177 1279 366 1316 veriorem
413 1280 559 1330 eligere
598 1281 689 1329 plus
741 1291 853 1328 quam
889 1280 1186 1316 vestimentum?
1237 1281 1344 1317 Dicit
1395 1281 1492 1317 enim

175 1337 405 1386 Apostolus:
454 1338 592 1374 Omnia
631 1338 820 1387 probate;
857 1339 960 1386 quod
991 1339 1129 1374 bonum
1163 1346 1218 1375 est
1250 1346 1383 1375 tenete.
1417 1339 1493 1374 Aut

175 1395 210 1431 si
235 1403 403 1444 propter
434 1396 636 1432 utilitatem
670 1396 837 1444 aliquam
873 1396 933 1432 vel
960 1396 1224 1432 necessitatem
1258 1397 1491 1433 mundialem

120 1453 371 1503 20proficisci
402 1454 570 1490 volueris
602 1454 654 1489 ad
685 1454 849 1508 aliquem
883 1454 1021 1498 locum,
1054 1454 1161 1490 cuius
1194 1455 1293 1490 viam
1318 1455 1492 1505 ignoras,

176 1511 358 1560 numquid
396 1519 563 1560 propter
595 1512 863 1562 ignoranciam
904 1512 962 1548 vie
994 1512 1157 1548 discedis
1189 1525 1210 1548 a
1244 1513 1494 1562 profeccione

172 1569 407 1618 proposita?
450 1570 551 1615 Non,
594 1570 663 1605 sed
694 1570 911 1619 experieris
956 1583 1054 1606 nunc
1086 1570 1200 1606 istam
1234 1571 1349 1616 viam,
1396 1583 1494 1607 nunc

177 1627 299 1673 illam,
333 1635 368 1663 et
400 1639 493 1676 quos
526 1628 747 1677 interroges
777 1628 919 1677 queris,
962 1635 997 1664 et
1029 1640 1113 1664 cum
1147 1629 1338 1665 inveneris
1372 1641 1495 1679 rogas

178 1692 212 1721 et
241 1685 448 1734 promittis.
488 1685 540 1721 Et
571 1686 605 1721 si
636 1686 729 1722 velis
760 1686 1048 1735 scripturarum
1088 1687 1246 1737 ingredi
1278 1687 1493 1732 veritatem,

121 1747 249 1779 25non
277 1750 432 1792 peteres
469 1743 723 1790 oracionibus,
768 1756 840 1779 non
873 1756 1055 1792 quereres
1092 1744 1128 1780 in
1160 1745 1379 1794 scripturis,
1423 1758 1495 1781 non

172 1801 354 1849 pulsares
371 1801 406 1837 in
423 1801 529 1838 bonis
544 1801 736 1850 operibus,
759 1815 831 1838 non
851 1802 1122 1852 interrogares
1136 1803 1373 1852 sacerdotes,
1398 1815 1496 1839 nunc

177 1858 264 1895 illos
308 1871 405 1895 nunc
437 1860 543 1906 istos,
590 1860 654 1908 qui
684 1860 768 1896 veri
796 1868 885 1896 sunt
915 1860 1159 1897 clavicularii
1194 1861 1496 1910 scripturarum,

178 1917 242 1965 qui
262 1917 395 1965 falsi?
440 1918 516 1953 Sed
553 1917 685 1966 prima
730 1918 801 1954 ista
847 1930 918 1954 non
947 1918 1065 1968 fiunt,
1111 1919 1198 1967 quia
1231 1919 1389 1955 verbum
1423 1919 1500 1955 Dei

179 1987 251 2010 non
292 1975 479 2021 creditur,
514 1975 600 2024 quia
633 1988 699 2011 nec
726 1976 939 2025 promissio
973 1977 1217 2013 beatitudinis
1250 1977 1498 2013 desideratur

123 2036 165 2068 30
180 2045 245 2068 nec
283 2033 462 2069 iudicium
503 2034 815 2070 comminacionis
853 2034 930 2070 eius
969 2035 1135 2071 timetur.
1176 2036 1259 2071 Hec
1299 2034 1496 2071 Crisosto-

181 2103 281 2128 mus.

704 2215 843 2257 CAP.
877 2216 965 2257 IX.

238 2311 405 2347 Videtur
451 2312 545 2348 istos
594 2320 755 2348 sanctos
789 2312 907 2348 fidem
953 2313 1150 2360 scripture
1189 2314 1307 2361 plane
1341 2313 1496 2360 elicere,
1582 2321 1713 2349 Christ's

182 2369 273 2405 ideo
312 2369 404 2415 illis,
450 2369 616 2405 dimisso
656 2382 773 2418 papa,
822 2372 970 2406 debent
1023 2371 1159 2407 fideles
1210 2373 1371 2408 credere
1417 2356 1788 2425 ηοῃὲξξὲζῗξὲᾶξίἕὲξῑίξῑ

125 2442 164 2476 35
182 2435 347 2475 propter
392 2440 432 2463 se
464 2428 525 2463 vel
560 2436 722 2475 propter
767 2437 915 2464 statum
956 2437 1024 2465 aut
1057 2428 1293 2477 dignitatem
1328 2431 1497 2466 munda·
1530 2424 1768 2487 lsslgtfflgleffinodf

182 2497 277 2521 nam
311 2498 431 2533 quam
467 2494 683 2533 occupant,
718 2487 786 2522 sed
819 2486 912 2534 quia
937 2486 1107 2524 fideliter
1129 2496 1309 2524 reserant
1330 2489 1496 2525 verbum
1572 2503 1639 2522 new
1660 2495 1728 2522 law.

252 2673 272 2692 1.
294 2665 332 2692 B:
352 2669 592 2700 proposuerunt.
682 2673 708 2700 7.
731 2666 770 2693 13:
792 2667 821 2693 in
843 2666 939 2694 deest.
1036 2667 1063 2694 8.
1084 2668 1134 2695 A:
1156 2668 1302 2695 clausam.
1395 2676 1428 2695 11.
1449 2669 1496 2695 A:

183 2700 419 2733 inexczcsabi'li8‚·
440 2700 477 2727 B:
499 2700 641 2728 correxit.
706 2710 746 2734 14.
769 2702 812 2728 A:
834 2702 932 2736 ipsum
952 2709 1089 2729 currere.
1164 2703 1206 2737 16,
1229 2711 1269 2736 17.
1290 2704 1334 2731 A:
1356 2706 1384 2730 et
1398 2710 1499 2730 mores

183 2736 229 2762 26.
250 2736 295 2762 A:
316 2735 347 2762 in
367 2735 467 2769 deest3
488 2735 529 2762 ib.
552 2736 590 2763 B:
613 2736 806 2772 interrogas.
909 2735 955 2763 28.
977 2738 1023 2763 A:
1042 2737 1145 2771 prima
1170 2738 1264 2765 deest.
1354 2736 1397 2766 33.
1418 2739 1447 2765 A
1466 2737 1497 2765 in

185 2777 282 2804 marg.
294 2779 299 2796 ε
320 2770 443 2797 ‹Jolzann
449 2778 488 2797 es.

258 2863 308 2895 18.
336 2865 358 2895 1.
384 2864 510 2897 Thess.
536 2866 577 2906 V,
607 2876 659 2897 21.
