1986 3289
168 199 211 223 10
758 194 876 225 OPUS
902 194 1236 225 EVANGELICUM
1265 194 1346 225 1113.
1369 194 1421 224 Ill.
1577 182 1682 235 [CAP.
1702 190 1753 218 III.

168 311 235 338 The
255 309 423 344 prevailing
506 300 675 336 Videtur
722 301 842 336 istum
889 310 1071 336 sanctum
1121 300 1286 337 innuere
1332 302 1441 348 quod
1483 312 1601 347 grave
1635 308 1691 335 est
1724 309 1760 335 et

206 344 381 406 ἒέξξξξζῑξῑξ
449 358 695 394 infundabile
747 360 1022 406 presbyterum
1091 358 1229 395 audire
1294 357 1563 394 confessiones
1622 357 1761 405 populi

237 421 355 447 wrong.
451 417 571 452 modo
596 429 675 463 quo
699 415 830 452 Latini
855 425 1034 464 utuntur,
1071 424 1107 451 et
1130 417 1344 464 allegatum
1371 425 1427 452 est
1450 415 1553 451 libro
1586 416 1762 451 secundo

449 473 686 510 Crisostomi
720 473 946 510 necessario
981 474 1123 510 debere
1156 473 1301 510 dicere.
1347 476 1395 509 Et
1434 482 1565 521 potest
1606 474 1656 509 ad
1689 474 1763 509 hoc

450 531 534 567 fieri
580 531 785 567 evidencia
830 533 1027 579 quosdam
1069 544 1250 568 movens:
1301 532 1441 567 Nullus
1486 530 1601 566 iudex
1648 532 1797 566 debet5

449 590 551 625 ferre
593 589 841 625 sentenciam
886 588 959 625 nisi
1006 588 1135 636 ipsam
1183 589 1414 637 cognoverit
1458 588 1618 625 veritati
1671 588 1764 636 quia

450 646 580 683 divine
612 646 815 683 sentencie
848 648 1115 693 concordare3
1149 649 1218 684 sed
1250 647 1381 683 nullus
1415 647 1621 694 presbyter
1655 645 1766 682 audi-

450 717 519 740 ens
553 704 822 740 confessiones
868 714 904 740 et
938 718 1010 752 pro
1043 705 1218 753 peccatis
1250 704 1462 752 iniungens
1495 703 1764 752 penitenciam

451 764 525 798 hoc
560 762 779 810 cognoscit,
815 775 908 810 ergo
943 775 1033 799 cum
1068 764 1143 799 hoc
1167 776 1248 799 non
1272 763 1321 798 sit
1344 762 1552 798 fundabile
1576 774 1619 797 ex
1642 761 1765 808 scrip-

451 830 540 856 tura
572 821 631 856 vel
656 820 831 866 racione,
855 820 1011 856 videtur
1043 822 1151 868 quod
1174 821 1305 856 nullus
1335 821 1541 868 presbyter
1564 819 1766 855 audiendo
1788 831 1824 851 10

453 877 721 914 confessiones
754 878 964 914 hominum
1000 880 1116 914 debet
1148 877 1417 926 penitenciam
1451 877 1506 913 sic
1540 886 1688 913 taxare.

162 932 431 1006 ffiggisskgdpgsggsst
511 938 715 981 Quantum
763 938 811 972 ad
853 936 1134 972 fundacionem
1171 936 1287 972 huius
1319 935 1472 984 private
1506 933 1767 971 confessionis

180 1003 215 1029 01·
231 1001 413 1037 appomting
453 994 630 1030 declarat
651 995 853 1030 Johannes
888 995 935 1030 de
969 996 1052 1030 Deo
1085 994 1180 1030 satis
1214 994 1318 1030 clare
1351 995 1459 1041 quod
1493 1005 1536 1029 ex
1560 992 1768 1040 Scriptura

226 1044 370 1071 penance.
453 1064 564 1088 sacra
598 1064 679 1088 non
709 1052 828 1088 habet
851 1051 1061 1100 originem.
1096 1054 1143 1088 Et
1165 1051 1322 1089 videtur
1345 1050 1589 1087 contrarium
1615 1049 1767 1087 racioni

454 1111 562 1158 quod
610 1111 716 1146 Deus
760 1110 1023 1146 necessitetur
1068 1112 1162 1146 dare
1206 1117 1447 1158 potestatem
1497 1121 1568 1145 suo
1601 1107 1824 1144 inimic015

454 1167 563 1216 gravi
597 1176 634 1204 et
666 1167 793 1204 inscio
826 1168 1025 1204 tractandi
1058 1181 1174 1204 suum
1199 1168 1374 1204 amicum
1394 1168 1616 1203 secundum
1640 1167 1766 1214 legem

452 1225 691 1262 Antichristi
724 1225 927 1262 contrarie
958 1226 1036 1274 legi
1071 1225 1155 1262 Dei.
1202 1228 1303 1262 Nam
1338 1227 1543 1261 Romanus
1591 1223 1769 1272 pontifex

454 1293 512 1320 est
556 1296 648 1332 sepe
681 1286 765 1320 Deo
811 1283 1034 1320 contrarius
1080 1293 1116 1320 et
1162 1283 1359 1320 maximus
1390 1282 1684 1327 Antichristus;
1731 1290 1768 1317 et

455 1342 561 1378 idem
608 1341 803 1390 contingit
834 1343 1053 1378 secundum
1094 1342 1181 1389 plus
1213 1342 1273 1379 vel
1306 1341 1438 1377 minus
1472 1341 1520 1377 de
1553 1339 1640 1376 aliis
1675 1351 1768 1376 con-

453 1399 669 1436 fessoribus
702 1400 940 1436 habentibus
979 1409 1198 1448 potestates
1242 1412 1334 1436 suas
1367 1411 1389 1436 a
1423 1401 1605 1435 Romano
1638 1396 1768 1446 ponti·
1786 1408 1827 1429 20

455 1458 528 1494 fiee
561 1457 818 1506 singulariter
852 1457 1064 1494 derivatas.

178 1521 379 1557 Uncertain'ty
401 1530 433 1560 as
513 1515 788 1552 Confirmatur
819 1515 950 1564 primo
983 1528 1054 1564 per
1087 1516 1162 1551 hoc
1195 1516 1302 1564 quod
1337 1514 1540 1550 confessor
1563 1513 1654 1549 talis
1677 1525 1769 1560 sepe

185 1564 215 1585 1⁰
231 1560 415 1627 ΞΕᾞῙΞῘᾸᾏῙΞΟΫ
456 1582 584 1610 mutat
614 1573 880 1622 penitenciam
911 1573 971 1610 sui
1005 1573 1186 1619 confessi,
1218 1573 1279 1609 vel
1311 1573 1480 1608 laxando
1505 1579 1669 1619 propter
1701 1583 1769 1618 pe-

455 1631 615 1668 cuniam
649 1633 710 1668 vel
742 1633 945 1679 gravando
970 1640 1134 1680 propter
1166 1629 1397 1677 avariciam,
1420 1629 1459 1665 in
1483 1638 1638 1665 tantum
1662 1630 1769 1677 quod

454 1689 553 1725 nulli
586 1691 665 1726 duo
699 1690 945 1727 confessores
968 1698 1132 1737 propter
1165 1688 1317 1725 crimen
1351 1686 1559 1724 consimile
1592 1686 1633 1722 in
1666 1699 1770 1735 pena
1786 1687 1825 1718 25

455 1747 635 1784 iniuncta
658 1748 913 1785 conveniunt.
939 1748 1107 1795 Oportet
1131 1759 1223 1794 ergo
1247 1747 1356 1795 quod
1378 1745 1582 1782 varientur
1604 1744 1644 1780 in
1667 1757 1769 1792 pena

456 1818 577 1853 quam
612 1808 718 1842 Deus
751 1807 965 1854 approbat.

175 1859 248 1921 {0¹2ss
268 1859 434 1920 ξζῗῖζξῇξῷ
514 1863 721 1910 Similiter,
767 1877 858 1900 cum
908 1864 1111 1900 confessor
1154 1862 1244 1899 talis
1284 1861 1442 1910 ignorat
1477 1859 1766 1897 contricionem

211 1929 373 1990 dihetrue
456 1930 493 1958 et
526 1921 837 1970 disposicionem
884 1921 943 1957 sui
977 1920 1148 1958 confessi
1182 1921 1317 1968 quoad
1351 1922 1493 1965 Deum,
1539 1917 1765 1968 necessario

170 2000 204 2026 ot·
221 1967 576 2033 liisspss⁵e¹ri¹ii³g11t.habet
609 1980 842 2027 dignitatem
878 1978 1100 2028 penitencie
1134 1991 1253 2027 quam
1289 1980 1394 2013 Deus
1427 1978 1625 2024 approbat
1657 1975 1768 2023 igno-
1786 1976 1827 2009 30

458 2050 567 2084 rare3
602 2047 638 2074 et
672 2038 726 2074 ita
760 2051 849 2074 cum
885 2037 1089 2074 discordat
1123 2049 1144 2072 a
1178 2036 1311 2073 divino
1345 2034 1509 2081 iudicio,
1542 2033 1768 2070 necessario

458 2095 660 2132 discordat
693 2109 714 2132 a
747 2095 904 2132 iusticia
937 2104 973 2131 et
1006 2094 1232 2142 penitencia
1270 2106 1292 2130 a
1324 2095 1407 2129 Deo
1440 2092 1574 2139 volita,
1608 2100 1646 2128 et
1678 2104 1767 2127 cum

457 2154 590 2189 omnis
622 2153 712 2190 talis
745 2166 856 2190 error
888 2153 968 2190 sive
991 2152 1191 2189 discordia
1223 2150 1447 2188 necessario
1471 2149 1521 2186 sit
1543 2158 1767 2197 peccatum,

457 2220 565 2259 patet
597 2213 704 2260 quod
736 2211 867 2248 omnis
899 2211 989 2248 talis
1021 2209 1279 2258 presumpcio
1323 2218 1366 2245 ut
1405 2217 1461 2245 est
1494 2206 1768 2256 infundabilis,

459 2269 513 2305 sic
546 2268 826 2306 inevitabiliter
859 2278 917 2306 est
949 2277 1174 2317 peccatum.
1786 2265 1825 2298 35

517 2326 723 2373 Similiter,
769 2327 1007 2375 regulariter
1051 2325 1142 2362 talis
1180 2326 1383 2362 confessor
1414 2323 1515 2360 sicut
1548 2323 1705 2370 ignorat
1737 2321 1768 2358 si

458 2398 552 2421 suus
586 2386 788 2422 confessus
822 2386 927 2422 dicat
960 2384 1167 2421 veritatem
1214 2395 1283 2419 seu
1317 2381 1537 2418 conteritur
1568 2380 1629 2417 vel
1663 2392 1769 2416 men-

459 2442 569 2490 titur,
614 2443 668 2480 ita
700 2443 859 2491 ignorat
891 2456 1003 2479 suam
1037 2441 1386 2485 recidivacionem‚
1433 2438 1767 2486 dampnacionem

459 2501 519 2537 vel
562 2501 866 2538 ordinacionem
902 2500 973 2537 Dei
1006 2513 1125 2548 super
1157 2499 1236 2536 vita
1269 2498 1329 2534 sui
1363 2496 1551 2541 confessi;
1598 2505 1634 2532 et
1679 2508 1767 2531 cum

532 2651 551 2669 1.
573 2643 601 2669 A
621 2641 650 2668 in
673 2649 785 2676 marg:
807 2641 973 2667 johannes.
1056 2647 1080 2666 2.
1102 2640 1129 2666 A
1151 2638 1179 2664 in
1204 2646 1317 2677 marg3:
1340 2638 1384 2664 De
1403 2636 1580 2671 penitencia
1601 2638 1630 2662 et
1648 2634 1769 2670 conses-

459 2677 546 2704 sione
563 2684 619 2711 per
638 2679 743 2703 tolum.
807 2675 831 2702 5.
853 2677 879 2702 A
901 2675 929 2701 in
953 2683 1066 2708 marg:
1092 2681 1113 2699 1.
1130 2673 1211 2701 Nota
1234 2680 1385 2700 raczones.
1445 2678 1480 2698 12.
1504 2671 1530 2697 A
1552 2670 1580 2696 in
1603 2676 1717 2703 marg:
1739 2675 1766 2695 2.

461 2720 499 2738 21.
521 2711 638 2738 eodm:
658 2711 821 2737 dirivata&
895 2717 936 2736 22.
959 2711 986 2736 A
1007 2709 1036 2735 in
1059 2716 1173 2742 marg:
1194 2716 1223 2734 cz.
1286 2706 1328 2734 25.
1349 2708 1393 2733 A:
1415 2705 1610 2733 consimilem.
1675 2703 1719 2730 28.
1741 2704 1768 2730 A

462 2747 490 2772 in
514 2754 626 2779 marg:
648 2746 673 2771 b.
770 2743 813 2771 33.
836 2745 879 2771 A:
902 2747 955 2771 est.
1046 2743 1090 2770 36.
1114 2744 1141 2769 A
1163 2742 1191 2769 in
1215 2750 1329 2775 marga
1351 2749 1374 2768 c,

540 2807 587 2838 13.
615 2806 667 2838 Cf.
693 2805 898 2847 Trialogum
924 2815 956 2846 p.
986 2806 1061 2845 327.
