1986 3289
136 167 182 200 52
740 174 857 206 opus
884 174 1220 206 EVANGELICUM
1249 174 1332 206 ΜΒ.
1360 175 1414 206 111.
1526 164 1632 218 [CAP.
1653 173 1734 202 xlv.

423 281 589 316 decimas
634 288 771 316 curant
815 287 849 314 et
884 280 1017 315 docent
1048 281 1235 328 populum
1270 281 1346 316 Dei
1376 288 1411 316 et
1442 282 1670 330 corripiunt,
1704 290 1738 318 et

421 338 496 373 alia
537 338 673 386 peiora
720 349 852 373 eorum
881 345 1043 386 peccata
1077 338 1245 373 videntes
1283 345 1420 384 tacent,
1455 339 1529 387 ipsi
1557 347 1645 375 sunt
1676 340 1740 388 qui

423 397 557 431 docent
585 395 773 444 populum
807 407 874 431 suo
908 396 1087 444 exemplo
1121 395 1270 444 liquare
1301 396 1458 432 culicem
1493 404 1528 432 et
1549 398 1735 433 camelum

421 454 581 503 glutire,
624 453 663 488 id
707 459 773 499 est,
822 466 843 489 α
883 453 1033 489 modico
1071 453 1222 502 quidem
1257 461 1417 502 peccato
1460 466 1500 489 se
1533 455 1735 500 abstinere,

424 511 573 546 maiora
606 518 731 546 autem
765 511 1015 549 committere.
1048 512 1131 547 Hec
1165 511 1448 547 Crisostomus.
1754 516 1769 547 5

133 560 408 623 Hoss'ftffissffloeh
481 568 649 604 Videtur
681 568 799 604 istum
834 577 1016 604 sanctum
1062 570 1181 616 plane
1227 570 1369 606 docere
1403 571 1511 617 quod
1543 569 1651 606 istud
1682 572 1737 606 Ve

163 631 304 679 dcseryes
325 626 384 657 this
426 635 482 662 est
515 626 672 674 spissim
708 626 828 662 hodie
860 626 901 662 in
934 626 1100 663 ecclesia
1124 627 1381 668 seminatum,
1417 627 1514 672 Quis
1544 627 1648 664 enim
1673 641 1738 664 cu-

230 665 316 692 vioe.
425 693 534 721 ratus
579 697 659 720 non
708 684 795 731 plus
840 683 1077 721 sollicitatur
1119 685 1239 721 hodie
1285 685 1390 721 circa
1425 684 1601 722 decimas
1634 686 1736 722 acci-

425 742 590 790 piendas
625 755 646 778 a
678 742 831 789 populo
864 755 985 790 quam
1010 742 1248 778 sollicitatur
1282 743 1388 779 circa
1411 743 1737 780 vendicacionem

424 800 567 836 iniurie
600 799 763 835 Domini
808 800 1021 847 gravioris3
1068 809 1104 836 et
1143 813 1232 836 cum
1266 802 1354 848 plus
1387 810 1546 837 amatur
1579 801 1737 849 aliquis,
1759 815 1797 835 10

423 866 466 894 ut
498 858 609 906 prius
643 857 726 893 eius
758 858 913 894 lucrum
973 858 1060 906 quis
1105 858 1257 906 appetit
1290 859 1350 895 vel
1384 860 1578 895 honorem
1613 859 1739 896 mani-

423 916 581 963 festum,
630 915 800 961 videtur,
847 925 889 951 ut
934 917 1049 952 docet
1093 917 1323 964 Apostolus,
1369 918 1477 964 quod
1520 917 1618 953 tales
1657 930 1739 954 non

424 974 599 1010 habeant
631 973 853 1020 caritatem,
889 973 983 1021 quia
1016 987 1105 1010 cum
1140 974 1284 1010 caritas
1317 987 1389 1010 non
1423 974 1547 1023 querit
1577 987 1649 1024 que
1669 988 1737 1012 sua

423 1040 522 1078 sunt,
569 1031 632 1068 isti
677 1040 812 1068 autem
845 1033 1191 1079 preponderanter
1230 1041 1401 1080 querunt
1433 1033 1543 1068 luera
1576 1033 1740 1081 propria

424 1090 512 1137 plus
557 1102 676 1138 quam
713 1089 783 1125 Dei
818 1090 1011 1126 honorem
1057 1089 1157 1126 vicia
1191 1091 1447 1136 destruendo,
1482 1090 1738 1127 manifestum
1760 1094 1795 1126 15

422 1147 593 1195 videtur,
627 1148 734 1195 quod
767 1148 865 1183 tales
898 1156 988 1184 sunt
1021 1160 1060 1183 se
1093 1147 1200 1195 ipsos
1240 1157 1419 1184 amantes
1453 1156 1489 1184 et
1521 1151 1648 1185 Deum
1683 1148 1740 1185 in-

425 1205 596 1242 fideliter
628 1205 822 1242 odientes.

482 1266 530 1299 Et
563 1263 603 1299 in
636 1263 710 1299 ista
743 1263 895 1299 infideli
940 1263 1227 1311 ingratitudine
1272 1263 1447 1311 reperies
1494 1264 1640 1300 multos
1680 1266 1740 1301 vel

424 1321 603 1369 singulos
637 1334 658 1358 a
692 1323 875 1357 Romano
920 1321 1111 1369 pontifice
1150 1333 1277 1369 usque
1309 1323 1360 1357 ad
1393 1321 1578 1358 infimum
1611 1335 1740 1359 sacer-

425 1380 574 1417 dotem.
608 1379 718 1416 Sicut
752 1379 857 1415 enim
891 1388 1022 1415 rector
1054 1380 1143 1427 plus
1176 1379 1337 1427 respicit
1371 1381 1420 1415 ad
1444 1379 1633 1426 decimas,
1668 1382 1737 1417 ob·
1757 1394 1797 1415 20

426 1438 601 1474 laciones
633 1438 693 1474 vel
733 1437 885 1485 predia,
931 1450 1006 1485 que
1040 1437 1136 1474 dicit
1167 1437 1298 1485 ipsum
1333 1438 1476 1474 debere
1508 1438 1686 1486 recipere
1718 1452 1739 1475 a

425 1495 627 1541 subiectis,
661 1507 782 1543 quam
816 1496 865 1531 ad
898 1496 1066 1532 salutem
1100 1507 1169 1531 sue
1208 1495 1340 1531 anime
1372 1496 1432 1532 vel
1464 1497 1513 1531 ad
1547 1497 1738 1532 honorem

426 1553 497 1589 Dei
530 1553 570 1588 in
603 1552 844 1589 rectitudine
877 1565 946 1589 sue
977 1552 1068 1598 vite,
1102 1553 1158 1589 sic
1191 1566 1309 1601 papa,
1344 1553 1522 1601 episcopi
1546 1562 1583 1590 et
1607 1554 1738 1590 cuncti

426 1611 576 1647 iudices
610 1610 881 1650 ecclesiastici,
917 1613 963 1647 Et
996 1612 1068 1647 hec
1102 1610 1210 1647 racio
1243 1623 1366 1659 quare
1399 1611 1576 1647 officium
1611 1612 1739 1649 curati

426 1669 466 1704 in
515 1669 682 1706 ecclesia
728 1678 785 1705 est
828 1669 979 1715 venale,
1025 1681 1148 1716 quare
1188 1668 1380 1717 episcopi,
1420 1669 1571 1705 iudices
1605 1679 1642 1706 et
1674 1670 1795 1706 alii25

428 1727 571 1775 prelati
623 1726 787 1763 ecclesie
839 1727 927 1774 plus
962 1736 1103 1762 curant
1154 1727 1309 1763 lucrum
1356 1727 1564 1775 proprium
1619 1740 1737 1776 quam

429 1785 597 1821 salutem
652 1784 784 1821 anime
837 1784 1105 1820 subditorum.
1159 1784 1285 1821 Aliter
1337 1785 1441 1821 enim
1495 1798 1575 1821 non
1637 1786 1740 1822 foret

426 1842 580 1879 luxuria
612 1842 751 1890 populi
784 1842 839 1878 sic
871 1842 1021 1878 venalis
1054 1855 1127 1878 nec
1157 1844 1386 1879 sacerdotes
1420 1842 1654 1890 colligerent
1686 1843 1741 1880 sic

427 1900 639 1948 pecuniam
694 1909 858 1948 propter
911 1900 981 1936 Dei
1034 1900 1233 1936 iusticiam
1287 1900 1614 1949 relinquendam3
1667 1914 1740 1938 nec

427 1958 586 1995 videtur
619 1960 727 2006 quod
760 1958 942 1995 Christus
976 1959 1173 2006 dampnat
1195 1958 1427 1995 huiusmodi
1460 1959 1738 2007 recepcionem
1757 1962 1797 1994 30

428 2016 582 2052 decime
615 2029 636 2052 a
669 2016 833 2064 prelatis
867 2018 934 2052 sed
969 2018 1163 2064 dampnat
1196 2018 1303 2064 quod
1336 2017 1424 2064 plus
1457 2017 1741 2064 apprecientur

427 2075 527 2111 tales
562 2074 735 2110 minutas
769 2073 945 2111 decimas
979 2087 1098 2122 quam
1136 2087 1325 2122 magnum
1360 2083 1569 2123 peccatum
1603 2075 1740 2123 populi

429 2141 466 2167 et
506 2132 694 2168 iniuriam
735 2132 806 2168 Dei
848 2132 921 2168 sui.
957 2133 1171 2177 Quomodo
1214 2145 1310 2180 rogo
1349 2132 1451 2168 iuste
1492 2141 1604 2168 curat
1636 2145 1740 2180 papa

429 2190 515 2237 quis
538 2199 707 2238 occupet
731 2190 960 2226 huiusmodi
985 2190 1210 2237 dignitates,
1236 2191 1456 2226 dummodo
1480 2192 1739 2226 commodum

429 2249 651 2295 temporale
704 2248 778 2284 sibi
832 2248 1071 2284 accreverit?
1129 2250 1293 2284 Factum
1348 2261 1460 2284 suum
1525 2248 1796 2284 oculariter35

429 2306 603 2342 ostendit
647 2307 755 2353 quod
801 2306 1094 2354 parvipendens
1135 2306 1205 2342 Dei
1253 2307 1447 2343 honorem
1488 2314 1524 2342 et
1570 2306 1739 2342 salutem

429 2363 561 2400 anime
594 2364 698 2399 istud
732 2365 928 2411 ponderat
961 2376 1080 2411 super
1103 2364 1291 2411 primum.
1324 2366 1372 2400 Et
1400 2376 1470 2412 per
1494 2376 1741 2412 consequens

431 2434 473 2457 ex
523 2421 673 2457 infideli
723 2421 906 2458 carencia
960 2421 1136 2458 caritatis
1189 2431 1245 2457 est
1290 2421 1548 2470 indispositus
1600 2430 1642 2457 ut
1686 2421 1741 2458 sic

430 2488 534 2515 taxet
574 2488 609 2515 et
650 2481 801 2527 regulet
841 2479 1050 2516 ecclesiam
1091 2479 1345 2517 militantem.
1392 2482 1438 2516 Et
1483 2479 1586 2515 idem
1628 2487 1740 2527 potes

136 1253 281 1289 Venality
302 1253 336 1280 Of
351 1253 401 1280 the

230 1288 321 1322 l'ope.

500 2684 526 2709 ι’».
550 2684 576 2710 Α
598 2683 625 2710 in
649 2691 761 2717 marg:
782 2682 948 2710 lohannes.

506 2780 554 2809 13.
584 2779 604 2808 1.
634 2779 714 2809 (jor.
742 2778 827 2817 XIII,
857 2778 885 2809 5.
