1986 3289
174 209 252 245 332

180 318 274 346 Judas
296 327 358 345 was
380 319 428 345 the

230 358 336 387 patron
358 354 392 379 οἵ

239 389 370 423 worldly

249 428 369 457 priests.

169 1175 302 1203 Christ's
324 1176 443 1202 trouble

178 1210 349 1245 prefigured
371 1211 437 1237 that

187 1245 285 1271 which
309 1245 419 1272 should

198 1287 285 1306 come
306 1280 334 1306 in
357 1280 407 1306 the

239 1314 366 1341 church.

237 2401 370 2429 Chrisl's

230 2440 366 2471 poverty.

789 208 952 239 OPERIS
979 208 1261 240 EVANGELICI
1290 209 1373 240 LIB.
1400 210 1455 240 IV.
1568 198 1674 251 [CAP.
1696 206 1777 234 XIV.

462 322 636 360 patrono
669 313 862 361 precipuo
887 314 1123 362 figurantur.
1158 316 1272 351 Unde
1302 318 1360 363 (ut
1382 316 1629 363 Augustinus
1651 319 1778 361 notat)

462 371 676 419 dupliciter
721 371 918 419 contingit
964 372 1167 408 hominem
1202 385 1286 409 esse
1332 385 1376 409 ex
1409 373 1544 422 aliqua
1577 374 1776 421 comitiva,

462 429 594 477 primo
639 429 889 476 simpliciter,
939 438 981 465 ut
1026 431 1073 466 de
1117 442 1288 467 numero
1333 440 1584 478 naturarum,
1630 441 1667 468 et
1710 431 1778 468 illo

463 488 583 523 modo
616 499 706 523 vere
739 486 835 523 dicit
864 487 868 537 Ι
898 487 1078 524 Christus
1128 488 1167 524 in
1210 488 1285 524 hoc
1321 489 1544 536 evangelio:
1587 491 1697 526 Unus
1736 502 1779 525 ex
1815 490 1899 533 437¹³

460 544 571 581 vobis
605 546 736 581 tradet
769 557 851 589 me3
887 547 1064 582 secundo
1096 547 1217 582 modo
1249 555 1292 582 ut
1326 555 1383 582 est
1416 547 1465 582 de
1497 559 1666 583 numero
1691 551 1812 595 pre-5

460 602 742 639 ordinatorum
760 604 809 638 ad
827 602 1131 640 edificacionem
1155 612 1192 639 et
1208 616 1419 640 numerum
1446 604 1774 641 constituendum

460 660 638 699 ecclesie.
672 663 720 697 Et
753 661 821 696 illo
846 662 966 697 modo
1000 661 1178 709 loquitur
1209 663 1422 708 Johannes,
1458 664 1490 697 Ia
1526 664 1613 699 Joh.
1640 664 1684 708 ΙΙ,
1715 674 1776 712 19,

459 720 621 766 quando
655 719 773 755 dicit:
821 720 881 754 De
924 719 1031 755 nobis
1071 720 1318 769 prodierunt,
1350 721 1419 755 sed
1462 732 1534 756 non
1581 728 1691 756 erant
1728 732 1779 756 ex

459 777 577 814 nobis.
623 777 725 813 Nam
764 777 799 812 si
828 777 1002 825 fuissent
1046 789 1097 814 ex
1141 777 1257 822 nobis,
1302 778 1609 826 permansissent
1652 778 1779 826 utique

459 835 668 871 nobiscum.
704 836 752 871 Et
785 836 899 871 decet
931 835 1166 883 theologum
1203 847 1447 884 cognoscere
1482 837 1581 872 tales
1615 835 1778 885 equivo-
1798 849 1836 869 10

460 892 657 939 caciones,
691 901 735 929 ut
767 891 867 929 sciat
901 892 1120 930 dissolvere
1154 893 1353 941 ampullas
1386 893 1625 941 sophisticas
1663 893 1776 930 Anti-

460 949 610 988 christi.

965 1075 1104 1116 CAP.
1136 1075 1273 1115 XIV.

518 1169 692 1206 Ulterius
726 1170 925 1207 notandus
970 1178 1026 1206 est
1073 1179 1201 1206 textus
1247 1183 1337 1206 cum
1373 1170 1627 1219 exposicione
1658 1170 1775 1207 huius

459 1227 586 1264 sancti
620 1229 667 1264 de
712 1227 951 1264 turbacione
985 1227 1147 1264 Domini
1194 1228 1232 1264 in
1274 1229 1349 1265 hoc
1380 1229 1483 1265 loeo.
1518 1226 1831 1277 Capiendum15

460 1285 621 1333 quidem
669 1295 725 1322 est
770 1295 812 1322 ut
856 1286 953 1322 fides
998 1287 1106 1333 quod
1154 1285 1228 1322 ista
1273 1286 1456 1323 turbacio
1503 1286 1649 1322 Christi
1694 1299 1775 1323 non

459 1343 620 1380 extinxit
652 1343 692 1379 in
745 1356 791 1380 eo
824 1343 1010 1380 virtutem
1059 1344 1234 1392 aliquam
1270 1357 1342 1380 nec
1375 1344 1605 1392 passionem
1641 1344 1777 1392 culpa-

459 1401 578 1437 bilem
612 1401 845 1447 introduxit,
879 1403 947 1438 sed
989 1406 1047 1449 (ut
1080 1401 1176 1438 dicit
1209 1402 1470 1450 Augustinus)
1516 1401 1776 1450 prefiguravit

458 1459 707 1496 scismaticos
742 1469 778 1496 et
823 1459 1020 1496 hereticos
1060 1459 1268 1496 ecclesiam
1315 1461 1574 1508 postmodum
1621 1468 1776 1508 pertur-

459 1518 612 1554 bantes.
646 1520 816 1554 Necesse
840 1526 897 1553 est
931 1517 1036 1553 enim
1063 1517 1286 1554 zizanniam
1320 1518 1360 1554 in
1386 1518 1551 1554 ecclesia
1581 1517 1774 1554 seminari
1793 1525 1834 1546 20

456 1584 494 1611 et
526 1576 585 1621 (ut
619 1575 715 1612 dicit
749 1575 1013 1623 evangelium)
1048 1587 1093 1611 ne
1125 1576 1346 1612 eradicetur
1389 1584 1424 1612 et
1466 1576 1636 1612 triticum
1686 1584 1776 1612 sunt

458 1645 549 1669 cum
585 1633 861 1670 moderamine
894 1633 1092 1681 paciendi.
1131 1635 1208 1670 Sed
1241 1633 1343 1670 sicut
1376 1634 1559 1670 Christus
1593 1632 1689 1670 dicit
1711 1633 1775 1669 hie

458 1703 640 1739 expresse
675 1691 877 1728 maliciam
914 1691 1136 1728 Scariothis
1168 1691 1355 1737 Johanni,
1390 1700 1431 1727 ut
1466 1693 1604 1728 Petrus
1643 1691 1773 1739 ipsum

456 1750 544 1797 plus
579 1759 734 1797 caveat3
769 1749 825 1786 sic
858 1749 1032 1797 Spiritus
1065 1751 1235 1786 Sanctus
1270 1758 1404 1786 monet
1437 1749 1573 1786 fideles
1609 1748 1774 1786 ecclesie

456 1816 499 1843 ut
532 1807 667 1844 dicant
700 1819 894 1855 expresse,
930 1809 1134 1844 moderate
1168 1816 1304 1844 tamen
1337 1807 1405 1856 qui
1437 1816 1528 1843 sunt
1558 1805 1830 1843 scismatici25

457 1865 668 1902 ecclesiam
721 1867 1016 1913 perturbantes.
1078 1865 1201 1902 Radix
1259 1874 1392 1902 autem
1453 1864 1774 1913 perturbacionis

458 1923 623 1960 ecclesie
666 1932 744 1960 stat
788 1924 828 1960 in
876 1923 953 1960 isto
1001 1925 1110 1971 quod
1154 1922 1318 1971 quidam
1362 1922 1543 1971 ypocrite
1578 1924 1773 1959 honorem

457 1990 499 2017 ut
540 1982 697 2018 lucrum
746 1981 868 2018 seculi
914 1990 1055 2018 contra
1101 1981 1329 2017 doctrinam
1366 1981 1527 2016 Domini
1569 1980 1774 2028 cupientes

457 2040 633 2087 produnt
678 2040 807 2087 legem
848 2039 995 2076 Christi
1041 2039 1081 2075 in
1120 2039 1288 2075 ecclesia
1336 2047 1502 2087 propter
1543 2038 1773 2086 cupidinem

459 2097 576 2133 huius
610 2097 716 2133 boni.
751 2099 799 2133 Et
832 2098 905 2134 hec
937 2097 1047 2134 racio
1080 2109 1203 2145 quare
1228 2096 1409 2133 Christus
1432 2105 1512 2133 tam
1547 2096 1627 2133 vita
1651 2109 1770 2144 quam
1791 2094 1832 2125 30

457 2157 578 2191 verbo
613 2164 768 2192 tanturn
792 2156 948 2203 fugerat
982 2156 1057 2191 hoc
1081 2163 1305 2202 peccatum.
1340 2154 1439 2202 Capi
1462 2153 1624 2203 quidem
1656 2155 1773 2190 debet

458 2222 498 2248 ut
549 2213 646 2249 fides
697 2212 880 2249 fidelibus
914 2214 1021 2261 quod
1056 2213 1237 2249 Christus
1282 2225 1362 2248 non
1409 2212 1482 2248 fuit
1527 2212 1771 2257 incarnatus,

457 2279 499 2306 ut
533 2272 727 2307 honorem
766 2273 1014 2307 mundanum
1053 2280 1089 2306 et
1123 2271 1282 2319 copiam
1316 2269 1600 2318 temporalium
1632 2282 1771 2317 repor-

456 2337 570 2375 taret,
605 2330 673 2365 sed
705 2329 873 2366 omnino
907 2331 955 2366 ab
989 2328 1066 2364 illis
1099 2328 1138 2364 in
1171 2341 1211 2364 se
1245 2337 1282 2364 et
1315 2328 1395 2364 suis
1428 2327 1632 2372 abstinuit,
1667 2336 1709 2363 ut
1732 2326 1772 2362 in

456 2386 542 2434 ipso
576 2387 853 2435 principaliter
898 2387 1194 2434 extingueretur
1231 2386 1305 2422 ista
1341 2385 1552 2434 cupiditas,
1606 2382 1827 2432 Propte1-35

457 2445 531 2480 hoc
566 2445 670 2480 enim
707 2445 777 2480 fuit
800 2454 916 2480 natus
940 2453 1021 2480 tam
1057 2457 1245 2492 paupere,
1280 2453 1361 2479 tam
1399 2456 1574 2491 paupere
1607 2455 1771 2479 conver-

457 2512 565 2538 satus
611 2503 650 2538 in
684 2516 723 2538 se
770 2512 805 2539 et
851 2502 930 2538 suis
965 2502 1171 2549 discipulis
1205 2511 1324 2550 atque
1371 2501 1630 2549 cognacione.
1684 2503 1770 2536 Non

457 2560 561 2596 enim
598 2561 670 2596 fuit
694 2570 809 2597 natus
842 2561 882 2596 in
915 2561 1036 2607 regali
1072 2559 1252 2596 manerio
1284 2559 1365 2596 sive
1388 2567 1519 2596 castro
1542 2571 1614 2596 nec
1639 2558 1770 2606 dispo-

457 2618 535 2654 suit
568 2620 616 2654 ad
650 2632 762 2656 suam
797 2618 1047 2654 nativitatem
1084 2617 1420 2665 preconizandam
1457 2629 1625 2662 cesares,
1660 2628 1770 2663 reges

529 2796 567 2824 η’.
590 2795 614 2821 Λ
639 2794 666 2819 iu
691 2801 802 2826 marg:
831 2793 994 2820 Jolzannes.
1105 2801 1142 2827 17-
1172 2793 1214 2820 A:
1238 2792 1402 2826 exlt'ngnil.
1508 2799 1620 2826 {fl—20.
1643 2793 1685 2817 A:
1709 2793 1768 2817 lur-

458 2828 560 2854 (mutes
651 2828 693 2854 225.
716 2830 758 2854 A:
782 2828 939 2863 expressit.
1033 2827 1074 2853 25.
1097 2829 1138 2854 A:
1159 2828 1205 2853 vel
1222 2827 1337 2853 dicant.
