1986 3289
180 844 218 865 10

181 1123 216 1155 15

179 1703 218 1736 25

178 1994 219 2026 30

236 201 323 230 CAP.
345 191 499 245 xxxlx]
615 203 673 234 DE
700 201 1014 234 ANTICHRISTO
1043 202 1125 233 ΜΒ.
1153 202 1177 233 Ι.

234 322 376 359 corpus
422 321 547 345 meum
594 310 696 358 quod
734 321 809 358 pro
855 308 960 345 vobis
999 309 1190 344 tradetur.
1237 308 1324 345 Hoc
1345 309 1472 357 facite
1511 310 1546 345 in

235 380 357 404 meam
393 367 814 404 commemoracionem.
862 366 1051 402 Similiter
1083 374 1117 402 et
1148 366 1303 402 calicem
1340 374 1545 415 postquam

234 425 383 462 cenavit
427 425 576 461 dicens:
619 425 696 461 Hic
739 431 794 461 est
838 425 946 460 calix
991 425 1081 461 novi
1123 424 1346 461 testamenti
1387 425 1422 460 in
1464 428 1547 461 meo

232 483 421 534 sanguine
463 483 527 532 qui
564 495 641 532 pro
682 482 786 519 vobis
808 482 1018 530 fundetur.
1064 485 1112 518 Et
1156 483 1231 519 hoc
1276 491 1333 518 est
1377 482 1545 519 tercium

234 540 509 578 testimonium
535 540 713 577 eiusdem
748 540 876 577 fidelis
909 540 1124 585 sentencie,
1161 540 1272 577 cuius
1296 541 1544 589 evangelium

234 598 428 635 Johannis
461 600 532 635 VlO
567 598 744 647 capitulo
777 611 857 634 non
890 608 1129 647 repungnat.

291 657 507 705 Apostolus
552 665 685 693 autem
732 657 781 693 ab
826 657 965 693 eodem
1008 656 1161 704 Spiritu
1194 658 1341 693 Sancto
1375 657 1545 693 necessi-

234 723 341 752 tatus
373 714 429 751 sic
461 714 640 763 loquitur
673 717 685 750 Ι
720 715 809 753 Cor.
843 715 906 759 XI,
942 714 1129 751 23—25:
1163 715 1254 765 Ego
1287 715 1383 751 enim
1417 715 1549 764 accepi

233 786 254 809 a
300 773 467 809 Domino
516 773 617 821 quod
668 780 702 808 et
755 772 905 808 tradidi
956 772 1073 819 vobis,
1126 773 1303 821 quoniam
1358 772 1548 810 Dominus

232 829 344 867 Jesus
376 831 413 866 in
446 843 517 879 qua
550 838 659 867 nocte
690 831 921 866 tradebatur
952 831 1097 880 accepit
1125 843 1281 880 panem.
1315 831 1367 866 Et
1387 832 1548 881 gracias

232 901 355 939 agens
375 889 511 938 fregit
554 896 589 924 et
623 888 741 924 dixit:
782 889 953 938 Accipite
997 896 1031 924 et
1076 889 1325 925 manducate:
1370 888 1455 925 Hoc
1493 897 1549 926 est

233 959 374 996 corpus
418 959 541 982 meum
587 947 689 996 quod
730 959 804 995 pro
847 947 952 983 vobis
991 947 1182 983 tradetur.
1231 946 1318 983 Hoc
1346 947 1474 996 facite
1513 948 1548 983 in

233 1017 356 1041 meam
397 1004 818 1040 commemoracionem.
861 1005 1050 1041 Similiter
1082 1013 1117 1041 et
1156 1005 1312 1040 calicem
1341 1013 1547 1055 postquam

233 1062 381 1099 cenavit
412 1062 561 1099 dicens:
592 1063 669 1098 Hic
701 1063 807 1099 calix
838 1075 975 1099 novum
1011 1070 1276 1099 testamentum
1309 1070 1364 1099 est
1396 1064 1431 1099 in
1465 1076 1548 1100 meo

233 1121 432 1172 sanguine,
487 1121 559 1156 hoc
591 1121 718 1169 facite
762 1121 1060 1170 quociescumque
1112 1121 1282 1157 biberitis
1333 1121 1369 1157 in
1422 1134 1545 1158 meam

233 1191 657 1215 commemoraczonem.

290 1236 346 1272 Ex
398 1236 473 1272 isto
526 1244 658 1273 autem
713 1237 969 1285 quadruplici
1015 1236 1107 1273 fidei
1152 1236 1384 1274 testimonio
1436 1246 1546 1286 patet

235 1294 419 1331 fidelibus
460 1295 567 1343 quod
601 1294 783 1331 Christus
823 1304 912 1343 post
951 1307 1089 1331 cenam
1125 1307 1239 1331 suam
1274 1295 1366 1331 fecit
1399 1308 1544 1343 panem

236 1365 381 1401 corpus
415 1365 530 1389 suum
565 1361 601 1389 et
632 1352 769 1390 vinum
804 1353 887 1389 eius
921 1352 1173 1401 sanguinem.
1214 1355 1262 1389 Et
1295 1353 1400 1389 idem
1436 1363 1546 1402 patet

236 1423 280 1447 ex
310 1410 544 1447 testimonio
577 1411 831 1459 quadruplici
872 1412 1086 1448 doctorum
1125 1410 1231 1447 idem
1272 1411 1544 1462 sequendum,

235 1481 336 1517 quos
381 1468 549 1505 eeclesia
593 1470 709 1505 debet
754 1468 793 1505 in
839 1469 1045 1517 proposito
1091 1471 1330 1517 approbare.
1375 1472 1477 1506 Nam
1525 1483 1547 1507 a

236 1528 352 1563 beato
384 1526 600 1563 Ambrosio
632 1535 742 1575 patet
776 1528 979 1564 decretum
1016 1530 1073 1564 De
1106 1528 1223 1566 Cous,
1263 1527 1352 1564 dist.
1388 1529 1417 1564 ΙΙ
1459 1541 1545 1576 cap.

235 1585 354 1621 Panis
398 1586 505 1633 quod
551 1584 648 1620 illud
693 1586 801 1633 quod
846 1585 956 1633 prius
1001 1585 1074 1622 fuit
1118 1585 1233 1633 panis
1277 1585 1356 1622 iam
1403 1599 1547 1635 corpus

236 1642 382 1679 Christi
429 1651 506 1690 θεῖς
568 1651 604 1679 et
656 1644 802 1690 probat
855 1644 930 1680 hoc
989 1656 1072 1680 esse
1125 1643 1314 1691 possibile
1367 1645 1547 1693 exemplo

236 1699 461 1748 multiplici.
494 1702 732 1748 Jeronymus
777 1700 903 1738 eciam
952 1701 993 1738 in
1040 1701 1209 1750 epistola
1253 1703 1303 1738 ad
1348 1702 1546 1739 Elbidiam

235 1758 290 1794 sic
323 1758 487 1795 diffinit:
522 1759 616 1804 Nos,
652 1758 796 1807 inquit,
830 1760 1055 1796 audiamus:
1098 1760 1241 1796 Panem
1281 1772 1390 1808 quem
1413 1761 1549 1812 fregit

234 1817 424 1853 Dominus
470 1817 647 1865 deditque
690 1817 889 1867 discipulis
933 1818 1243 1854 manducandum
1287 1830 1428 1868 corpus
1468 1831 1549 1855 esse

235 1874 380 1910 domini
415 1875 640 1921 salvatoris,
679 1875 761 1924 ipso
801 1875 967 1912 dicente:
1013 1877 1101 1912 Hoc
1139 1883 1195 1912 est
1227 1888 1369 1925 corpus
1406 1888 1546 1913 meum.

233 1932 477 1980 Augustinus
500 1932 626 1969 eciam
658 1932 698 1969 in
720 1933 822 1969 libro
840 1935 1079 1970 Sermonum
1112 1947 1276 1970 suorum
1301 1934 1369 1970 ubi
1392 1944 1549 1971 caveret

235 1991 282 2027 de
314 1990 443 2027 heresi
465 1990 520 2027 ita
552 1990 707 2027 scribit:
749 1992 862 2036 Quod
894 1992 1059 2039 videtur,
1092 1991 1235 2040 inquit,
1265 1992 1380 2041 panis
1413 2000 1479 2039 est,
1513 2001 1548 2029 et

234 2048 341 2084 calix
372 2049 474 2097 quod
512 2049 613 2085 oculi
650 2049 896 2095 remmciant;
938 2050 1039 2099 quod
1075 2058 1201 2086 autem
1229 2051 1336 2100 fides
1374 2051 1549 2100 postulat

235 2106 473 2153 instruenda,
513 2107 628 2156 panis
672 2115 727 2143 est
770 2119 912 2157 corpus
950 2107 1105 2144 Christi.
1153 2110 1200 2144 Et
1244 2108 1409 2156 ponitur
1441 2108 1547 2145 istud

235 2163 385 2200 dictum
429 2164 469 2200 in
502 2177 654 2201 canone
693 2167 750 2201 De
783 2166 902 2202 Cons.
947 2165 1035 2204 dist.
1071 2168 1100 2202 ΙΙ
1141 2165 1260 2215 capit.
1311 2167 1390 2210 Qui
1440 2180 1546 2203 man-

236 2222 387 2258 ducant.

294 2280 611 2325 Quartustestis
645 2289 701 2317 est
733 2293 839 2328 papa
872 2293 960 2318 cum
997 2294 1067 2318 sua
1101 2281 1224 2328 curia,
1260 2283 1425 2330 quando
1450 2282 1547 2319 fides

236 2337 274 2373 in
308 2337 402 2385 ipsis
436 2337 583 2385 floruit,
618 2338 685 2374 ubi
720 2338 867 2375 diffinit
900 2340 1007 2387 quod
1042 2340 1115 2376 hoc
1155 2349 1456 2377 sacramentum
1491 2349 1547 2377 est

300 2498 332 2529 4.
354 2489 393 2516 B:
416 2488 608 2525 effundetun·
632 2489 673 2516 ib.
694 2490 738 2517 A:
760 2493 804 2516 est
823 2490 917 2530 deest.
1012 2496 1057 2517 Σο.
1079 2491 1122 2517 A:
1145 2490 1224 2517 idem
1244 2490 1347 2530 ‘dee-st.
1437 2498 1481 2518 22.
1502 2492 1546 2519 A:

234 2526 316 2562 capit
334 2523 498 2563 decretum.
519 2525 564 2551 A:
584 2525 740 2564 decretum
758 2524 801 2551 IX
819 2524 887 2551 dist.
909 2523 946 2556 Il,
962 2524 1035 2560 Cap.
1057 2525 1164 2552 titulus
1177 2526 1305 2560 capituli
1322 2526 1421 2560 deest;
1437 2527 1547 2553 lacuna

233 2559 327 2620 ¹522&
344 2558 1548 2655 Ap}¹2³3}lnfflss⁰51²2²lgrflsm2u}?*²83·35⁰*ss²2JSZ‘ZW‘Z102555‘r‘vu35f'ff‘1'3

235 2636 350 2663 marg:
397 2636 467 2663 apa.

306 2697 359 2719 22.
384 2687 463 2719 Joh.
489 2688 545 2728 VI,
574 2687 625 2721 35.
653 2689 788 2720 Decreti
814 2688 855 2720 Ill
890 2699 979 2731 pars,
1006 2689 1058 2720 De
1085 2689 1358 2730 consecratione,
1390 2686 1476 2721 dist.
1508 2690 1546 2730 ΙΙ,

236 2734 319 2775 Cap.
358 2734 430 2766 LV.
527 2735 579 2766 25.
607 2735 639 2766 S.
666 2735 882 2777 Hieronymi,
924 2736 987 2777 Ep.
1015 2736 1056 2766 ad
1091 2736 1274 2767 Hedibiam
1309 2736 1387 2767 Vol.
1414 2737 1437 2776 Ι,
1469 2735 1547 2777 824.

236 2780 288 2811 Cf.
310 2780 451 2822 Wyclif,
476 2780 528 2812 De
555 2780 781 2822 Eucharistia‚
808 2791 840 2823 p.
868 2789 944 2813 200.
1018 2782 1069 2815 35.
1096 2782 1232 2813 Decreti
1258 2783 1356 2813 tertia
1382 2793 1471 2825 pars,
1498 2783 1548 2814 De

237 2826 342 2858 Cons.
369 2827 445 2859 dist.
472 2827 510 2866 ΙΙ,
537 2837 610 2870 cap.
636 2827 674 2858 ΙΙ.

1759 195 1829 240 143

1590 1246 1696 1274 Christ
1716 1247 1805 1274 made

1568 1282 1660 1309 bread
1684 1282 1729 1309 his
1752 1282 1831 1318 body

1585 1317 1643 1344 and
1665 1317 1744 1344 wine
1765 1317 1812 1344 his

1645 1352 1750 1379 blood.

1598 2291 1664 2319 The
1685 2291 1794 2319 earlier

1572 2335 1667 2362 popes
1689 2326 1756 2353 held
1778 2328 1828 2354 the

1580 2366 1646 2389 true
1667 2362 1817 2389 doctrine.
