1986 3289
170 202 250 238 204
776 203 893 234 opus
919 202 1255 235 EVANGELICUM
1286 204 1368 235 ΜΒ.
1396 204 1449 235 111.
1578 189 1684 246 [CAP-
1706 199 1771 227 LV-

195 311 418 348 Cln-ysostom:
460 307 626 342 humano
656 322 802 360 genere
840 317 1006 358 propter
1044 311 1145 358 quod
1174 310 1343 357 fuerant
1386 310 1511 345 onznia
1545 311 1612 345 hec
1644 318 1775 346 creata

174 347 317 408 Sunxeirffii
330 354 433 407 bneaoon
458 364 563 400 circa
588 366 732 402 exitum
769 367 971 403 constituto
1009 374 1110 403 totus
1133 367 1352 403 destituitur
1386 368 1563 413 mundus,
1598 368 1776 404 universa

184 415 426 485 ξξέξθέξέἓὲξ
457 423 529 457 celi
570 423 784 461 ministeria
818 425 952 474 lugent
983 432 1018 461 et
1062 426 1232 461 candore
1264 425 1432 474 deposito
1468 437 1544 474 pro
1577 425 1779 462 luculentis

246 485 354 511 wrath.
461 481 624 516 vestibus
646 483 812 518 tenebris
836 483 1056 519 vestientur.
1091 483 1190 518 Nam
1223 483 1282 519 sol
1314 483 1586 519 obscurabitur
1619 490 1652 519 et
1686 483 1775 519 luna

456 551 529 574 non
564 540 668 575 dabit
700 541 825 577 lumen
858 553 981 587 suum,
1027 548 1092 576 aut
1132 548 1299 589 propter
1331 541 1530 591 indignam
1560 539 1809 589 persecuci-5

456 609 562 632 onem
607 606 830 635 sanctorum
875 599 1046 635 dolentes
1090 606 1156 634 aut
1198 611 1317 647 super
1360 599 1565 647 impiorum
1607 600 1775 648 pessima

454 667 573 703 opera
625 656 871 707 indignantes
915 665 982 692 aut
1033 656 1278 693 novissimam
1323 657 1399 692 Dei
1438 657 1680 693 iracundiam
1715 658 1776 694 de-

454 721 727 761 monstrantes,
768 722 808 750 ut
851 715 979 751 adhuc
1022 715 1232 750 viventibus
1275 715 1402 763 impiis
1455 726 1573 764 super
1627 722 1775 751 terram

453 771 528 806 iam
560 779 700 822 gustus
733 773 846 808 detur
892 772 1143 821 infernalium
1177 773 1435 808 tenebrarum.
1478 773 1566 808 Sive
1597 774 1667 809 hoc
1698 773 1778 809 sive

453 829 519 864 illo
571 831 685 866 modo
738 830 874 866 merito
928 843 1007 867 nox
1038 831 1293 866 interveniens
1331 830 1431 866 inter
1463 831 1561 866 diem
1609 838 1645 866 et
1677 831 1774 867 diem
1796 843 1834 864 xo

449 887 637 936 predicet,
687 888 775 937 quia
822 895 913 937 post
955 889 1146 924 modicum
1192 901 1291 924 nova
1344 888 1424 924 dies
1476 889 1776 925 resurreccionis

452 952 508 980 est
540 946 749 983 nascitura.
803 946 1013 982 Dividetur
1044 947 1155 992 enim,
1202 959 1246 982 ne
1289 946 1398 982 istius
1440 946 1559 982 seculi
1601 954 1636 982 et
1672 947 1776 983 illius

452 1014 526 1038 una
580 1003 759 1039 videatur
804 1016 885 1040 esse
928 1012 1080 1040 natura.
1137 1004 1244 1040 Sicut
1289 1003 1385 1039 enim
1435 1016 1565 1040 omnes
1596 1005 1774 1041 carnales

452 1061 644 1096 morimur
675 1069 715 1097 ut
743 1062 965 1111 spirituales
996 1074 1222 1112 surgamus,
1253 1062 1308 1098 sic
1340 1069 1375 1097 et
1406 1062 1472 1097 illa
1507 1062 1586 1098 dies
1608 1063 1774 1099 tenebris

452 1118 696 1155 interciditur
726 1120 838 1169 quasi
867 1121 1033 1168 quadam
1068 1127 1205 1166 morte,
1246 1128 1284 1155 ut
1329 1132 1426 1156 nova
1460 1120 1596 1156 iterum
1643 1133 1773 1157 renas·
1793 1122 1829 1154 15

452 1184 577 1212 catur.
621 1177 698 1212 Aut
741 1185 844 1213 certe
887 1178 972 1226 quia
1012 1177 1270 1227 spiritualiter
1312 1177 1490 1226 iniquitas
1521 1190 1602 1214 nox
1633 1178 1771 1214 intelli-

450 1235 574 1284 gitur,
608 1235 757 1271 iusticia
781 1242 907 1272 autem
942 1235 1034 1271 dies.
1068 1235 1136 1271 Ex·
1166 1235 1364 1271 nativitate
1396 1236 1494 1271 enim
1524 1235 1672 1272 Christi
1701 1237 1773 1272 lux

452 1299 539 1328 orta
578 1300 645 1339 est,
692 1294 838 1329 dicente
880 1294 1096 1343 propheta:
1147 1293 1209 1329 Ad
1248 1305 1450 1342 vesperum
1506 1294 1772 1330 demorabitur

453 1350 586 1400 fletus,
629 1358 663 1386 et
694 1352 746 1386 ad
777 1351 1004 1387 matutinum
1039 1351 1175 1389 leticia.
1230 1351 1347 1387 blane
1384 1351 1562 1388 Christus
1594 1360 1768 1388 vocatur.

451 1407 536 1444 Hec
588 1409 668 1445 dies
711 1409 857 1445 iusticie
895 1410 930 1444 in
981 1410 1086 1445 exitu
1130 1410 1264 1444 mundi
1292 1409 1437 1458 finitur
1479 1410 1675 1459 iniquitate
1722 1417 1769 1457 et,
1787 1421 1828 1442 20

453 1478 634 1502 errorum
680 1467 848 1504 tenebris
894 1468 1113 1504 obscurata.
1167 1468 1228 1503 De
1259 1479 1331 1515 qua
1371 1467 1541 1515 loquitur
1579 1467 1770 1504 Dominus

453 1524 504 1558 ad
526 1525 722 1573 apostolos
745 1525 895 1561 dicens:
927 1525 1132 1561 Ambulate
1155 1526 1243 1560 dum
1275 1526 1401 1560 lumen
1434 1525 1591 1570 habetis,
1626 1538 1671 1561 ne
1703 1538 1770 1562 vos

452 1583 606 1617 tenebre
638 1584 978 1631 comprehendant.
1015 1583 1082 1619 Sol
1113 1583 1396 1627 obscurabitur,
1442 1583 1484 1618 id
1514 1590 1582 1628 est,
1628 1584 1766 1619 noticia

457 1639 603 1676 Christi
633 1641 769 1676 silebit.
793 1641 903 1676 Luna
927 1653 999 1677 non
1024 1641 1128 1676 dabit
1151 1641 1275 1676 lumen
1299 1653 1423 1683 suum,
1456 1641 1495 1675 id
1512 1649 1580 1687 est,
1609 1641 1767 1677 ecclesia

452 1698 669 1734 sanctitatis
701 1710 766 1734 sue
798 1699 1016 1734 claritatem
1050 1711 1122 1734 non
1157 1698 1448 1734 demonstrabit.
1484 1699 1601 1734 Stelle
1633 1700 1769 1734 cadent
1784 1700 1823 1732 25

453 1756 498 1791 de
530 1756 623 1802 celo,
677 1756 717 1791 id
749 1764 816 1801 est,
867 1757 932 1806 qui
975 1757 1154 1792 videntur
1195 1757 1320 1792 sancti
1357 1757 1701 1807 transgredientur
1733 1764 1768 1792 et

451 1814 587 1849 cadent
620 1814 666 1849 de
698 1814 887 1864 dignitate
918 1814 1058 1850 celesti.
1092 1815 1193 1850 Nam
1228 1816 1329 1863 quod
1361 1815 1406 1850 de
1439 1815 1590 1850 diabolo
1623 1815 1764 1850 dictum

450 1878 523 1907 est:
563 1871 765 1920 Quomodo
795 1872 929 1908 cecidit
955 1873 1116 1921 Lucifer
1149 1873 1195 1908 de
1226 1873 1306 1908 celo
1329 1872 1393 1920 qui
1422 1884 1533 1908 mane
1554 1872 1764 1918 oriebatur,

448 1928 503 1965 sic
535 1929 843 1978 interpretantur
875 1931 1041 1978 apostoli
1079 1943 1150 1966 non
1184 1931 1230 1966 de
1260 1930 1461 1966 altitudine
1492 1930 1565 1966 celi
1605 1931 1657 1965 ad
1688 1937 1764 1965 ter-

450 1999 535 2022 ram
568 1988 636 2023 sed
660 1988 705 2023 de
737 1988 913 2038 angelica
939 1988 1127 2037 dignitate
1155 1989 1208 2023 ad
1229 1988 1480 2038 ignominiam
1504 1988 1763 2025 tenebrarum.
1782 1990 1823 2022 30

456 2044 658 2088 Quomodo
690 2053 815 2081 autem
841 2046 953 2081 multi
973 2046 1272 2081 christianorum
1297 2046 1650 2095 transgredientur,
1684 2045 1763 2095 sig-

449 2110 515 2138 nat
547 2103 709 2138 Daniel:
755 2104 807 2139 Et
846 2105 892 2139 de
929 2104 1103 2149 eruditis,
1150 2104 1280 2152 inquit,
1322 2104 1459 2139 cadent
1490 2104 1611 2139 multi.
1660 2103 1765 2139 Sicut

449 2172 546 2210 ergo
590 2168 798 2210 tempestas
828 2162 988 2197 suscitat
1031 2162 1221 2208 nebulam,
1266 2162 1400 2197 nebula
1434 2168 1559 2197 autem
1594 2161 1764 2210 cooperit

448 2219 581 2264 solem,
614 2219 668 2254 sic
691 2219 898 2268 impiorum
928 2219 1152 2268 persecucio
1173 2219 1370 2255 suscitabit
1397 2219 1763 2269 transgressionem,

450 2277 714 2326 transgressio
746 2284 871 2313 autem
905 2277 1201 2313 christianitatis
1233 2277 1451 2313 obscurabit
1483 2278 1703 2313 candorem.
1779 2277 1818 2310 35

512 2334 619 2370 Unde
645 2336 839 2384 propheta
872 2335 962 2371 dicit
984 2335 1020 2370 in
1053 2336 1130 2371 alio
1163 2336 1264 2371 loco:
1299 2335 1367 2370 Sol
1389 2342 1562 2370 vertetur
1594 2335 1629 2370 in
1663 2342 1762 2370 tene-

449 2392 528 2428 bris
561 2400 595 2427 et
627 2393 716 2428 luna
761 2393 797 2428 in
828 2393 1055 2443 sanguinem
1104 2393 1143 2428 id
1187 2400 1241 2428 est
1279 2393 1451 2439 ecclesia,
1504 2400 1570 2428 aut
1597 2399 1762 2441 propter

518 2545 543 2564 2.
565 2539 610 2565 A:
633 2538 787 2573 obstupuit
804 2539 942 2565 mundus.
971 2540 1080 2565 Recte:
1113 2538 1317 2566 contristatur
1342 2538 1481 2566 mundus.
1590 2536 1617 2564 8.
1639 2538 1684 2564 A:
1707 2540 1762 2564 aut

449 2571 559 2599 adhuc.
658 2581 695 2599 ιο,
718 2574 765 2600 A:
792 2573 903 2600 merito
925 2573 1004 2599 enim
1024 2581 1095 2600 nox.
1205 2582 1238 2600 11.
1261 2573 1351 2600 Codd
1374 2582 1380 2598 :
1399 2573 1563 2607 prescidet.
1656 2572 1691 2599 15.
1712 2573 1758 2599 A:

448 2610 585 2633 mortem.
672 2614 712 2641 ις).
740 2607 777 2634 B:
804 2606 898 2634 Mane
919 2607 1044 2634 Christi.
1136 2608 1182 2635 25.
1203 2610 1246 2635 A:
1268 2607 1553 2644 transgrediuntur.
1644 2605 1686 2633 33.
1715 2608 1758 2633 A:

449 2642 561 2673 nubila,
592 2642 712 2672 nabtla:
740 2643 779 2669 ib.
807 2643 850 2669 A:
873 2643 1063 2677 cooperiunt.
1172 2642 1218 2675 36,
1241 2642 1283 2678 37.
1304 2643 1476 2670 tetenebris.
1574 2640 1617 2669 38.
1641 2641 1758 2668 Codd.:

450 2677 518 2703 item
539 2677 676 2703 ecclesia.
699 2677 837 2704 Correxi.

524 2760 570 2791 18.
600 2761 725 2790 Psalm.
751 2761 868 2799 XXIX,
895 2760 925 2792 6.
1012 2770 1063 2791 22.
1090 2760 1168 2792 Joh.
1194 2761 1264 2800 XII,
1293 2760 1344 2793 35.
1444 2760 1494 2791 28.
1523 2761 1564 2790 Is.
1590 2760 1676 2798 XIV,
1709 2770 1758 2790 10.

452 2808 502 2839 32.
530 2807 614 2837 Dan.
641 2807 695 2846 XI,
725 2806 776 2838 35.
852 2806 904 2838 36.
931 2807 1009 2838 Joel
1035 2807 1072 2846 II,
1102 2808 1155 2839 31.
