1986 3289
208 196 297 224 CAP.
317 188 441 241 XLIX]
580 200 639 231 DE
666 200 980 232 ANTiCHfflsTo
1009 201 1092 232 ΜΒ.
1119 201 1141 232 1.
1728 194 1795 229 181

204 305 317 342 venie
341 318 429 341 cum
448 305 535 342 aliis
559 305 893 353 promissionibus
925 305 1228 342 infundabiliter
1249 306 1514 354 repromissis.
1543 314 1741 341 Uselessness
1762 315 1797 341 of

206 365 306 399 Nam
340 363 438 399 fides
461 364 576 400 docet
609 365 717 412 quod
749 363 1024 412 unusquisque
1063 376 1164 400 onus
1199 376 1314 400 suum
1339 364 1517 411 portabit
1598 349 1745 383 pardons.

206 429 243 456 et
275 429 316 456 ut
350 420 540 457 meruerit
560 422 620 457 vel
653 421 894 457 demeruerit
927 420 1191 469 premiabitur
1213 422 1274 458 vel
1307 434 1328 457 a
1352 421 1516 457 domino

204 478 411 526 punietur;
456 491 528 514 nec
566 487 697 526 potest
734 478 1004 516 Antichristus
1042 479 1103 515 vel
1141 480 1306 527 angelus
1349 480 1396 515 de
1430 480 1515 515 celo

172 538 434 572 §subvertere
467 536 583 573 istam
618 536 752 572 fidem.

262 595 310 629 Et
341 593 372 629 si
405 593 477 629 iste
509 602 589 630 tres
634 602 767 642 partes
812 593 976 630 ecclesie
1009 594 1048 629 in
1094 595 1168 630 hac
1209 594 1285 630 fide
1318 594 1516 630 catholica
1560 602 1627 629 The
1646 602 1769 630 Church

205 651 456 687 constancius
496 651 573 688 sint
617 651 822 697 instrucre,
869 652 971 688 foret
1005 651 1181 687 medium
1229 652 1431 688 sufficiens
1464 653 1515 688 ad
1531 637 1802 707 Βηὸξῐῗέῐῗοῆῗέρο

203 709 423 744 tollendum
449 710 550 745 hanc
573 708 783 757 perfidiam
807 709 1062 755 Antichristi3
1097 722 1169 746 nec
1202 710 1331 745 solum
1356 709 1396 745 in
1429 721 1517 757 per-
1583 707 1641 733 and
1664 710 1753 740 sects,

203 778 343 802 sonam
378 779 479 814 pape
522 768 590 803 sed
628 766 669 802 in
708 768 777 803 has
810 775 983 815 quatuor
1014 775 1141 803 sectas
1173 766 1247 802 sibi
1280 768 1516 803 adherentes

153 823 244 859 [oin
278 823 421 872 quibus
454 833 531 860 stat
569 824 671 861 sicut
709 833 941 872 tetragonus
981 826 1127 860 debent
1167 825 1238 861 hee
1271 833 1350 861 tres
1382 833 1516 872 partes

204 881 370 917 ecclesie
410 894 525 930 agere
571 883 790 927 moderate,
836 895 917 918 non
950 882 1039 918 dico
1085 882 1307 918 occidendo
1339 883 1399 918 vel
1432 895 1517 918 cor-

204 939 391 987 poraliter
410 941 687 988 persequendo
704 941 772 976 sed
796 939 1001 976 caritative
1024 941 1254 988 corporales
1279 940 1517 976 elemosinas

203 998 476 1034 subtrahendo
516 1006 553 1033 et
595 997 949 1034 fundamentaliter
981 999 1135 1045 agendo
1167 997 1333 1034 viriliter
1371 997 1411 1033 in
1444 998 1518 1034 hac

204 1067 325 1091 causa
357 1056 473 1091 debet
506 1068 590 1091 esse
622 1055 719 1091 fides
743 1055 1063 1091 conversacionis
1096 1055 1243 1092 Ch1isti
1277 1064 1314 1091 et
1346 1055 1518 1103 octiplex

152 1112 373 1161 157perfidia
395 1113 562 1149 recitata
596 1113 711 1149 huius
736 1113 897 1161 reprobi
930 1113 1136 1161 fugienda3
1171 1113 1314 1161 quibus
1349 1113 1517 1161 cognitis

204 1182 284 1206 non
325 1170 550 1218 depalliatis
591 1170 768 1206 censuris
806 1171 867 1206 vel
906 1171 992 1206 aliis
1031 1170 1375 1207 succrescentibus
1415 1170 1518 1218 peri-

205 1228 302 1264 culis
336 1228 517 1265 fidelibus
550 1228 865 1266 formidandum.

264 1287 430 1322 Constat
475 1295 610 1322 tamen
656 1298 699 1322 ex
732 1286 972 1334 antiquitate
1013 1286 1167 1333 peccati
1201 1285 1317 1322 tracti
1350 1286 1391 1322 in
1424 1298 1516 1322 con-
1556 1294 1627 1321 who
1648 1295 1723 1322 have
1744 1302 1783 1321 no

204 1344 455 1380 suetudinem
488 1345 596 1392 quod
628 1343 701 1380 iste
734 1344 869 1391 refuga
903 1344 1021 1380 habet
1046 1344 1192 1380 multos
1226 1353 1517 1380 consentaneos
1550 1329 1782 1398 sugpggtmfffim

148 1412 189 1432 20
205 1410 241 1437 et
275 1410 537 1450 procurantes
562 1403 611 1437 ad
644 1414 759 1437 suum
784 1401 937 1437 facinus
961 1410 1258 1449 promoventes,
1292 1403 1368 1438 Sed
1392 1415 1515 1437 unum

204 1459 397 1496 solacium
433 1459 611 1495 fidelium
635 1468 712 1495 stat
745 1459 784 1495 in
818 1459 895 1495 isto
919 1461 1025 1507 quod
1050 1472 1189 1495 omnes
1214 1459 1518 1496 consencientes

205 1517 295 1554 huic
327 1518 463 1565 refuge
485 1530 565 1554 non
599 1526 768 1565 possunt
791 1517 966 1553 invenire
999 1529 1119 1553 unam
1144 1517 1335 1553 sintillam
1371 1517 1518 1553 coloris

203 1574 243 1610 in
276 1575 353 1611 fide
384 1575 579 1623 scripture
612 1576 719 1623 quod
753 1576 824 1611 hec
858 1574 955 1611 dicit
990 1574 1199 1614 Dominus,
1245 1576 1353 1623 quod
1385 1575 1519 1611 taliter

204 1641 261 1669 est
293 1634 507 1681 agendum,
552 1641 595 1669 ut
626 1641 735 1681 patet
774 1634 820 1668 de
853 1641 959 1668 secta
993 1632 1329 1669 Mendicancium.
1383 1634 1431 1668 Et
1463 1632 1517 1668 ita

148 1695 186 1727 25
205 1690 408 1727 evidenter
439 1691 487 1727 de
520 1690 607 1726 aliis
641 1690 768 1726 tribus
801 1690 931 1726 sectis.

262 1750 304 1785 In
337 1757 420 1785 tota
454 1748 530 1784 ista
571 1748 740 1784 materia
764 1749 881 1784 debet
911 1747 1038 1783 fidelis
1066 1747 1320 1783 considerare
1348 1747 1517 1783 sollicite
1570 1754 1637 1782 The
1658 1754 1765 1783 devil's

205 1808 312 1854 quod
340 1807 646 1842 fundamentum
664 1807 806 1842 domus
823 1805 1041 1854 spiritualis
1060 1805 1234 1841 hominis
1257 1806 1399 1841 debeat
1433 1817 1516 1841 esse
1551 1793 1786 1859 Cffstsessft‘tfsnaitffi

206 1864 302 1900 fides
326 1873 363 1900 et
386 1865 494 1912 quod
517 1863 700 1900 diabolus
722 1876 792 1911 per
817 1863 923 1899 mille
943 1864 1156 1899 meandros
1178 1863 1318 1898 nititur
1341 1864 1415 1898 hoc
1431 1863 1516 1898 fun-

206 1922 437 1958 damentum
454 1921 570 1957 huius
586 1923 730 1958 domus
746 1923 950 1957 destruere
965 1929 1002 1956 et
1017 1920 1217 1968 paulative
1233 1920 1347 1968 quasi
1364 1920 1516 1968 lapides

150 1985 191 2016 30
207 1979 322 2016 huius
344 1979 595 2016 fundamenti
619 1979 740 2015 diruit
759 1988 795 2015 et
818 1979 896 2015 alia
919 1978 1071 2014 lubrica
1087 1991 1132 2015 ac
1154 1978 1315 2025 putrida
1331 1978 1514 2026 imponit.

265 2040 312 2073 Et
346 2039 465 2073 modo
499 2036 655 2085 capitur
678 2046 721 2073 ut
754 2037 863 2080 fides,
898 2036 930 2072 si
964 2036 1091 2072 maior
1124 2048 1215 2084 pars
1249 2036 1513 2072 cardinalium
1556 2042 1649 2078 Many
1670 2042 1782 2088 believe

206 2096 404 2132 consentit
436 2095 476 2131 in
509 2094 750 2131 eleccionem
783 2094 897 2130 istius
929 2106 1044 2142 pape,
1085 2102 1179 2130 tunc
1212 2093 1296 2141 ipse
1335 2103 1392 2129 est
1425 2106 1515 2141 pro·
1530 2077 1793 2139 taegrtdhseslsscgffids

204 2153 331 2189 ximus
363 2152 534 2190 vicarius
566 2152 605 2188 in
639 2152 754 2188 terris
794 2160 831 2188 et
863 2164 1009 2199 sequax
1053 2151 1207 2187 domini
1238 2153 1329 2187 Jesu
1354 2151 1515 2187 Christi.
1531 2146 1803 2208 bssffhcecepgsedellikss

78 2217 162 2255 425⁸
207 2213 391 2247 Secundo
424 2211 454 2246 si
500 2210 583 2258 ipse
616 2210 831 2258 quicquam
861 2206 866 2261 ἰ
896 2209 1108 2254 definierit,
1162 2218 1256 2245 tunc
1308 2208 1439 2256 ipsum
1474 2217 1517 2245 ut
1643 2189 1660 2215 g
1704 2189 1720 2215 p
1755 2202 1761 2208 ⁴

150 2270 189 2301 35
207 2268 456 2316 evangelium
492 2276 549 2304 est
572 2269 831 2305 credendum.
863 2269 911 2303 Et
944 2279 987 2303 ex
1020 2267 1104 2303 istis
1129 2267 1327 2314 pullulant
1360 2268 1516 2303 hereses

207 2326 374 2372 infinite,
415 2325 508 2374 quia
547 2325 603 2361 sic
642 2334 727 2362 tota
760 2325 858 2361 fides
893 2324 1091 2372 scripture
1125 2337 1194 2372 per
1226 2337 1386 2360 sensum
1419 2324 1515 2360 sini-

207 2393 331 2419 strum
380 2383 453 2419 sibi
492 2383 724 2431 impositum
758 2391 891 2431 posset
924 2382 1074 2418 destrui
1107 2382 1322 2430 paulative,
1363 2391 1399 2418 et
1432 2390 1517 2418 tota

207 2441 419 2477 credulitas
450 2440 650 2478 viancium
684 2441 724 2476 in
756 2440 944 2488 operibus
976 2440 1132 2477 virtutis
1163 2439 1352 2476 virtuosis
1386 2448 1517 2487 posset

207 2499 407 2535 declinare
440 2500 489 2535 ad
521 2498 623 2535 vicia
656 2511 726 2546 per
758 2500 833 2534 hoc
866 2498 1180 2534 instrumentum
1215 2497 1378 2534 diaboli.
1425 2498 1517 2533 Ideo

276 2614 314 2677 {lh
337 2615 375 2676 Bt:
398 2619 430 2643 ut
448 2615 538 2643 modo
549 2625 558 2647 ‚·
577 2615 618 2642 ib.
640 2616 668 2642 A
688 2615 718 2642 in
741 2623 855 2650 marg:
878 2623 900 2641 1.
992 2613 1037 2649 34.
1061 2616 1089 2642 A
1109 2615 1138 2642 in
1162 2623 1276 2649 merge
1298 2622 1326 2642 2.
1406 2612 1453 2648 39.
1476 2614 1515 2640 B:

202 2658 261 2685 per
303 2658 373 2677 eeS.

276 2709 375 2741 2—5.
403 2710 601 2741 Secundum
628 2709 784 2751 Apostol.
813 2709 887 2742 Gal.
913 2709 977 2740 VI:
1014 2709 1110 2749 Opus
1136 2719 1236 2740 suum
1258 2708 1387 2748 probet
1413 2718 1517 2739 unus-

207 2756 348 2798 quisque
375 2762 438 2787 etc.
478 2756 591 2794 Quam
626 2756 818 2786 doctrinam
844 2755 1031 2786 Taboritae
1062 2761 1277 2796 receperunt.
1314 2753 1383 2785 Cfr.
1410 2753 1518 2785 Chro-

208 2802 312 2833 nicon
338 2802 463 2833 Tabor.
492 2802 577 2843 Cap.
602 2802 723 2841 XXlV⁷
756 2812 805 2844 19,
835 2811 887 2841 20,
915 2802 1019 2840 XXV,
1045 2800 1077 2832 8.
