1986 3289
201 230 289 257 CAP-
316 220 455 273 XLVII]
562 232 621 262 DE
649 230 962 262 ANTICHRISTO
993 231 1075 261 [1113.
1103 231 1125 261 I.

200 351 275 388 que
309 346 469 375 movent
512 337 642 385 ipsam
688 345 725 372 et
760 345 964 373 moverent
1009 345 1174 372 cunctos
1208 336 1427 373 catholicos
1461 337 1513 372 ad

201 397 315 433 istam
343 404 497 444 partem
532 395 624 431 fidei
658 394 958 441 sustinendum3
992 403 1029 431 et
1062 394 1275 431 confitetur
1309 394 1515 430 humiliter

200 456 308 503 quod
353 466 423 502 per
469 452 719 490 adversarios
753 453 871 489 docto
917 452 1119 489 contrario
1164 464 1234 500 per
1266 451 1515 500 impossibile

199 513 281 549 vult
305 524 481 548 errorem
505 524 621 547 suum
645 522 813 547 renuere
838 519 875 546 et
896 510 1055 547 veritati
1080 509 1282 546 contraria
1307 509 1514 546 assentire.

168 575 184 608 5
259 572 428 607 Constat
480 577 613 605 autem
660 581 704 604 ex
748 568 927 616 practica
973 577 1009 605 et
1060 569 1163 604 forte
1214 567 1384 604 veritate
1424 567 1517 603 fidei

202 636 386 664 movente
419 626 713 664 conscienciam
758 627 965 674 lapsorum
1011 626 1051 662 in
1090 625 1260 662 heresim
1303 627 1410 674 quod
1442 625 1518 673 ipsi

202 685 366 722 heretici
410 698 431 722 a
477 684 616 721 mundi
667 683 866 732 principio
918 684 1053 720 fideles
1105 684 1263 720 fuerant
1320 683 1519 732 persecuti

202 743 451 780 nominando
485 743 592 791 ipsos
614 742 823 788 hereticos,
857 751 894 778 et
917 741 1104 778 catholici
1128 750 1292 778 econtra
1315 741 1521 777 humiliter

204 801 461 850 publicarunt
494 800 699 836 racionem
733 812 802 836 sue
825 800 1028 836 sentencie
1061 808 1099 835 et
1132 800 1322 836 oracione
1355 812 1401 836 ac
1437 811 1517 835 me-

152 875 190 896 10
206 859 280 895 diis
326 859 413 895 aliis
447 857 684 906 evangelicis
731 866 888 906 partem
923 857 977 894 eis
1023 858 1291 894 econtrariam
1338 859 1389 893 ad
1421 857 1520 894 veri-

203 925 327 954 tatem
380 916 472 953 fidei
518 916 777 953 inclinarunt.
840 915 933 952 Ovis
986 915 1090 952 enim
1138 928 1221 952 non
1265 915 1522 964 persequitur

203 976 342 1023 lupum
377 976 445 1011 sed
479 974 693 1010 crudeliter
724 975 841 1022 lupus
874 986 1002 1019 ovem,
1042 974 1146 1010 latro
1180 973 1307 1010 eciam
1340 973 1381 1009 in
1413 981 1521 1009 tene-

205 1034 277 1069 bra
308 1041 425 1069 vocat
469 1032 627 1069 fidelem
668 1032 881 1078 latronem,
935 1033 1003 1068 sed
1048 1031 1176 1068 fidelis
1219 1044 1293 1079 pro
1338 1040 1521 1079 tempore

205 1091 303 1127 illud
334 1098 452 1127 tacet.
485 1090 663 1126 Medium
697 1102 791 1138 ergo
814 1090 909 1126 satis
942 1090 1144 1126 sufficiens
1168 1089 1352 1138 quietans
1386 1089 1522 1125 fideles

153 1149 245 1186 15in
279 1149 354 1185 ista
387 1148 553 1185 materia
586 1157 644 1184 est
677 1149 783 1196 quod
811 1147 887 1196 ipsi
920 1147 1051 1184 sciunt
1083 1149 1226 1184 docere
1260 1159 1522 1195 quoscunque

207 1214 418 1255 querentes
458 1207 505 1242 de
549 1218 619 1243 sua
659 1206 750 1251 fide,
795 1205 863 1242 ubi
908 1207 979 1242 hec
1025 1205 1120 1242 dicit
1164 1205 1375 1242 Dominus.
1427 1207 1523 1242 Pars

208 1273 341 1301 autem
395 1265 560 1301 adversa
604 1264 731 1301 nescit
773 1264 905 1300 dicere
957 1263 1204 1300 evidenciam
1242 1264 1301 1300 vel
1340 1264 1523 1311 perfunc-

208 1322 354 1359 toriam
405 1335 479 1370 pro
532 1334 602 1358 sua
636 1322 843 1358 sentencia
882 1323 949 1358 sed
982 1322 1111 1358 solum
1156 1322 1275 1358 istam
1320 1321 1523 1358 infidelem

209 1380 413 1428 arguciam
468 1381 575 1428 quod
627 1380 772 1428 prelati
825 1380 940 1416 multi
984 1380 1125 1416 cesarii
1165 1388 1202 1416 et
1241 1380 1360 1427 longe
1394 1379 1525 1416 maior

152 1453 193 1474 20
209 1451 301 1487 pars
333 1437 593 1485 superstitum
627 1447 683 1474 est
716 1446 858 1486 parata
897 1451 987 1474 cum
1022 1437 1100 1474 illis
1134 1439 1184 1474 ad
1224 1437 1522 1474 testificandum

209 1509 323 1533 suam
356 1496 602 1532 sentenciam
638 1509 758 1544 quam
794 1505 970 1533 econtra.
1019 1497 1097 1532 Sed
1129 1495 1258 1532 fidelis
1293 1497 1410 1532 debet
1445 1507 1527 1531 cre-

210 1555 302 1590 dere
335 1555 444 1602 quod
478 1553 593 1590 multi
615 1563 706 1590 sunt
737 1554 880 1600 vocati,
914 1553 1033 1602 pauci
1064 1566 1157 1591 vero
1191 1553 1326 1600 electi3
1366 1562 1403 1589 et
1436 1566 1527 1589 cum

210 1611 423 1648 stultorum
458 1611 637 1648 infinitus
671 1611 721 1648 sit
753 1624 956 1658 numerus,
990 1612 1161 1660 populus
1184 1624 1265 1648 non
1299 1613 1415 1648 debet
1448 1623 1528 1647 cre-

210 1671 302 1706 dere
326 1669 421 1717 ipsis
445 1670 485 1706 in
508 1670 583 1706 ista
607 1670 776 1706 materia
809 1670 864 1706 sic
888 1670 1021 1706 decisa
1055 1683 1076 1706 a
1109 1670 1186 1705 fide
1211 1669 1419 1717 scripture,
1453 1668 1529 1705 nisi

155 1732 195 1764 25
213 1729 260 1764 de
304 1737 454 1776 quanto
497 1727 572 1776 ipsi
622 1740 662 1764 se
705 1728 873 1765 fundare
920 1727 1106 1765 sciverint
1149 1727 1190 1763 in
1222 1727 1440 1775 scriptura;
1493 1735 1530 1763 et

212 1785 327 1822 facile
372 1795 428 1822 est
461 1786 626 1822 domino
658 1785 837 1822 veritatis
869 1786 987 1822 istam
1015 1785 1284 1834 penitenciam
1324 1785 1365 1821 in
1400 1784 1530 1821 cordi-

212 1845 284 1880 bus
316 1856 495 1893 suorum,
530 1845 692 1892 quando
727 1853 764 1880 et
797 1843 970 1892 qualiter
1001 1844 1184 1889 voluerit,
1219 1843 1425 1882 suscitare.

272 1903 348 1938 Ista
400 1910 533 1938 autem
579 1902 781 1938 sentencia
825 1902 1095 1938 consolatoria
1135 1910 1192 1938 est
1231 1914 1253 1938 a
1286 1901 1528 1949 quibusdam

215 1959 398 1995 fidelibus
437 1960 640 1996 declarata
679 1961 788 2008 quod
837 1960 1079 1997 catholicum
1127 1968 1228 1996 esset
1260 1971 1334 1995 nec
1367 1960 1528 1995 credere

160 2023 201 2055 30
215 2017 282 2053 uni
316 2029 419 2065 pape
450 2030 522 2054 nec
555 2017 682 2064 alteri,
729 2027 945 2066 antequam
993 2017 1140 2054 heresis
1173 2019 1338 2053 tenebre
1380 2016 1529 2053 fuerint

215 2075 367 2111 lumine
400 2075 492 2111 fidei
525 2076 737 2125 declarate,
783 2077 891 2124 quod
925 2085 982 2112 est
1025 2075 1239 2112 verisimile
1273 2077 1398 2111 Deum
1436 2087 1530 2111 con-

217 2134 370 2179 cedere,
404 2133 505 2169 sicut
529 2133 711 2170 concedit
744 2133 878 2170 Grecis
912 2142 948 2170 et
978 2133 1064 2170 aliis
1088 2133 1272 2169 fidelibus
1297 2142 1403 2169 extra
1427 2133 1531 2168 hunc

217 2190 337 2226 situm
402 2190 630 2227 habitabilis
688 2193 736 2228 ab
795 2191 1033 2228 Antichristi
1091 2190 1273 2227 versucia
1323 2190 1529 2227 libertatis.

219 2249 367 2285 Credat
420 2262 513 2296 ergo
566 2249 693 2285 fidelis
737 2249 777 2285 in
821 2249 1029 2286 dominum
1073 2250 1205 2285 Jesum
1247 2248 1449 2285 Christum
1497 2257 1534 2284 et

164 2310 202 2343 35
220 2306 444 2354 baptizetur
477 2306 604 2343 eciam
639 2320 661 2343 a
693 2307 796 2343 laico
842 2316 879 2343 et
914 2316 970 2344 est
1002 2307 1042 2343 in
1074 2307 1137 2343 via
1170 2306 1393 2342 sufficiente
1424 2305 1533 2343 veni-

221 2364 314 2400 endi
347 2366 396 2400 ad
431 2364 617 2412 patriam,
651 2377 742 2401 cum
767 2364 947 2401 Christus
980 2364 1045 2413 qui
1082 2364 1241 2400 mentiri
1274 2377 1355 2400 non
1388 2363 1535 2412 poterit

221 2422 328 2458 dicat
360 2422 484 2458 Marci
528 2422 670 2458 ultimo
716 2423 781 2471 qui
825 2423 1035 2459 crediderit
1078 2429 1113 2457 et
1156 2422 1372 2474 baptizatus
1407 2422 1536 2470 suerit

221 2480 338 2516 salm't
371 2481 456 2517 erit.
492 2481 646 2516 Habeat
680 2493 772 2528 ergo
805 2480 935 2517 viator
958 2480 1078 2516 fidem
1104 2480 1144 2516 in
1168 2479 1378 2516 dominum
1400 2482 1534 2516 Jesum

222 2537 425 2574 Christum
459 2551 482 2574 a
513 2551 593 2586 quo
616 2550 697 2574 non
721 2538 880 2574 decidat
912 2547 948 2574 et
978 2537 1204 2575 necessario
1228 2547 1285 2574 est
1307 2538 1533 2574 salvandus.

163 2610 208 2641 40
282 2597 388 2631 Idem
424 2608 516 2644 ergo
550 2604 607 2632 est
640 2596 791 2632 dicere:
827 2597 1002 2644 Oportet
1035 2597 1196 2632 credere
1229 2596 1269 2632 in
1302 2608 1449 2644 papam
1482 2595 1537 2632 al-

223 2662 353 2690 terum
387 2654 448 2690 vel
481 2653 655 2701 aliquem
699 2655 746 2689 de
779 2653 854 2689 hiis
888 2653 1005 2690 sectis
1038 2662 1212 2702 quatuor
1243 2654 1275 2690 si
1308 2654 1430 2690 homo
1463 2653 1537 2689 sal-

223 2711 395 2757 vabitur,
432 2720 469 2747 et
492 2711 624 2747 dicere
658 2713 765 2759 quod
799 2720 958 2759 oportet
990 2711 1021 2747 si
1055 2712 1177 2747 homo
1202 2711 1420 2748 salvabitur
1453 2723 1536 2747 cre-

226 2770 317 2805 dere
350 2769 389 2805 in
421 2768 711 2806 Antichristum
747 2778 783 2805 et
816 2769 1041 2817 relinquere
1075 2769 1193 2805 fidem
1219 2769 1301 2807 Dei.
1334 2771 1436 2805 Nam
1471 2768 1538 2817 qui

227 2827 369 2863 adorat
401 2840 547 2875 papam
582 2839 651 2875 per
690 2828 837 2874 pedum
872 2828 1009 2863 oscula
1043 2828 1251 2863 beatorum
1286 2836 1323 2863 et
1356 2826 1538 2863 faciendo

1728 221 1797 268 173

1566 413 1623 440 We
1644 413 1706 449 rely
1726 421 1765 440 on

1554 448 1710 483 Scripture
1732 452 1785 487 not

1536 491 1574 510 on
1596 487 1801 518 persecution.

1570 1049 1637 1076 The
1657 1048 1778 1076 faithful

1537 1084 1601 1119 rely
1620 1092 1658 1110 on
1682 1082 1814 1111 Christ's

1566 1118 1688 1151 words;
1710 1117 1789 1144 their

1555 1157 1731 1215 Οἳροὲῗὲἶέῗ
1745 1160 1791 1214 31³¹

1572 1193 1751 1258 tl{relatea

1585 1919 1644 1947 We
1664 1919 1776 1947 should

1572 1959 1650 1982 trust
1670 1955 1788 1981 neither

1571 1998 1651 2025 pope
1671 1990 1714 2016 till
1735 1989 1796 2016 this

1562 2025 1633 2052 mist
1652 2025 1686 2051 of
1703 2024 1812 2059 heresy

1609 2061 1664 2086 has
1686 2059 1761 2086 been

1562 2094 1680 2122 cleared
1702 2101 1799 2129 away.
