1986 3289
170 518 237 544 The
258 517 373 544 church

148 552 279 579 militant
299 552 324 578 is
345 551 398 578 full

170 588 205 613 of
224 586 366 613 heretics.

135 863 203 890 The
224 867 301 890 sects
323 863 402 898 daily

149 899 212 933 slay
234 898 339 925 Christ
360 898 399 933 by

186 934 264 960 their
284 934 359 960 false

194 969 346 1003 reaching.

217 2151 352 2178 Jerome:

729 225 848 261 opus
873 224 1207 260 EVANGELICUM
1237 224 1321 260 ΜΒ.
1347 225 1401 260 111.
1486 211 1593 269 [CAP.
1614 221 1738 253 xxvn.

425 336 493 371 sed
527 334 619 383 quia
652 347 732 371 non
766 336 928 371 credent
960 334 1001 370 in
1030 334 1162 382 ipsum
1195 334 1388 371 radicitus
1416 335 1484 371 sed
1517 343 1739 383 sequentur

424 393 465 429 in
498 393 677 429 moribus
700 392 1006 439 Antichristum‚
1041 392 1131 429 ideo
1155 392 1338 429 Christus
1372 392 1469 429 dicit
1492 394 1600 441 quod
1632 392 1739 441 ipsos

424 450 578 487 nesciat
610 459 653 486 ut
686 451 902 489 salventur.

481 508 626 545 Tercio
670 508 828 545 videtur
872 509 976 544 hunc
1027 516 1211 545 sanctum
1258 508 1390 545 dicere
1435 507 1528 556 quia
1573 507 1741 544 ecclesia

425 566 602 602 militans
635 566 685 602 sit
718 566 837 614 plena
870 565 1055 602 hereticis
1089 565 1158 615 qui
1191 566 1231 602 in
1264 566 1392 603 verbis
1426 565 1669 603 confitentur
1701 569 1774 602 se5

425 636 508 660 esse
542 625 722 660 membra
755 624 920 661 ecclesie
953 632 990 660 et
1021 634 1159 661 tamen
1191 623 1230 660 in
1263 624 1344 661 vita
1378 632 1415 661 et
1448 623 1627 661 moribus
1661 636 1743 660 non

424 691 646 730 sequuntur
670 681 873 719 Christum
907 683 975 717 sed
1008 681 1164 730 plenius
1196 682 1509 729 Antichristum3
1542 690 1580 718 et
1613 681 1659 727 (si
1685 681 1742 718 fas

425 749 527 777 esset
560 739 704 784 dicere)
738 740 802 776 isti
836 739 1000 776 heretici
1033 749 1125 776 sunt
1158 752 1180 776 a
1212 753 1318 789 papa
1349 752 1475 788 usque
1507 740 1558 776 ad
1592 747 1742 776 sectam

424 797 685 834 novissimam
720 797 923 837 seminati.

485 857 639 901 Quarto
671 855 828 892 videtur
869 857 975 892 hunc
1008 864 1192 892 sanctum
1225 855 1345 904 plane
1379 855 1601 904 exprimere
1634 856 1741 903 quod
1764 868 1803 889 10

427 913 593 950 heretici
639 915 687 950 de
731 913 816 950 istis
855 913 974 950 sectis
1013 922 1187 962 quatuor
1226 914 1373 950 nedum
1417 922 1510 950 sunt
1542 912 1745 950 homicide

427 973 496 1007 sed
540 971 730 1008 occidunt
769 971 919 1008 cotidie
959 971 1169 1008 dominum
1209 973 1342 1008 Jesum
1386 971 1606 1018 Christum,
1651 970 1745 1020 quia

428 1029 634 1077 extingunt
677 1029 854 1077 graciam
899 1042 971 1078 per
1014 1042 1137 1078 quam
1182 1030 1427 1066 formaretur
1476 1029 1660 1066 Christus
1705 1028 1746 1065 in

427 1087 507 1123 suis
557 1087 763 1134 fidelibus3
809 1100 882 1124 nec
924 1088 1069 1125 falsum
1110 1096 1168 1124 est
1205 1089 1274 1124 sed
1313 1086 1434 1124 nimis
1466 1100 1604 1124 verum
1638 1087 1746 1136 quod

427 1146 477 1181 ad
500 1145 620 1181 istum
645 1158 807 1182 sensum
832 1145 1014 1183 Christus
1038 1145 1185 1183 cotidie
1208 1145 1419 1192 occiditur,
1452 1145 1577 1182 immo
1610 1158 1632 1181 a
1656 1157 1747 1193 pro·
1767 1146 1802 1178 15

427 1202 548 1239 babili
578 1216 706 1252 usque
737 1205 787 1240 ad
811 1203 917 1240 diem
949 1203 1088 1241 iudicii
1116 1203 1335 1249 occidetur,
1370 1216 1450 1240 non
1483 1203 1748 1251 personaliter

427 1261 467 1297 in
506 1274 677 1309 persona
716 1261 880 1309 propria
919 1261 1022 1298 sicut
1059 1261 1174 1298 Judei
1217 1261 1349 1310 ipsum
1389 1261 1633 1311 occiderant,
1679 1261 1745 1297 sed

427 1319 689 1367 spiritualiter
728 1319 768 1355 in
801 1332 975 1368 persona
1022 1321 1297 1357 membrorum
1330 1332 1495 1356 suorum
1530 1319 1571 1355 in
1603 1318 1746 1368 quibus

427 1378 478 1413 ad
510 1377 806 1425 plenitudinem
840 1377 915 1414 viri
948 1378 1115 1426 perfecti
1149 1377 1313 1415 ecclesie
1346 1377 1601 1416 formaretur.

893 1513 1033 1554 CAP.
1065 1514 1281 1555 XXVII.
1764 1539 1807 1561 20

487 1611 624 1646 Restat
668 1618 961 1658 consequenter
991 1609 1126 1646 videre
1160 1611 1208 1646 de
1240 1622 1358 1646 sensu
1398 1604 1546 1646 XXIVti
1582 1608 1747 1657 capituli

430 1667 547 1704 huius
592 1667 788 1715 evangelii
839 1667 879 1704 in
924 1680 1004 1716 quo
1049 1667 1206 1704 videtur
1251 1668 1473 1704 Mattheum
1527 1666 1748 1715 exprimere

428 1725 630 1762 versucias
661 1725 912 1763 Antichristi.
958 1727 1063 1762 Ante
1094 1738 1189 1762 vero
1229 1725 1447 1762 declaravit
1489 1725 1748 1762 condiciones

430 1785 704 1820 membrorum
728 1796 914 1830 suorum3
948 1785 1016 1820 sed
1041 1784 1218 1820 declarat
1248 1783 1468 1832 expressius
1491 1782 1748 1820 condiciones

430 1841 547 1877 huius
580 1841 755 1889 reprobi.
790 1841 895 1878 Dicit
927 1841 1067 1889 igitur:
1101 1842 1154 1878 Et
1185 1854 1368 1893 egressus
1387 1841 1499 1878 Jesus
1526 1842 1572 1877 de
1594 1841 1806 1890 templo‚25

431 1900 529 1944 ibat;
559 1907 594 1936 et
625 1907 869 1936 accesserunt
901 1900 1089 1949 discipuli,
1122 1900 1202 1936 eius
1234 1907 1273 1935 ut
1305 1900 1549 1936 ostenderent
1581 1899 1616 1935 ei
1644 1898 1750 1950 edifi-

432 1958 605 1994 caciones
650 1958 790 2006 tenfzpli.
838 1958 922 2007 Ipse
964 1965 1089 1993 autem
1135 1958 1368 2006 respondens
1407 1957 1462 1993 ait
1499 1957 1571 1993 eis.-
1610 1956 1752 1992 Videtis

432 2016 500 2051 hec
544 2016 682 2051 onznia.
728 2015 847 2051 Amen
881 2015 964 2051 dico
1005 2015 1121 2062 vohis,
1161 2028 1233 2051 non
1279 2016 1518 2064 relinquetur
1555 2015 1617 2050 hic
1656 2014 1751 2064 Iapis

431 2085 547 2123 super
579 2074 746 2122 lapidem
776 2069 781 2125 l
809 2073 874 2121 qui
903 2086 976 2110 non
1009 2074 1249 2109 destruatur.
1793 2071 1874 2109 414⁰

493 2132 622 2179 Super
654 2144 733 2179 quo
756 2130 1011 2178 Jeronymus:
1044 2131 1166 2167 Juxta
1200 2131 1402 2168 historiam
1436 2130 1664 2179 manifestus
1696 2137 1750 2166 est
1768 2133 1809 2165 30

142 2186 208 2213 The
229 2185 418 2213 destruction
434 2201 588 2234 sensus‚·
627 2190 827 2225 recedente
858 2197 983 2225 autem
1017 2189 1187 2225 Domino
1222 2190 1268 2225 de
1306 2189 1445 2238 templo
1485 2188 1611 2224 omnia
1652 2188 1751 2238 legis

159 2221 193 2247 of
211 2222 260 2247 tlie
280 2221 394 2254 temple

142 2255 283 2282 involved
306 2255 370 2281 that
391 2246 584 2296 ofedificia
629 2254 663 2282 et
700 2247 927 2296 composicio
967 2248 1240 2283 mandatorum
1280 2247 1332 2282 ita
1373 2248 1568 2282 destructa
1600 2253 1668 2288 est,
1712 2253 1751 2280 ut

145 2291 193 2317 llic
214 2290 328 2317 Jewish
350 2290 418 2316 law.

436 2305 551 2340 nichil
589 2317 610 2340 α
641 2305 773 2341 Judez's
806 2305 928 2353 possit
966 2305 1121 2353 impleri
1156 2312 1190 2340 et
1229 2305 1349 2353 capite
1387 2304 1537 2340 sublato
1570 2304 1750 2339 universa

436 2362 536 2398 inter
566 2374 607 2398 Se
638 2363 811 2399 membra
845 2369 1113 2412 compugnent.
1149 2364 1233 2398 Hec
1264 2364 1513 2410 JeronmeS.

492 2420 659 2456 Videtur
702 2421 808 2456 hunc
855 2428 1037 2457 sanctum
1084 2420 1265 2470 innuere,
1319 2433 1409 2456 cum
1463 2418 1600 2456 omnia
1648 2419 1750 2455 facta
1768 2422 1805 2454 35

436 2478 583 2513 Christi
617 2478 696 2514 sint
720 2477 963 2525 exemplaria
995 2477 1186 2523 veritatis,
1222 2479 1330 2526 quod
1364 2490 1544 2525 egressus
1576 2489 1669 2513 suus
1703 2477 1751 2512 de

435 2536 586 2583 templo
646 2536 792 2583 figurat
845 2536 1166 2572 destruccionem
1227 2535 1367 2583 templi
1420 2535 1658 2583 pontificum
1713 2543 1750 2570 et

505 2701 533 2725 4.
555 2694 583 2720 Α
605 2693 633 2719 in
657 2701 770 2728 marg:
791 2702 824 2727 3.
899 2702 939 2720 10.
969 2694 997 2720 A
1026 2693 1055 2720 in
1078 2700 1192 2727 marg:
1213 2698 1244 2725 4.
1330 2700 1374 2719 20.
1398 2692 1425 2719 A
1446 2692 1475 2718 in
1498 2699 1612 2724 marg..¹
1633 2697 1691 2725 27‚·
1719 2691 1748 2718 in

438 2735 533 2761 marg,
557 2736 643 2761 sup.:
665 2736 732 2761 cap.
755 2736 801 2758 24..
877 2728 921 2755 30.
944 2729 971 2755 A
994 2729 1022 2755 in
1041 2736 1155 2762 marg:
1177 2730 1373 2761 Jermymus.
1430 2725 1475 2760 34.
1497 2727 1540 2753 A:
1563 2728 1749 2761 expugnent.

438 2761 478 2787 35.
501 2765 527 2788 A
550 2762 578 2788 in
602 2770 716 2797 marg:
738 2762 905 2790 Jolmnnes.

511 2845 562 2876 25.
590 2845 708 2876 Matth.
737 2847 854 2885 XXIV,
889 2857 983 2877 1—2.
1059 2847 1110 2878 30.
1140 2847 1276 2877 Comm.
1306 2846 1337 2876 in
1365 2844 1481 2876 Matth.
1510 2845 1531 2875 l.
1558 2855 1586 2875 c.
1613 2854 1645 2885 p.
1678 2853 1750 2886 ¹92·
