1986 3289
205 205 293 233 CAP-
315 200 421 245 LXV]
574 209 632 240 DE
660 208 975 240 ANTICHRISTO
1003 208 1086 239 [ΑΒ.
1115 208 1137 239 1.

205 313 444 361 generaliter
477 314 713 362 preparacio
746 314 929 361 potencie
963 313 1219 361 resurgentis,
1255 322 1296 349 ut
1329 314 1368 350 in
1402 314 1510 350 finali

204 371 353 407 iudicio
401 372 532 408 debite
577 373 819 420 respondeat
853 374 936 408 Deo
970 385 1054 417 suo,
1109 373 1177 408 sed
1216 372 1372 408 videtur
1404 373 1511 420 quod

204 428 293 465 talis
339 430 503 467 ornacio
555 430 605 466 sit
648 429 868 478 longinqua
913 429 1162 466 consciencie
1214 429 1426 475 scrutacio,
1479 430 1510 465 si

204 488 326 523 homo
359 488 503 525 habeat
535 489 640 524 unde
674 487 806 524 divino
839 487 987 523 iudicio
1021 488 1151 530 debite
1184 496 1432 535 preparetur.

171 550 186 582 5
262 544 532 582 Crisostomus
593 554 726 582 auten]
772 557 892 593 super
939 545 1014 581 isto
1059 555 1165 582 textu
1211 545 1267 581 sic
1311 545 1509 593 loquitur:

212 602 315 638 Tunc
337 610 599 639 surrexerunt
622 615 751 639 omnes
781 604 966 654 virgines,
1000 604 1069 639 hoc
1102 611 1169 648 est,
1196 610 1399 652 postquam
1434 604 1511 639 cla-

203 672 290 696 mor
309 661 448 709 factus
469 661 613 710 fuerit,
658 673 730 696 non
763 662 886 696 solum
922 661 1012 696 iusti
1041 662 1109 697 sed
1141 661 1259 696 eciam
1288 665 1512 709 peccatores

205 719 251 753 de
281 730 439 768 sompno
472 719 714 770 negligencie
745 726 927 769 surgent:
967 719 1067 754 Tunc
1100 719 1446 767 incipient.timere
1476 726 1512 754 et

203 776 414 824 festinare,
464 784 551 812 tunc
582 777 739 812 credent
783 777 868 824 quia
910 788 998 812 vere
1018 776 1217 827 finiendus
1249 784 1303 812 est
1335 778 1510 823 mundus,

150 846 290 869 xonam
336 835 657 882 quemadmodum
701 835 892 870 securitas
936 834 1053 870 eciam
1099 834 1303 884 diligentes
1343 835 1512 875 homines

191 891 298 939 facit
330 892 582 942 negligentes,
615 892 669 928 sic
692 892 809 928 timor
826 892 1021 940 presentis
1047 891 1212 940 periculi
1234 892 1352 927 eciam
1386 893 1510 944 negli-

200 956 335 998 gentes
379 950 549 985 homines
594 950 746 985 exhibet
780 950 985 999 diligentes
1022 950 1090 985 sed
1122 950 1216 985 nihil
1253 950 1304 985 eis
1332 950 1512 998 proderit

203 1006 408 1057 diligencia
441 1007 508 1042 illa
540 1019 653 1056 quam
686 1015 849 1057 generat
882 1007 1013 1054 timor,
1058 1020 1130 1043 non
1153 1007 1271 1056 fides.
1323 1008 1426 1043 Tunc
1459 1008 1510 1042 in-

202 1064 378 1114 telligent
409 1065 495 1113 quia
541 1065 658 1100 nichil
701 1072 755 1101 est
787 1066 889 1113 quod
933 1065 1115 1100 vixerunt
1146 1065 1181 1100 in
1216 1066 1378 1109 mundo;
1424 1073 1511 1100 tunc

149 1121 379 1170 15incipient
409 1135 544 1172 sapere
592 1124 743 1170 quando
788 1123 905 1159 nichil
936 1123 988 1158 eis
1015 1122 1197 1172 proderit
1234 1123 1415 1171 sapuisse.
1461 1123 1511 1158 Et

202 1188 501 1228 composuerunt
533 1180 730 1229 lampades
752 1192 853 1224 suas,
889 1181 928 1215 id
960 1187 1027 1225 est,
1062 1188 1149 1216 tunc
1172 1193 1302 1216 omnes
1335 1181 1512 1229 incipient

201 1237 374 1286 aspicere
406 1245 441 1273 et
473 1238 664 1274 discutere
685 1238 810 1287 fidem
844 1251 966 1283 suam,
1000 1246 1087 1274 tunc
1110 1238 1406 1274 considerabunt
1437 1239 1510 1273 sin-

199 1295 288 1344 guli
308 1307 426 1343 opera
449 1308 532 1341 sua,
554 1296 646 1345 quid
673 1297 765 1331 bene
785 1297 984 1344 fecerunt,
1016 1296 1108 1345 quid
1134 1297 1246 1341 male,
1280 1304 1314 1331 et
1347 1297 1511 1332 interro—

199 1353 349 1402 gabunt
400 1354 655 1389 consciencias
698 1366 800 1389 suas.
861 1354 1198 1397 Quemadmodum
1244 1354 1341 1389 enim
1394 1367 1512 1403 super

143 1425 185 1445 20
202 1417 362 1446 venturo
385 1423 522 1460 sponso
546 1412 713 1459 festinat
746 1424 785 1447 se
816 1424 953 1461 sponsa
978 1424 1216 1461 componere,
1251 1424 1294 1447 ne
1317 1412 1430 1460 forte
1463 1424 1512 1447 ex

199 1468 325 1516 aliqua
353 1476 470 1517 parte
505 1469 703 1518 displiceat
733 1482 883 1518 sponso,
928 1470 981 1505 ita
1019 1470 1167 1519 singuli
1194 1464 1420 1519 ¹semetipsos
1458 1470 1512 1504 iu-

200 1525 379 1561 dicabunt
409 1527 514 1575 apud
544 1539 595 1562 se.
638 1527 724 1563 Hoc
757 1535 811 1563 est
836 1539 1061 1576 preparare
1082 1527 1205 1577 fldem
1238 1540 1360 1565 suam.
1400 1528 1513 1571 Quod

198 1583 329 1619 sinos
359 1596 513 1634 semper
552 1585 603 1620 ita
637 1585 896 1621 indicaremus
941 1593 1123 1634 quantum
1170 1592 1257 1621 tunc
1302 1586 1514 1621 iudicaturi

199 1653 342 1685 sumus,
375 1654 580 1690 numquam
607 1655 860 1691 peccaremus
893 1643 929 1678 in
954 1644 1093 1678 Deum.
1129 1643 1235 1678 Sicut
1266 1655 1363 1693 ergo
1398 1643 1511 1693 virgo

143 1703 183 1735 25
200 1699 388 1747 deformis
432 1708 466 1735 et
510 1701 644 1736 debilis
677 1701 756 1737 sine
800 1713 916 1736 causa
949 1713 988 1736 se
1020 1701 1221 1749 componit,
1273 1701 1326 1736 sic
1358 1708 1393 1736 et
1425 1708 1512 1736 tunc

193 1764 422 1806 peccatores
465 1758 544 1793 sine
589 1771 703 1794 causa
751 1771 791 1794 se
831 1759 1110 1808 preparabunt.
1157 1759 1388 1794 Naturalem
1429 1771 1510 1794 rem

199 1814 379 1863 loquitur.
426 1816 532 1851 Sicut
565 1828 639 1852 rex
676 1829 760 1851 cum
794 1823 966 1866 tyranno
1000 1817 1140 1852 bellum
1165 1816 1352 1864 facturus
1384 1816 1417 1852 si
1449 1829 1511 1852 1¹0-

199 1872 314 1907 luerit
357 1873 528 1922 aspicere
559 1874 770 1910 exercitum
818 1881 852 1909 et
895 1874 1145 1910 considerare
1189 1887 1300 1909 arma
1340 1874 1510 1919 illorum,

199 1929 297 1965 iubet
329 1930 429 1966 mitti
458 1932 586 1967 tubam
626 1939 665 1966 ut
685 1931 789 1981 fiant
833 1932 1031 1977 admoniti,
1073 1939 1160 1967 tunc
1199 1944 1329 1967 omnes
1373 1932 1512 1967 milites

144 1993 184 2025 30
201 1987 393 2035 festinant
424 1989 594 2038 aspicere
626 2002 737 2025 arma
769 2001 860 2034 sua;
904 2002 999 2026 unus
1046 1990 1108 2025 uhi
1137 1990 1185 2025 sit
1228 1990 1387 2039 gladius
1419 1990 1512 2034 eius,

200 2045 263 2081 ubi
293 2046 413 2082 lorica
446 2047 494 2082 sit
519 2047 661 2096 posita,
702 2047 765 2083 uhi
794 2054 943 2083 scutum
968 2048 1100 2093 iaceat,
1134 2055 1169 2083 et
1201 2047 1264 2096 qui
1292 2047 1512 2083 securitatis

199 2110 371 2152 tempore
440 2117 552 2140 arma
610 2117 679 2141 sua
718 2117 868 2154 parare
921 2105 1080 2151 studuit,
1118 2112 1285 2154 paratus
1329 2113 1363 2141 et
1416 2106 1512 2141 letus

199 2161 323 2196 currit
365 2162 417 2196 ad
460 2162 756 2210 inspeccionem7·
807 2163 872 2211 qui
901 2171 1027 2199 autem
1073 2170 1246 2212 tempore
1289 2163 1509 2199 securitatis

197 2218 374 2268 gladium
407 2231 517 2255 suum
550 2220 762 2271 eruginare
794 2220 938 2257 dimisit
976 2228 1041 2256 aut
1074 2221 1235 2257 loricam
1269 2222 1508 2264 sordescere,

144 2280 182 2313 35
199 2283 347 2312 scutum
369 2278 520 2328 frangi
561 2285 626 2313 aut
658 2278 797 2327 rumpi,
844 2291 929 2314 cum
962 2278 1131 2314 audierit
1164 2279 1306 2321 tubam,
1361 2286 1395 2314 et
1434 2279 1512 2327 ipse

199 2334 348 2381 quidem
382 2335 574 2371 excitatus
605 2335 745 2372 timore
764 2336 932 2384 festinat
977 2337 1115 2372 limare
1151 2337 1343 2387 gladium,
1386 2337 1511 2371 deler—

198 2404 295 2441 gere
328 2392 504 2437 loricam,
538 2393 667 2444 ligare
697 2401 763 2429 aut
794 2394 992 2444 stringere
1024 2401 1188 2440 scutum,
1232 2395 1299 2430 sed
1339 2406 1410 2430 non
1441 2406 1509 2442 po-

201 2449 290 2485 terit
322 2450 450 2486 celare
494 2452 778 2501 negligenciam
812 2464 936 2496 suam,
984 2452 1070 2500 quia
1116 2464 1263 2502 urgens
1308 2452 1512 2487 necessitas

269 2636 297 2663 9.
318 2629 362 2657 A:
384 2629 467 2665 quod
485 2637 567 2657 vere.
665 2628 772 2663 13—14.
794 2631 837 2657 A:
860 2630 1156 2664 intelligent—nme
1175 2630 1274 2663 decem
1297 2630 1317 2656 P,
1339 2630 1368 2657 in
1392 2638 1507 2665 marg:

200 2663 295 2692 addit.
397 2672 442 2691 20.
463 2664 680 2699 A5festinant
700 2665 746 2692 de.
838 2672 880 2691 22.
902 2669 927 2691 ct
950 2672 993 2699 27.
1017 2665 1135 2692 Codd.:
1159 2672 1312 2699 reparare
1334 2686 1338 2690 .
1365 2686 1370 2690 .
1394 2685 1400 2691 .
1422 2673 1509 2699 repa-

200 2699 320 2726 rabunt.
411 2707 454 2734 27.
476 2700 520 2725 A:
543 2698 660 2726 Codd.:
682 2701 711 2726 si
729 2700 823 2726 deest.
916 2707 961 2733 29.
984 2699 1101 2726 Codd.:
1123 2699 1165 2726 ad
1183 2707 1303 2726 nomen.
1399 2698 1444 2726 30.
1464 2702 1508 2726 A:

200 2741 278 2760 unus
298 2734 390 2760 deest.
482 2733 526 2761 38.
548 2735 591 2760 A:
613 2734 732 2769 iugem.

271 2815 301 2847 5.
328 2816 395 2857 Op.
422 2816 507 2858 Imp.
532 2816 555 2847 l.
582 2826 609 2847 c.
635 2827 713 2858 pag.
739 2816 818 2859 962.

1602 555 1642 580 At
1663 555 1711 581 the

1579 588 1735 623 judgmcnt

1562 624 1682 650 sinum-s
1703 624 1763 650 will

1538 658 1613 685 wisll
1637 659 1738 694 vainly
1757 663 1786 685 to

1561 693 1662 727 rep-air
1682 694 1760 720 their

1556 732 1622 761 past
1644 729 1769 761 neglect.
