1986 3289
158 215 234 252 194
768 212 886 242 OPUS
912 211 1248 242 EVANGELICUM
1279 212 1361 242 11113.
1389 212 1441 242 ΙΙΙ.
1547 199 1657 253 [CAP-
1685 209 1761 236 LIII-

439 318 727 368 persecucionis
771 324 805 353 et
852 318 1126 367 augustiarum
1172 325 1345 366 tempore
1387 330 1541 366 semper
1592 318 1761 353 Pseudo-

439 376 630 426 prophete
675 375 889 424 decipiendi
926 375 1120 411 inveniunt
1152 376 1291 421 locum,
1335 375 1370 411 si
1400 375 1483 423 quis
1512 376 1581 411 sub
1614 376 1765 411 nomine

442 434 531 470 Jesu
560 433 707 469 Christi
736 445 777 469 se
809 433 956 468 iactare
988 433 1164 478 voluerit,
1199 445 1272 469 non
1305 433 1434 468 statim
1468 433 1765 469 accommodetis

445 491 583 541 fidem.
618 492 701 527 Hec
735 492 983 537 Jeronymus.

171 544 403 614 imffiffiffig'jon
502 549 672 584 Videtur
703 548 823 584 istum
857 556 1039 584 sanctum
1087 560 1132 584 ac
1177 547 1207 583 si
1241 549 1405 584 haberet
1452 547 1637 595 spiritum
1672 550 1799 596 pro-5

170 614 289 650 applies
310 619 341 641 to
362 614 412 641 the
442 606 650 655 pheticurn
703 607 821 654 plane
873 618 1069 653 exponere
1116 605 1356 642 Antichristi
1407 605 1629 642 versuciam
1685 605 1764 642 iam

162 649 418 719 egssssiessltlydss’ffi’ffl
445 664 675 709 instantem,
722 672 759 699 et
803 663 859 700 sic
892 665 940 699 de
974 663 1109 699 multis
1141 663 1396 702 Antichristis
1429 663 1497 711 qui
1529 662 1695 700 veniunt
1726 663 1767 699 in

175 719 335 788 fegassgpteo
355 719 406 746 the
444 722 593 759 Christi
637 721 800 758 nomine
834 721 992 769 planius
1037 721 1266 757 verificatur
1298 721 1372 757 ista
1417 720 1644 768 evangelica
1675 734 1768 768 pro-

325 774 332 781 ’
444 779 596 828 phecia.
644 780 812 816 Planum
859 779 1019 827 quidem
1056 788 1113 815 est
1146 780 1254 827 quod
1299 779 1414 815 multi
1459 791 1562 827 pape
1604 779 1769 815 veniunt

444 839 485 874 in
519 837 668 874 Christi
696 837 860 873 nomine
895 837 1073 873 dicentes
1105 836 1300 885 implicite
1343 838 1403 873 vel
1443 836 1625 884 explicite
1659 838 1825 885 quodio

444 908 517 943 ego
551 908 639 932 sum
681 895 876 939 Christus,
922 908 1060 942 ymmo
1105 896 1327 931 secundum
1360 894 1622 943 propheciam
1662 896 1768 943 Apo-

445 953 537 990 stoli
563 953 780 989 multitudo
804 954 1156 1001 pseudopaparum
1183 952 1384 989 extollitur
1406 964 1524 1000 super
1547 952 1765 998 Christum,

445 1024 534 1048 cum
578 1011 764 1047 concedit
813 1011 1033 1059 privilegia,
1086 1010 1360 1059 indulgencias
1404 1019 1442 1046 et
1486 1011 1766 1047 absoluciones

444 1070 550 1106 ultra
584 1070 658 1105 hoc
691 1070 800 1117 quod
834 1078 970 1105 noster
1001 1071 1112 1105 Jesus
1146 1071 1250 1105 Deus
1284 1077 1320 1104 et
1354 1067 1540 1104 dominus
1572 1081 1766 1116 umquam

444 1127 555 1173 fecit3
602 1136 639 1163 et
686 1127 814 1163 sicin
859 1127 975 1163 sectis
1020 1126 1108 1163 aliis
1153 1132 1195 1162 ‘ut
1228 1126 1269 1162 in
1302 1126 1419 1163 sectis
1453 1122 1764 1179 Saracenorum!

447 1194 483 1222 et
528 1185 568 1221 in
613 1184 731 1222 sectis
775 1185 994 1221 Judeorum
1042 1185 1190 1220 multos
1235 1184 1409 1232 reperies
1455 1184 1523 1232 qui
1556 1184 1695 1220 dicunt
1728 1197 1768 1221 se
1805 1187 1890 1230 424b

447 1255 531 1280 esse
565 1244 783 1291 prophetas
831 1242 996 1279 eximios
1041 1252 1078 1278 et
1111 1242 1298 1279 Messiam
1331 1242 1372 1278 in
1404 1243 1490 1290 lege
1522 1242 1767 1289 promissum

447 1301 657 1338 dominum
691 1303 825 1337 Jesum
851 1301 1071 1337 Christum.
1105 1303 1162 1337 De
1195 1313 1300 1348 papa
1334 1309 1468 1337 autem
1502 1300 1562 1336 vel
1586 1302 1769 1337 Romano

448 1359 638 1407 pontifice
685 1368 742 1395 est
794 1360 882 1407 plus
928 1359 966 1394 in
999 1367 1139 1394 nostro
1184 1358 1426 1395 occidentali
1465 1358 1613 1406 angulo
1647 1357 1770 1394 disse-

449 1418 633 1463 rendum,
687 1416 782 1465 quia
828 1429 898 1453 nos
949 1418 1036 1465 plus
1081 1416 1277 1453 sentimus
1322 1417 1369 1452 de
1422 1416 1538 1452 huius
1589 1416 1766 1453 versucia
1787 1430 1828 1451 20

448 1475 696 1511 Antichristi.

181 1531 408 1593 ngsseiiiilin-tehe
507 1534 584 1569 Sed
617 1532 838 1581 probabilis
871 1531 1029 1568 videtur
1063 1532 1263 1580 exposicio
1296 1531 1500 1579 Jeronymi
1545 1544 1624 1580 qua
1656 1540 1770 1568 notat

173 1601 331 1627 Maliomet
354 1602 412 1627 and
448 1600 600 1627 textum
635 1589 831 1638 evangelii
877 1589 1046 1626 dicentis
1086 1591 1193 1638 quod
1227 1590 1568 1626 Antichristorum
1603 1589 1769 1637 quidam

181 1635 401 1705 philggbephers
447 1650 565 1685 habet
610 1649 760 1684 latores
793 1647 853 1683 sui
886 1648 1060 1684 nominis
1107 1648 1186 1684 sive
1219 1648 1336 1695 fame,
1372 1647 1549 1684 dicentes
1589 1649 1696 1696 quod
1730 1647 1770 1683 in

192 1705 227 1731 or
245 1705 293 1732 his
314 1709 388 1731 sect.
449 1709 607 1742 deserto
641 1715 718 1751 est;
772 1715 808 1741 et
854 1705 1017 1753 quidam
1054 1706 1193 1742 dicunt
1238 1708 1343 1753 quod
1379 1706 1419 1741 in
1451 1705 1768 1753 penetrabilibus
1787 1710 1826 1741 25

447 1773 518 1809 est⁷
566 1764 659 1812 quia
694 1763 858 1812 quidam
894 1763 1032 1799 dicunt
1078 1765 1183 1811 quod
1234 1763 1448 1811 precipuus
1483 1763 1554 1798 Dei
1597 1762 1770 1799 vicarius

447 1831 505 1858 est
538 1823 788 1857 Macometus
820 1822 880 1857 vel
913 1821 1012 1857 alius
1046 1821 1113 1869 qui
1146 1821 1249 1857 inter
1281 1830 1409 1858 sectas
1443 1822 1613 1857 habebat
1647 1820 1772 1857 maio-

447 1892 508 1916 res
544 1879 821 1927 philosophos,
862 1888 904 1915 ut
936 1879 1039 1915 inter
1069 1882 1291 1916 Saracenos
1325 1879 1471 1915 dicitur
1510 1878 1770 1925 Avieennam,

447 1940 635 1985 Averoys,
682 1938 923 1973 Albumezar
971 1950 1060 1973 curn
1108 1937 1243 1973 multis
1288 1937 1376 1973 aliis
1421 1935 1622 1982 floruisse3
1677 1936 1770 1984 quia

447 2005 581 2032 tamen
620 2007 759 2031 ornnes
804 1994 867 2030 isti
914 2007 1003 2031 cum
1039 2004 1154 2042 gente
1199 2007 1270 2031 sua
1313 2004 1425 2031 erant
1457 1994 1602 2030 deserti
1637 2007 1658 2031 a
1692 1994 1769 2031 fide
1788 2001 1829 2032 30

448 2053 661 2098 catholica,
731 2052 821 2088 ideo
874 2052 1080 2100 signanter
1145 2053 1240 2089 dicit
1293 2052 1541 2100 evangelium
1594 2053 1642 2088 de
1701 2052 1770 2088 tali

448 2111 759 2159 pseudoprelato
792 2112 899 2158 quod
931 2110 971 2146 in
1004 2113 1160 2146 deserto
1194 2119 1261 2146 est.

166 2182 232 2209 The
253 2182 334 2216 Pope
356 2181 380 2208 is
402 2181 431 2208 in
505 2169 583 2204 Alii
617 2177 749 2205 autem
783 2168 919 2204 dicunt
954 2170 1001 2204 de
1033 2178 1171 2204 nostro
1204 2181 1308 2216 papa
1339 2176 1375 2204 et
1408 2167 1636 2215 specialiter
1668 2167 1772 2203 occi-

210 2217 384 2278 fflffussffisg
449 2227 628 2262 dentales
666 2225 835 2262 maniaci
871 2228 978 2274 quod.
1008 2225 1092 2274 ipse
1136 2226 1177 2262 in
1211 2225 1525 2273 penetrabilibus
1559 2234 1629 2271 est,
1676 2225 1771 2273 quia

453 2286 572 2321 habet
605 2293 758 2320 secreta
800 2283 978 2320 misteria
1023 2284 1130 2320 dicta
1174 2283 1247 2319 sibi
1292 2285 1340 2319 de
1385 2283 1545 2319 Christo
1591 2291 1628 2319 et
1672 2285 1767 2327 Deo,
1787 2289 1826 2321 55

452 2355 542 2379 cum
579 2342 629 2377 sit
663 2341 921 2378 immediatus
955 2341 1126 2378 vicarius
1160 2341 1285 2377 sancti
1320 2341 1438 2386 Petri,
1487 2350 1524 2377 et
1557 2350 1770 2389 propterea

452 2401 570 2436 habet
614 2399 870 2447 singulariter
915 2408 1154 2447 potestatem
1204 2398 1450 2435 concedendi
1496 2398 1771 2446 indulgencias

451 2467 487 2494 et
518 2457 726 2505 privilegia
772 2458 876 2493 ultra
924 2458 999 2493 hoc
1032 2458 1138 2505 quod
1180 2470 1361 2505 unquam
1395 2456 1577 2493 Christus
1610 2456 1670 2493 vel
1701 2456 1771 2492 ali-

452 2516 518 2563 qui
565 2515 648 2551 eius
694 2515 865 2563 apostoli
906 2523 1252 2562 presumpserunt.
1296 2516 1372 2551 Sed
1421 2527 1509 2550 cum
1558 2513 1767 2561 diligencia

524 2730 546 2757 3.
569 2731 613 2757 A:
635 2739 668 2758 se
688 2730 782 2758 deest.
893 2729 915 2756 5.
945 2731 973 2756 A
994 2730 1022 2756 in
1046 2738 1158 2764 marg:
1185 2729 1363 2764 ,Iohannem
1459 2736 1496 2755 12.
1520 2730 1556 2755 13:
1574 2728 1768 2763 pseudopro-

450 2765 623 2799 pllelarum.
717 2773 759 2791 22.
782 2765 824 2791 A:
848 2765 970 2792 videtur
990 2765 1083 2791 deest.
1174 2763 1219 2791 23.
1243 2766 1285 2790 A:
1307 2763 1497 2797 pravilegia.
1583 2772 1627 2795 21.
1651 2764 1693 2789 A:
1716 2763 1770 2797 qni

452 2800 594 2826 umnl‘nz's.
704 2800 749 2826 20.
780 2801 805 2826 Λ
834 2800 862 2825 in
887 2807 1000 2832 marga
1032 2808 1052 2825 Ι.
1144 2807 1189 2832 Ως).
1221 2800 1264 2825 Λ;
1292 2799 1485 2833 Λίέηηηαῖαν.
1578 2796 1621 2824 30.
1651 2799 1692 2824 A:
1716 2798 1770 2824 isli

453 2835 551 2864 deest:
575 2835 613 2860 ib.
636 2835 679 2861 A:
701 2837 779 2860 aral.
871 2833 913 2860 33.
935 2835 963 2860 A
985 2835 1012 2860 iu
1036 2841 1151 2867 marga
1174 2841 1200 2860 2.
