1986 3289
203 227 291 254 CAP.
312 218 367 271 V]
579 230 638 260 DE
666 229 981 260 ANTICHRISTO
1010 229 1092 260 ΗΒ.
1122 230 1142 260 Ι.

202 336 390 384 queritis?
421 336 463 371 In
497 335 599 371 omni
629 347 672 371 re
703 346 754 371 ex
783 335 865 384 ipsa
899 347 942 371 re
970 335 1141 371 nascitur
1164 336 1265 383 quod
1286 336 1515 372 exterminet

201 406 296 441 rem,
328 400 458 442 utpote
488 393 523 429 in
557 393 664 443 ligno
698 393 867 429 nascitur
908 393 1052 429 vermis
1084 393 1148 441 qui
1181 393 1411 429 exterminet
1440 394 1514 443 lig-

200 463 303 498 num,
335 463 386 488 ex
418 451 642 488 vestimento
675 450 847 486 nascitur
878 451 977 486 tinea
1016 463 1087 499 que
1118 451 1282 487 comedit
1314 451 1514 487 vestimen-

200 517 296 556 tum,
335 521 386 545 ex
417 509 586 545 oleribus
618 509 790 544 nascitur
822 509 964 545 vermis
996 509 1060 557 qui
1089 509 1196 545 olera
1230 509 1407 545 universa
1431 522 1515 545 cor-

166 567 355 616 Srumpit.
402 567 465 603 Sic
506 567 542 603 in
585 566 850 616 spiritualibus
901 578 952 602 ex·
998 567 1079 616 ipso
1126 567 1329 616 proposito
1381 579 1513 603 eorum

198 625 396 674 spirituali
450 625 566 660 sumit
618 624 854 660 occasionem
907 624 1102 669 inimz'cus‚·
1161 626 1260 661 unde
1314 625 1367 661 eis
1411 626 1514 660 recia

200 683 308 729 texit,
352 683 441 731 quia
472 695 494 718 a
525 694 566 718 se
598 682 679 731 ipso
713 682 808 717 nihil
839 694 960 732 agere
1001 689 1126 731 potest
1167 683 1241 718 nisi
1276 683 1513 719 occasionem

200 752 251 777 ex
282 740 387 776 nobis
418 740 621 789 acceperit.
655 740 745 776 Ideo
769 752 1072 789 unumquemque
1094 740 1282 776 hominem
1304 742 1513 776 secundum

200 798 457 835 condicionem
491 805 526 834 et
556 805 698 834 statum
731 810 838 846 quem
872 798 1060 834 invenerit
1091 798 1195 834 circa
1229 811 1314 834 eum
1347 799 1401 834 sic
1428 799 1515 834 inde

146 873 184 895 ιο
199 856 461 907 aggredietur
482 862 616 892 contra
649 868 747 898 eum,
780 863 819 891 ut
846 863 941 904 puta
973 856 1073 892 inter
1104 857 1312 892 bellatores
1344 856 1516 892 nascitur

200 914 247 950 de
291 914 432 950 virtute
474 913 681 959 contencio,
726 913 761 948 in
796 913 1001 963 dignitosis
1033 914 1079 950 de
1104 914 1322 950 ambicione
1355 914 1515 951 honoris

197 972 329 1022 surgit
360 971 517 1018 invidia,
549 972 649 1007 inter
681 971 818 1007 divites
850 972 897 1007 de
927 972 1180 1020 acquisicione
1199 972 1252 1022 fit
1282 972 1400 1024 zelus.

263 1029 366 1074 Quid
410 1029 559 1065 dicam?
598 1029 697 1065 inter
728 1029 831 1078 ipsos
862 1029 1076 1066 thimelicos
1108 1030 1172 1078 qui
1201 1037 1384 1066 exercent
1416 1043 1513 1066 vana

199 1087 367 1123 ludibria
412 1087 459 1123 de
502 1087 593 1136 ipsis
637 1087 815 1122 ludibriis
857 1087 930 1122 sibi
970 1087 1130 1123 invicem
1164 1089 1440 1134 adversantur,
1474 1096 1514 1124 ut

145 1150 181 1183 15
199 1145 263 1194 qui
276 1145 387 1194 peius
407 1145 620 1192 deridetur,
641 1145 779 1181 melior
792 1145 1001 1181 estimetur.
1035 1146 1126 1182 Ideo
1149 1153 1184 1181 et
1205 1146 1431 1182 sacerdotes
1451 1147 1517 1195 qui

196 1203 314 1252 positi
360 1210 448 1239 sunt
497 1203 549 1238 ad
599 1210 867 1238 ornamentum
914 1203 1063 1252 populi,
1122 1204 1174 1238 ad
1230 1204 1511 1253 edificacionem

198 1260 423 1307 sanctitatis,
457 1272 507 1297 ex
539 1261 620 1310 ipso
653 1260 863 1297 ministerio
896 1268 1028 1296 eorum
1061 1261 1199 1310 accipit
1231 1262 1400 1298 colorem
1434 1262 1514 1297 dia-

198 1319 306 1355 bolus
357 1326 392 1355 et
442 1318 659 1367 corrumpit
697 1318 950 1355 ministerium
995 1331 1144 1365 eorum,
1192 1327 1232 1355 ut
1275 1320 1346 1355 hoc
1389 1320 1513 1368 ipsum

198 1377 349 1423 bonum,
383 1377 471 1412 a'um
497 1383 667 1426 propter
698 1377 868 1413 homines
888 1377 952 1426 fit,
973 1377 1052 1426 fiat
1085 1377 1243 1415 malum.
1276 1378 1384 1413 Tolle
1415 1390 1513 1428 ergo

143 1435 269 1471 zohoc
302 1434 439 1470 vicium
484 1435 530 1471 de
561 1434 677 1481 clero,
740 1447 785 1470 ne
825 1434 941 1470 velint
984 1434 1199 1471 hominibus
1243 1447 1437 1484 apparere
1479 1443 1514 1471 et

197 1492 278 1529 sine
320 1492 454 1529 labore
498 1492 624 1529 omnia
668 1492 765 1528 vicia
799 1499 1036 1528 resecantur.
1082 1493 1150 1529 Ex
1181 1493 1253 1529 hoc
1284 1493 1382 1529 enim
1416 1494 1513 1529 vicio

200 1550 374 1586 nascitur
405 1557 445 1585 ut
477 1563 522 1586 ne
553 1550 671 1586 velint
702 1551 802 1586 inter
832 1562 872 1586 se
904 1550 1101 1586 meliorem
1147 1551 1289 1587 habere
1319 1551 1417 1587 sicut
1448 1564 1515 1587 nec

198 1608 308 1644 Iudei
348 1608 558 1644 Christum.
598 1609 685 1644 Non
719 1608 816 1644 enim
850 1608 1056 1644 nescientes
1085 1621 1168 1644 eum
1192 1609 1409 1658 Deifilium
1434 1622 1515 1645 esse

198 1666 421 1702 occiderunt
462 1667 530 1703 sed
573 1666 714 1702 habere
757 1678 840 1702 eum
874 1666 990 1702 talem
1030 1678 1102 1702 non
1134 1667 1375 1713 sustinentes,
1418 1668 1514 1703 sicut

142 1724 403 1773 25prophetat
461 1724 508 1760 de
564 1724 640 1760 illis
697 1724 901 1760 Salomon:
959 1724 1099 1770 Venite,
1168 1724 1514 1761 circumveniamus

198 1782 350 1829 iustum,
388 1781 565 1830 quoniam
613 1782 758 1818 inutilis
790 1789 845 1818 est
887 1782 993 1818 nobis
1040 1790 1074 1818 et
1117 1782 1358 1831 improperat
1409 1784 1514 1819 nobis

193 1847 353 1889 peccata
387 1840 497 1889 legis.
531 1840 599 1875 Ex
630 1840 701 1876 hoc
753 1840 848 1876 vicio
882 1840 1053 1876 nascitur
1086 1848 1126 1875 ut
1154 1841 1287 1876 clerici
1311 1848 1513 1889 peccantes

199 1897 357 1947 difficile
371 1897 625 1946 penitenciam
658 1905 790 1947 agant.
824 1897 1029 1934 Erubescit
1060 1898 1156 1933 enim
1191 1898 1398 1947 aliquando
1424 1911 1513 1935 reus

199 1955 324 1991 videri
354 1955 418 2004 qui
445 1967 598 2004 semper
620 1955 762 2004 fuerat
793 1955 922 1991 iudex.

143 2018 184 2050 30
256 2013 436 2049 Dilatant
478 2013 577 2049 enim
616 2013 827 2062 philateria
873 2025 941 2049 sua
988 2021 1022 2049 et
1054 2014 1307 2063 magnificant
1326 2014 1513 2063 fimbrias

200 2071 514 2107 vestimentorum
545 2083 721 2107 suorum.
755 2072 851 2107 Puto
875 2072 976 2120 quod
998 2072 1155 2107 illorum
1180 2079 1269 2108 tunc
1291 2072 1511 2108 scribarum

199 2136 234 2165 et
272 2129 548 2178 phariseorum
596 2129 774 2178 exemplo
819 2136 854 2165 et
898 2142 996 2166 nunc
1040 2130 1154 2166 multi
1197 2130 1325 2178 aliqua
1359 2130 1513 2166 nomina

198 2186 394 2223 Hebraica
438 2187 669 2237 angelorum
714 2187 939 2237 confingunt
982 2195 1017 2223 et
1046 2188 1220 2223 scribunt
1258 2195 1293 2223 et
1331 2188 1513 2238 alligant,

197 2257 268 2293 que
299 2257 371 2280 non
395 2244 692 2294 intelligentibus
715 2245 888 2295 linguam
911 2245 1149 2281 Hebraicam
1181 2246 1292 2294 quasi
1312 2246 1512 2281 metuenda

143 2306 182 2338 35
200 2302 388 2338 videntur.
435 2302 478 2337 Si
514 2315 610 2352 ergo
649 2314 721 2338 non
753 2310 842 2338 sunt
874 2303 1007 2351 quales
1040 2304 1098 2338 illi
1119 2304 1300 2352 fuerunt,
1335 2304 1511 2352 quoniam

193 2372 361 2409 persone
412 2372 543 2396 eorum
584 2361 630 2396 de
680 2361 821 2396 mundo
863 2368 1113 2407 recesserunt,
1157 2373 1228 2397 non
1269 2374 1408 2397 mores.
1452 2362 1513 2396 De

200 2418 413 2453 hominibus
446 2417 569 2454 nostri
593 2418 777 2466 temporis
799 2426 1045 2467 exponentes,
1080 2419 1125 2454 de
1146 2419 1222 2455 illis
1246 2419 1422 2454 videmur
1445 2431 1511 2454 ex-

194 2488 350 2525 ponere.
387 2476 502 2526 Ergo
534 2476 754 2512 sacerdotes
787 2488 838 2512 ex
869 2488 910 2512 eo
943 2477 1045 2525 quod
1077 2477 1208 2512 volunt
1229 2477 1275 2512 ab
1299 2477 1512 2512 hominibus

268 2677 293 2696 2.
327 2668 433 2697 Codd:
467 2669 576 2696 verius.
675 2669 700 2696 5.
737 2670 780 2697 A:
809 2669 976 2704 proposito
1007 2669 1101 2696 deest.
1204 2677 1230 2702 7.
1262 2668 1382 2696 Codd:
1413 2671 1509 2695 texat.

200 2704 226 2732 8.
260 2704 304 2731 A:
338 2704 497 2739 acciperit.
606 2712 647 2739 14,
670 2704 706 2731 15.
727 2705 770 2731 A:
792 2706 824 2731 ut
843 2704 918 2739 quis.
1044 2703 1082 2731 15.
1102 2704 1146 2731 A:
1168 2703 1298 2730 deridet.
1408 2703 1448 2731 ιο.
1471 2703 1509 2729 B:

203 2741 354 2766 ornatum.
455 2746 500 2765 20.
523 2738 640 2766 Codd.:
662 2742 696 2765 ut
714 2747 762 2766 ne.
855 2746 901 2771 24.
922 2739 967 2765 A:
988 2747 1019 2765 se
1040 2738 1165 2765 habere.
1266 2745 1319 2776 27..
1334 2737 1371 2764 ss:
1394 2740 1428 2764 ut
1445 2745 1510 2764 cum

198 2776 340 2808 peccant.
414 2771 460 2800 30.
481 2772 709 2807 Azfimbriam.
789 2772 831 2800 32.
854 2774 898 2800 A:
920 2775 953 2800 ut
970 2781 1058 2800 nunc.
1132 2772 1177 2806 34.
1202 2773 1242 2799 A:
1265 2780 1337 2807 quta
1358 2780 1428 2799 non.

272 2846 324 2876 23.
352 2846 429 2886 Sap.
458 2845 496 2881 ΙΙ,
529 2855 579 2876 12.

1352 2911 1368 2932 2

1757 233 1801 267 Ι7

1537 1038 1615 1065 Care
1635 1038 1684 1065 for
1705 1038 1803 1064 men's

1563 1073 1692 1107 opinion
1712 1073 1763 1099 ihe

1528 1115 1619 1136 cause
1638 1109 1674 1136 of
1684 1108 1722 1136 all
1734 1108 1802 1135 evil.

1527 2147 1588 2174 Use
1608 2148 1643 2175 of
1659 2148 1801 2175 amulets.
