1986 3289
212 233 303 263 CAP.
323 218 451 276 xm]
579 235 637 269 DE
667 233 982 269 ANTmHmsro
1011 233 1096 268 Lm.
1123 234 1146 267 1.
1742 238 1815 276 109

214 353 304 382 sunt
336 344 377 381 in
409 357 526 393 papa,
569 355 650 380 non
683 342 863 391 sequitur
895 342 972 380 nisi
1006 355 1028 380 a
1061 342 1266 380 contrario
1289 355 1426 380 sensu:
1462 341 1529 380 Isti

213 402 269 439 sic
300 402 613 451 preficiebantur
645 401 821 447 ecclesie,
856 414 950 450 ergo
973 413 1092 449 papa,
1126 414 1172 438 ac
1202 401 1233 438 si
1256 400 1529 438 Antichristus

214 460 270 497 sic
292 468 494 508 argueret:
529 459 631 507 Ignis
662 468 718 495 est
748 471 847 507 pure
881 459 1046 505 calidus,
1081 471 1175 508 ergo
1199 468 1356 508 oportet
1377 467 1529 496 terram

215 530 298 554 esse
341 518 382 554 in
425 530 583 554 summa
628 516 859 567 calliditate,
912 517 1079 554 raritate
1131 526 1168 554 et
1220 516 1529 565 diaphoneitate

181 576 385 624 5corpora
418 584 551 612 cetera
584 575 854 612 excellentem.

272 636 320 669 Et
353 642 548 682 quantum
596 634 646 669 ad
686 632 907 669 elecciones
947 632 1211 669 cardinalium
1254 646 1343 670 curn
1388 632 1529 670 ceteris
1544 640 1611 667 The
1631 640 1759 678 ejection
1781 641 1814 667 of

215 691 400 728 humanis
453 690 745 728 tradicionibus
804 699 915 738 patet
967 692 1075 739 quod
1133 704 1214 728 non
1267 700 1359 728 sunt
1411 691 1530 739 digne
1563 674 1796 745 ἳξιξᾞξῇξξιῗᾷῗ

215 749 423 799 memoria,
456 762 545 786 cum
575 761 655 785 non
688 748 738 785 sit
762 748 891 785 maior
923 749 1035 785 color
1068 762 1188 797 quarn
1213 751 1319 785 Deus
1348 749 1420 785 hec
1444 761 1531 797 per-

215 807 297 844 ficit
329 819 449 855 quam
496 806 676 855 sequitur
708 808 817 854 quod
857 819 900 843 ex
938 819 1009 843 sua
1041 806 1204 844 vesania
1236 809 1341 843 Deus
1380 820 1528 855 papam

161 875 199 896 10
213 864 351 902 statuit
384 865 537 901 socium
570 866 660 901 Jesu
694 864 866 901 Christo.

271 925 319 959 Et
351 931 546 971 quantum
589 923 640 958 ad
678 921 783 959 istud
816 923 924 970 quod
964 922 1145 959 Christus
1185 921 1300 959 aliter
1341 922 1530 959 deficeret
1563 930 1693 959 Christ’s
1713 939 1804 966 grace

213 993 282 1017 sue
315 980 494 1027 ecclesie,
527 989 636 1028 patet
670 981 778 1029 quod
821 979 1045 1016 formaliter
1076 980 1245 1017 infertur
1283 980 1529 1029 oppositum,
1554 966 1811 1028 Vffiuffledffigssgd

214 1038 347 1086 primo
386 1039 480 1087 quia
516 1039 603 1076 Joh.
637 1039 735 1085 XVI,
772 1051 792 1086 7
835 1037 931 1074 dicit
969 1037 1170 1075 Christus:
1215 1038 1388 1088 Expedit
1426 1039 1531 1075 vobis
1545 1035 1818 1098 dxssssffiflss'e'ffthgy

215 1104 255 1131 ut
286 1109 359 1147 ego
394 1097 549 1136 vadam.
584 1096 625 1133 Si
659 1108 752 1144 ergo
785 1095 858 1132 fuit
891 1096 1100 1144 expediens
1141 1096 1306 1133 ecclesie
1339 1095 1530 1132 militanti
1689 1078 1778 1098 move
1807 1092 1814 1098 ⁶

162 1154 323 1203 15qu0d
368 1163 522 1191 careret
567 1153 768 1202 corporali
812 1154 1020 1202 presencia
1060 1153 1202 1202 capitis
1239 1156 1330 1191 Jesu
1370 1153 1530 1200 Christi,

214 1211 315 1248 sicut
348 1212 514 1260 contigit
547 1213 709 1261 quando
744 1211 867 1249 crevit
907 1211 1075 1248 ecclesia
1119 1220 1210 1260 post
1241 1212 1530 1249 Ascensionem

216 1269 391 1317 Domini,
425 1279 578 1319 quanto
613 1269 739 1318 magis
772 1270 981 1318 prodesset
1013 1269 1202 1307 militanti
1236 1270 1401 1307 ecclesie
1425 1271 1533 1319 quod

216 1336 350 1365 careat
381 1341 487 1377 papa
520 1328 732 1376 capitaneo
765 1327 833 1376 qui
861 1340 943 1364 non
973 1327 1235 1376 equiparatur
1257 1327 1298 1364 in
1319 1327 1532 1365 virtutibus

214 1387 306 1422 Jesu
350 1386 514 1422 nostro?
560 1388 676 1422 Tunc
720 1386 828 1423 enim
874 1387 1135 1422 descenderet
1179 1386 1315 1435 gracia
1359 1398 1531 1434 perpen-

159 1453 201 1475 20
217 1443 449 1481 diculariter
482 1443 522 1480 in
554 1443 736 1481 homines
768 1443 1176 1493 proporcionabiliter
1206 1453 1250 1480 ut
1281 1453 1375 1480 sunt
1407 1443 1532 1493 digni,

217 1510 255 1538 et
286 1515 369 1539 non
401 1501 589 1539 transiret
623 1501 751 1539 maria
783 1514 875 1538 cum
898 1502 1065 1550 plumbo
1094 1511 1131 1539 et
1161 1502 1369 1551 scripturis
1392 1501 1534 1539 ceteris

216 1561 435 1597 secundum
471 1559 744 1597 mercandiam
768 1559 1036 1597 simoniacam
1059 1560 1162 1597 sicut
1194 1562 1328 1599 modo.
1361 1561 1440 1597 Sed
1475 1560 1534 1607 (ut

215 1626 368 1655 tactum
401 1620 474 1666 est)
521 1619 743 1655 secundum
787 1617 1061 1667 perspectivos
1099 1617 1326 1655 incidencia
1364 1630 1534 1666 perpen-

217 1675 405 1713 dicularis
436 1681 501 1713 'est
539 1675 758 1714 fortissima
795 1688 955 1725 semper
992 1685 1206 1724 penetrans
1251 1675 1458 1713 irrefracte
1497 1684 1534 1712 et

159 1732 442 1771 25incidencia
493 1734 567 1771 sibi
608 1733 796 1783 opposita
848 1735 1070 1771 secundum
1109 1734 1277 1783 angulos
1328 1734 1533 1782 spherales

216 1801 360 1839 rectos,
394 1792 522 1841 qualis
555 1801 613 1829 est
635 1794 706 1829 sub
738 1805 818 1829 una
841 1801 954 1841 parte
977 1801 1081 1829 terre
1104 1794 1155 1829 ad
1178 1792 1312 1843 aliam,
1344 1801 1402 1828 est
1425 1791 1534 1828 debi-

214 1849 382 1887 lissima.
473 1896 476 1897 ⁷

274 1910 322 1944 Et
343 1907 449 1944 idem
474 1910 650 1945 secundo
673 1907 853 1956 arguitur
874 1920 918 1945 ex
939 1908 1146 1957 evangelio
1161 1907 1328 1945 Matthei
1342 1909 1477 1954 XVIII,
1495 1919 1533 1955 2,

216 1965 284 2002 ubi
334 1967 446 2002 Jesus
503 1973 673 2003 statuens
721 1967 933 2016 parvulum
986 1967 1021 2002 in
1075 1967 1199 2003 medio
1250 1966 1531 2016 discipulorum

161 2022 202 2054 30
217 2024 399 2075 diffinivit
431 2025 533 2073 quod
562 2025 628 2074 qui
646 2025 762 2074 foret
799 2024 928 2075 magis
966 2025 1121 2061 humilis
1161 2032 1200 2060 ut
1224 2024 1431 2074 parvulus,
1464 2024 1534 2060 iste

210 2083 326 2131 soret
368 2082 494 2118 maior
536 2082 572 2118 in
615 2082 773 2119 ecclesia
813 2082 1012 2119 militante.
1053 2081 1212 2119 Eleccio
1254 2090 1389 2118 autem
1430 2095 1533 2130 pape

216 2139 374 2177 videtur
414 2139 565 2176 directe
603 2139 808 2177 contraria
847 2139 941 2176 huic
973 2140 1212 2177 diffinicioni
1244 2142 1335 2177 Jesu
1370 2139 1532 2177 Christi.

275 2199 324 2233 Et
367 2197 492 2234 tercio
542 2211 632 2235 cum
678 2197 860 2235 Christus
912 2210 984 2234 non
1029 2199 1154 2247 querit
1204 2199 1377 2248 gloriam
1422 2211 1532 2234 suam

217 2254 464 2302 humanitus,
487 2257 741 2307 sedgloriam
759 2256 887 2305 patris
907 2256 979 2299 sui,
1002 2265 1046 2292 ut
1069 2265 1237 2293 testatur
1252 2257 1339 2293 Joh.
1356 2256 1532 2302 V111,5o,

163 2310 201 2344 35
218 2312 374 2349 videtur
397 2315 506 2362 quod
538 2313 663 2350 vitam
680 2327 783 2362 pape
808 2314 863 2360 (in
886 2323 1082 2362 quantum
1106 2313 1356 2360 huiusmodi)
1374 2322 1535 2362 oportet

219 2383 302 2407 esse
336 2371 580 2408 contrariam
614 2372 691 2409 vite
715 2371 885 2419 Christi3
920 2381 957 2408 et
989 2371 1045 2409 sic
1075 2372 1233 2409 videtur
1256 2371 1362 2408 idem
1388 2371 1534 2419 eligere

218 2441 364 2478 papam
400 2431 620 2466 secundum
655 2431 759 2467 hanc
783 2430 962 2478 regulam
987 2438 1025 2466 et
1048 2438 1191 2467 contra
1213 2430 1342 2478 legem
1369 2428 1533 2466 Domini

217 2486 410 2535 preficere
442 2486 747 2524 Antichristum.

291 2700 331 2720 10.
352 2690 396 2719 A:
418 2691 528 2719 statuit
545 2698 656 2719 secum.
747 2698 782 2718 11.
810 2691 839 2718 A
858 2691 889 2718 in
910 2698 1025 2725 marg:
1053 2697 1076 2718 1.
1169 2697 1210 2725 19.
1231 2689 1270 2717 B:
1296 2689 1371 2718 Jesu
1400 2688 1533 2718 Christo.

219 2727 264 2755 28.
284 2728 313 2755 A
333 2727 364 2754 in
385 2734 499 2761 marg:
520 2732 548 2753 2.
604 2733 652 2760 ²9·
673 2726 718 2754 A:
740 2725 793 2753 ubi
813 2725 958 2753 Christus.
1025 2723 1066 2752 33.
1088 2725 1118 2752 A
1137 2724 1167 2752 in
1188 2732 1303 2760 marg:
1324 2733 1358 2760 3.
1431 2724 1472 2753 35.
1494 2725 1533 2753 B:

214 2770 309 2797 papa.

289 2856 321 2889 6.
353 2857 404 2888 De
437 2855 576 2888 Christo
609 2863 641 2888 et
666 2866 730 2888 suo
764 2856 962 2888 adversario
988 2855 1201 2888 Antichristo
1227 2866 1305 2898 pag.
1331 2855 1409 2897 674,
1451 2855 1475 2887 l.
1504 2854 1533 2888 5.
