1986 3289
224 209 311 237 CAP.
339 202 463 255 XLVI]
594 213 652 244 DE
679 211 992 243 ANTicfflusTo
1021 212 1103 243 ΜΒ.
1132 213 1154 243 1.
1744 207 1818 256 169

280 319 395 355 Unde
419 331 508 354 cum
534 317 697 354 heretici
722 318 898 354 clamant
922 319 1028 366 quod
1054 317 1260 365 popularis
1279 318 1527 365 testificacio,
1575 323 1642 352 One
1662 325 1737 353 friar
1757 325 1787 353 in

222 376 314 412 licet
359 376 517 413 deficiat
566 375 801 412 testificacio
847 375 938 411 fidei
992 375 1202 423 scripture,
1256 376 1348 412 satis
1383 378 1529 424 probat
1556 359 1807 422 maffiffilssssn‘sshat

224 436 330 482 quod
374 434 560 470 inimicus
595 446 731 470 eorum
778 433 827 469 sit
861 433 1059 470 hereticus
1093 433 1352 480 occidendus,
1403 435 1529 471 multo
1590 429 1777 498 ΕῙῐἛΞὲῙῘΞ

224 491 449 528 evidencius
485 492 735 528 acclamante
768 492 881 539 plure
915 492 1065 539 populo
1099 504 1189 528 curn
1222 492 1297 528 ista
1331 492 1528 528 clausula:
1716 485 1721 491 ’

192 548 307 585 5Hec
352 550 440 586 dicit
484 550 687 595 Dominus,
740 557 779 584 ut
823 550 908 585 laus
950 550 1000 585 sit
1030 550 1127 585 Deo.
1183 550 1354 594 Quidam
1410 550 1531 586 frater

224 620 366 655 magne
412 607 616 643 literature
655 606 823 653 (utinam
858 606 1078 654 prudencie
1111 607 1350 655 theologice)
1385 608 1532 643 dicitur

222 678 326 701 nunc
360 665 399 701 in
421 665 562 712 Anglia
596 664 800 713 publicare
833 666 942 713 quotl
970 665 1149 701 Urbanus
1180 673 1310 701 noster
1350 665 1408 703 VI.
1451 678 1532 701 non

223 732 279 758 est
311 735 429 771 papa,
464 724 531 759 sed
555 723 738 759 Clemens
771 722 843 758 sibi
877 722 1122 769 contrarius;
1158 731 1194 758 et
1227 732 1308 759 tarn
1334 723 1532 759 seculares

223 793 342 828 quam
378 780 512 817 clerici
546 781 720 817 faventes
744 779 818 816 sibi
854 780 893 815 in
925 780 1001 816 ista
1035 780 1162 816 heresi
1185 789 1277 816 sunt
1310 781 1350 816 in
1384 793 1531 829 magno

168 847 207 867 10
222 838 398 885 periculo
437 838 677 876 animarum.
729 840 777 873 Et
810 850 853 873 ex
886 837 962 874 isto
1006 838 1206 886 principio
1241 838 1441 875 diminuto
1473 839 1532 874 in-

222 895 333 932 ducit
384 896 662 932 conclusiones
715 908 791 944 que
843 896 1020 932 facerent
1067 909 1181 932 aures
1228 896 1355 933 tocius
1388 896 1531 945 Anglie

223 954 449 990 abhorrere.

281 1013 485 1056 Quantum
531 1013 580 1048 ad
613 1011 858 1047 sentenciam
904 1011 1021 1047 huius
1060 1011 1190 1048 fratris
1234 1012 1391 1047 videtur
1424 1013 1530 1059 quod
1597 1007 1641 1034 He
1664 1008 1773 1041 speaks

1555 1044 1638 1069 truth
1663 1043 1748 1069 when
1773 1042 1809 1068 he

222 1068 261 1104 in
294 1069 496 1106 sentencia
544 1069 678 1117 aliqua
721 1082 812 1105 vera
847 1069 960 1108 dicit:
1014 1069 1104 1105 ideo
1158 1082 1238 1105 non
1278 1070 1370 1118 quia
1411 1070 1530 1106 frater
1564 1085 1633 1112 says
1654 1077 1718 1103 that
1739 1085 1796 1103 one

169 1126 294 1162 15nec
327 1127 419 1175 quia
472 1127 682 1175 episcopus
727 1139 799 1163 nec
844 1127 936 1175 quia
971 1128 1091 1163 homo
1127 1140 1267 1175 magne
1306 1128 1529 1163 litterature
1578 1112 1771 1181 ogotgicpsriignal

223 1186 338 1221 debet
362 1184 487 1221 tidelis
510 1185 550 1221 in
572 1185 738 1221 veritate
762 1184 818 1220 illi
844 1185 995 1220 homini
1019 1185 1246 1221 consentire
1269 1187 1335 1221 sed
1366 1194 1530 1233 propter
1585 1181 1803 1242 mffiffisiffmth

222 1243 415 1279 honorem
444 1243 514 1278 Dei
549 1252 585 1278 et
619 1243 972 1279 honorificenciam
1009 1242 1197 1279 veritatis.
1232 1243 1400 1279 Videtur
1434 1256 1527 1291 ergo
1562 1224 1578 1250 p
1649 1224 1709 1277 are).

222 1312 357 1336 verum
404 1302 511 1348 quod
564 1302 663 1337 alter
707 1301 875 1337 istorum
922 1313 1116 1348 paparum
1164 1301 1223 1336 vel
1269 1310 1437 1350 uterque
1481 1301 1530 1337 sit

224 1358 456 1395 manifestus
500 1359 698 1394 hereticus
739 1371 759 1394 a
799 1367 883 1394 toto
927 1359 1078 1406 populo
1123 1360 1394 1404 detestandus,
1448 1372 1530 1395 non

166 1417 350 1452 20solum
397 1426 562 1464 propter
610 1416 921 1464 repugnanciam
968 1416 1007 1452 in
1054 1425 1222 1464 papatus
1261 1417 1410 1463 officio,
1463 1418 1532 1453 sed

222 1473 316 1521 quia
360 1483 499 1522 peccat
543 1474 584 1510 in
629 1474 758 1510 heresi
807 1476 854 1510 de
901 1474 1029 1510 hostia
1072 1483 1305 1510 consecrata
1346 1485 1382 1510 et
1416 1470 1530 1527 quial

100 1526 183 1569 421d
221 1544 301 1568 non
346 1532 526 1581 sequitur
570 1532 610 1568 in
650 1532 842 1580 pauperie
876 1541 912 1568 et
945 1532 1032 1568 aliis
1076 1532 1289 1568 virtutibus
1323 1533 1532 1569 dominum

219 1591 350 1625 Jesum
400 1591 617 1628 Christum.
673 1592 773 1626 Nam
819 1603 840 1626 a
874 1589 1072 1638 principio
1122 1590 1337 1626 millenarii
1383 1590 1532 1627 diaboli

220 1660 345 1696 usque
378 1648 496 1684 hodie
529 1648 708 1696 regnavit
748 1648 822 1684 ista
856 1647 1004 1684 heresis
1039 1649 1085 1683 de
1120 1648 1251 1684 hostia
1284 1657 1531 1693 consecrata,

164 1709 203 1741 25
220 1713 262 1741 ut
295 1714 404 1753 patet
436 1706 583 1754 legenti
617 1706 806 1754 epistolas
840 1706 1060 1742 decretales
1093 1719 1290 1754 paparum
1326 1719 1416 1742 cum
1453 1706 1532 1742 suis

220 1763 509 1810 glossatoribus
548 1773 584 1800 et
617 1763 733 1800 sectis
765 1763 1025 1811 pertinaciter
1058 1763 1406 1800 consencientibus
1440 1764 1532 1800 huic

221 1821 361 1871 heresi,
396 1832 609 1870 postquam
643 1822 770 1870 ipsam
806 1821 988 1857 diabolus
1022 1821 1255 1861 introduxit.

280 1881 393 1916 Unde
426 1881 582 1916 cautela
614 1889 672 1916 est
719 1879 867 1915 diaboli
906 1881 1011 1927 quod
1056 1879 1128 1916 iste
1174 1888 1279 1916 secte
1324 1879 1533 1927 parvipen-
1559 1885 1625 1912 The
1646 1885 1755 1920 heresy
1775 1893 1808 1924 as

220 1939 357 1974 dentes
391 1939 493 1974 hanc
527 1937 694 1974 heresim
722 1939 963 1986 respondent
998 1937 1180 1974 fidelihus
1207 1937 1334 1985 ipsam
1361 1938 1529 1974 heresim
1549 1925 1597 1982 11}ss
1613 1921 1756 1982 ξέἶζῑέἶῑοζξ
1773 1929 1822 1982 ixii.

164 1996 548 2044 3oimpugnantibus
572 1997 678 2044 quod
712 1995 896 2031 videntur
919 1995 1033 2043 quasi
1056 1996 1238 2031 ludentes
1273 1995 1397 2043 loqui,
1432 1995 1533 2032 sicut

219 2053 399 2090 infideles
432 2054 472 2089 in
517 2055 602 2101 lege
640 2053 763 2090 veteri
809 2066 851 2089 ex
884 2066 954 2089 sua
987 2053 1154 2100 perfidia
1200 2054 1380 2089 dixerant
1414 2053 1534 2101 patri-

220 2111 363 2157 archis,
396 2120 439 2147 ut
462 2120 571 2159 patet
594 2112 690 2150 Gen,
722 2113 821 2153 XIX,
861 2125 925 2156 143
962 2120 998 2146 et
1021 2111 1076 2146 sic
1101 2120 1240 2159 regnat
1274 2111 1348 2147 ista
1373 2111 1535 2158 spiritu-

221 2169 292 2205 alis
315 2169 548 2216 pestilencia
568 2182 686 2217 quam
708 2169 963 2216 prophetavit
988 2169 1197 2213 Dominus,
1234 2182 1324 2205 cum
1351 2169 1534 2204 homines

222 2227 449 2262 moriuntur
496 2226 757 2274 spiritualiter
802 2226 886 2263 sine
919 2226 1182 2275 percepcione
1223 2239 1323 2274 pene
1356 2227 1415 2262 vie
1448 2239 1534 2262 sen-

165 2287 203 2320 35
221 2284 344 2320 sibilis
378 2285 628 2323 dormiendo.
673 2284 710 2321 Si
747 2284 851 2320 enim
897 2284 969 2320 iste
1002 2297 1113 2321 error
1152 2284 1201 2320 sit
1233 2293 1314 2320 tarn
1356 2296 1535 2332 expresse

222 2351 362 2378 contra
406 2342 525 2378 fidem
566 2342 774 2390 scripture,
828 2342 922 2390 quia
966 2351 1105 2378 contra
1149 2344 1269 2378 verba
1302 2342 1464 2378 Domini
1498 2350 1535 2377 et

220 2409 302 2435 tam
348 2412 528 2448 expresse
573 2401 809 2436 blasfemum
853 2400 1105 2436 mendacium
1155 2400 1401 2436 contrarium
1447 2412 1534 2435 sen-

220 2457 350 2493 tencie
381 2457 573 2501 veritatis,
618 2470 694 2506 que
727 2466 884 2494 tantum
929 2458 1014 2494 odit
1049 2458 1318 2501 mendacium,
1373 2466 1409 2493 et
1443 2470 1532 2493 cum

221 2516 296 2552 hoc
328 2524 483 2552 tantum
506 2515 810 2563 parvipenditur
842 2516 992 2552 fructus
1016 2515 1132 2551 huius
1165 2515 1406 2552 sacramenti
1440 2515 1534 2563 quia

162 2573 421 2617 40fructuosa
472 2573 635 2621 sequela
679 2573 832 2609 domini
884 2575 974 2609 Jesu
1020 2573 1181 2618 Christi,
1247 2586 1330 2609 non
1385 2572 1531 2608 mirum

220 2631 251 2667 si
295 2631 400 2667 istud
444 2630 699 2667 mendacium
745 2632 853 2679 quod
886 2640 965 2667 tam
1012 2632 1091 2667 late
1137 2630 1385 2679 dispergitur
1430 2630 1534 2666 inter

221 2689 378 2725 hereses
410 2697 543 2725 teneat
574 2702 775 2725 summum
811 2690 994 2736 gradum.

296 2842 315 2860 ι.
337 2835 379 2860 A:
405 2833 489 2861 Unde
507 2836 543 2861 et⁴
617 2834 641 2860 5.
663 2834 704 2860 A:
727 2834 850 2868 quidam
869 2834 1029 2869 magister.
1123 2841 1162 2859 10.
1185 2832 1303 2859 Codd.:
1326 2832 1464 2859 deinum.
