1986 3289
194 214 273 241 222
804 211 922 242 OPUS
947 210 1285 243 EVANGELICUM
1313 211 1396 242 [ΑΒ.
1424 211 1476 242 111.
1606 198 1713 255 [CAP-
1738 209 1799 236 LX-

205 315 451 383 gssttelfflggffiffi
483 319 587 354 Illud
618 325 743 353 autem
768 317 902 353 scitote
925 317 1024 365 quia,
1046 317 1081 353 si
1110 317 1227 353 sciret
1261 324 1329 353 etc.
1364 318 1678 366 Paterfamilias
1700 319 1797 355 enim

192 384 284 411 ottho
300 384 454 418 goodman
483 385 538 413 est
572 375 827 424 unusquisque
870 376 1077 411 secundum
1125 375 1295 410 animam
1348 376 1383 411 in
1418 376 1530 412 domo
1556 376 1684 425 patris
1721 377 1801 422 sui,-

485 435 564 483 fur
596 441 721 469 autem
757 433 933 469 diabolus
965 440 1033 478 est,
1069 433 1205 469 domus
1237 440 1362 468 autem
1387 440 1519 469 nostre
1551 441 1689 469 nature
1711 447 1798 470 cor-

477 504 600 542 poree
636 499 723 527 sunt
761 491 871 526 ianue
903 503 945 526 os
976 498 1011 526 et
1040 503 1168 537 aures,
1193 491 1375 539 fenestre
1396 498 1523 527 autem
1548 492 1661 528 oculi.
1696 492 1799 528 Sicut

482 563 579 600 ergo
607 561 683 598 per
714 549 849 584 ianuas
872 556 907 584 et
927 549 1134 597 fenestras
1156 549 1229 584 cito
1262 548 1485 598 ingreditur
1508 550 1610 585 latro
1643 557 1678 585 et
1709 553 1832 599 spo-5

482 609 550 644 liat
589 606 938 657 patremfamilias,
992 607 1046 642 sic
1072 619 1148 655 per
1192 619 1233 643 os
1277 614 1312 641 et
1355 619 1470 642 aures
1514 614 1549 643 et
1595 607 1726 643 oculos
1762 608 1798 643 in

482 666 695 702 hominibus
715 665 843 713 facile
889 664 1029 700 invenit
1063 664 1238 700 diabolus
1271 665 1509 700 occasionem
1543 666 1594 700 ad
1626 665 1796 701 animam

481 731 516 760 et
539 723 646 772 facit
684 735 765 758 eam
812 722 1026 771 captivam:
1075 722 1174 764 Quia
1218 722 1316 758 sicut
1361 730 1396 758 et
1441 722 1477 757 in
1509 723 1677 759 Jeremia
1723 724 1799 759 tale

480 782 628 831 aliquid
648 781 835 830 scriptum
870 788 945 816 est:
978 780 1091 816 Mors
1113 780 1272 816 intravit
1299 793 1374 829 per
1395 781 1600 828 fenestras
1633 788 1796 817 vestras.

482 841 524 876 Si
555 851 653 889 ergo
687 839 743 875 vis
776 850 858 874 esse
889 850 1062 880 securus,
1103 850 1202 887 pone
1234 851 1363 874 seram
1396 838 1507 874 ianue
1538 846 1613 884 tue,
1657 839 1697 874 id
1728 846 1795 885 est,
1817 854 1855 874 10

481 899 606 948 legem
640 897 792 932 timoris
832 896 952 931 divini
994 896 1056 931 ori
1092 903 1169 943 tuo,
1222 904 1262 931 ut
1306 897 1413 932 dicas
1455 908 1539 932 cum
1581 897 1797 946 propheta:

480 956 599 992 Dixi:
637 954 862 991 Custodiam
887 954 969 990 vias
1001 966 1118 1001 meas,
1155 961 1194 989 ut
1226 966 1298 990 non
1333 954 1550 1002 delinquam
1592 954 1628 990 in
1662 955 1796 1006 lingua

480 1027 577 1059 mea,
632 1013 749 1063 posui
799 1012 860 1048 ori
902 1024 985 1048 meo
1018 1012 1246 1048 custodiam.
1300 1013 1395 1048 Item
1431 1012 1633 1061 Sapiencia
1667 1013 1798 1049 docet:

486 1072 653 1108 Obstrue
683 1083 800 1106 aures
831 1077 916 1106 tuas
947 1070 1078 1119 spinis,
1113 1077 1152 1105 ut
1184 1082 1256 1106 non
1289 1071 1425 1106 audias
1458 1071 1575 1106 verba
1609 1070 1794 1121 maligna.

480 1130 557 1166 Sed
589 1142 702 1179 quant
725 1128 908 1178 fragiles
939 1135 1026 1164 sunt
1058 1136 1191 1164 nostre
1221 1140 1320 1174 sere,
1353 1128 1426 1164 nisi
1456 1129 1565 1165 Deus
1597 1129 1685 1165 illas
1713 1141 1795 1164 ser·
1817 1133 1852 1165 15

481 1188 645 1234 traverit,
679 1187 764 1236 quia
789 1187 862 1222 nisi
882 1186 1076 1222 Dominus
1098 1186 1326 1222 custodierit
1348 1186 1553 1233 civitatem,
1586 1187 1622 1222 in
1656 1199 1795 1223 vanum

480 1247 619 1297 vigilat
652 1245 716 1294 qui
757 1245 923 1281 custodit
963 1256 1060 1279 eam.
1115 1246 1316 1295 Rogemus
1347 1245 1472 1280 Deum
1513 1244 1668 1293 pariter
1711 1257 1795 1281 cum

475 1305 687 1353 propheta:
721 1303 826 1339 Pone
848 1303 1016 1338 Domine
1038 1303 1250 1338 custodiam
1285 1302 1347 1338 ori
1367 1315 1449 1339 meo
1483 1310 1519 1339 et
1551 1302 1686 1339 ostium
1722 1302 1796 1338 cir-

479 1361 712 1398 cumstancie
745 1361 856 1397 labiis
888 1361 993 1396 meis.
1028 1361 1115 1396 Non
1151 1361 1316 1397 declines
1348 1373 1417 1397 cor
1448 1373 1574 1396 meum
1609 1361 1644 1396 in
1679 1361 1795 1397 verba

479 1420 642 1458 malicie,
688 1420 795 1455 Pone
830 1431 941 1454 seras
983 1430 1100 1467 super
1129 1419 1333 1467 fenestras
1380 1419 1581 1455 oculorum
1626 1426 1854 1466 tuorum‚20

479 1486 519 1514 ut
552 1479 658 1514 dicas
705 1489 789 1513 cunz
830 1476 1042 1513 castissimo
1074 1477 1167 1512 Job:
1218 1477 1335 1513 Posui
1364 1484 1632 1513 testamentum
1678 1476 1797 1513 oculis

479 1536 584 1581 meis,
609 1543 649 1572 ut
670 1548 743 1571 non
757 1535 938 1571 sentirem
963 1535 998 1570 in
1023 1534 1228 1585 virginem.
1255 1535 1361 1581 Item,
1384 1535 1418 1571 si
1439 1535 1640 1584 concupivi
1652 1547 1795 1585 agrurn

474 1594 654 1642 proximi
684 1593 768 1640 mei,
802 1605 875 1643 ego
907 1593 1089 1629 seminem
1123 1600 1159 1628 et
1190 1593 1258 1628 alii
1288 1600 1441 1629 metent.

199 1648 451 1711 Ῑῖῗξῑῖὴῗὶὥξέζὲ
537 1653 645 1697 Item,
678 1651 764 1700 quia
789 1651 970 1701 fragiles
1016 1658 1105 1686 sunt
1136 1663 1222 1686 sere
1248 1652 1522 1699 fenestrarum
1557 1658 1795 1697 nostrarum⁷

433 1705 438 1710 ’
479 1711 604 1746 Deum
628 1710 848 1746 invocemus
871 1721 955 1745 cum
975 1709 1170 1758 propheta
1195 1709 1381 1745 dicentes:
1412 1709 1558 1745 Inclina
1581 1721 1649 1745 cor
1671 1721 1795 1745 meum
1813 1715 1852 1746 25

478 1769 513 1803 in
546 1768 761 1804 testimonia
787 1775 851 1802 tua
875 1774 910 1803 et
932 1779 1003 1802 non
1037 1767 1072 1802 in
1106 1767 1333 1802 avariciam.
1366 1766 1509 1802 Averte
1541 1767 1671 1803 oculos
1695 1779 1797 1803 meos

478 1839 522 1862 ne
562 1826 716 1861 videant
744 1822 748 1877 Ι
779 1825 999 1861 vanitatem.
1060 1825 1162 1868 Quid
1194 1824 1323 1875 ergo?
1374 1825 1506 1860 Nescit
1543 1825 1672 1860 anima
1711 1837 1795 1860 mea
1833 1829 1915 1871 426⁰

477 1885 629 1932 quando
669 1895 745 1932 per
796 1884 889 1919 istos
929 1883 1108 1918 introitus
1143 1883 1223 1931 fur
1260 1883 1483 1932 ingreditur
1525 1895 1644 1932 super
1682 1883 1797 1918 eam?

486 1942 582 1978 Vere
633 1942 762 1977 nescit.
816 1941 870 1976 Et
911 1941 1063 1990 quidem
1110 1941 1261 1989 quando
1310 1941 1464 1976 ducitur
1496 1941 1547 1976 ad
1580 1947 1793 1989 peccatum,

476 2000 568 2036 scit.-
600 2000 751 2048 quando
777 2006 903 2035 autem
935 1999 1171 2048 ingreditur,
1205 1999 1336 2035 nescit.
1371 1999 1461 2034 Ideo
1486 1998 1654 2049 vigilare
1687 1999 1795 2034 debet
1811 2005 1852 2037 30

477 2065 511 2094 et
544 2058 728 2094 claudere
768 2069 898 2093 omnes
941 2057 1121 2092 introitus
1165 2056 1278 2092 istos:
1322 2068 1364 2092 os
1403 2057 1552 2104 quidem
1592 2056 1792 2092 narracio-

477 2116 583 2151 nibus
615 2116 770 2161 sanctis,
794 2127 911 2150 aures
931 2114 1195 2151 audicionihus
1206 2114 1294 2163 piis,
1330 2115 1461 2150 oculos
1483 2114 1795 2150 consideracione

477 2174 748 2209 mirandorum
790 2185 947 2221 operum
974 2172 1050 2208 Dei
1080 2180 1240 2208 mentem
1272 2172 1573 2222 cogitacionibus
1605 2183 1795 2221 occupare

477 2231 688 2267 celestibus.
738 2231 825 2266 Non
866 2231 963 2266 enini
998 2230 1144 2280 sufficit
1176 2238 1215 2265 ut
1249 2242 1321 2265 non
1355 2231 1537 2279 loquatur
1569 2230 1629 2265 vel
1661 2229 1795 2265 audiat

478 2289 537 2324 vel
569 2289 697 2325 videat
730 2289 790 2324 vel
821 2288 966 2339 cogitet
998 2288 1113 2323 mala.
1163 2289 1240 2332 Qui
1282 2289 1378 2324 enim
1413 2289 1481 2324 hec
1504 2287 1621 2335 facit,
1656 2287 1795 2323 clausit
1811 2288 1850 2321 35

476 2347 657 2383 introitus
689 2359 791 2392 suos,
825 2354 860 2382 et
893 2346 1065 2395 implevit
1097 2353 1132 2382 et
1154 2346 1341 2395 oppilavit
1374 2346 1476 2381 malo
1508 2346 1697 2381 adversus
1730 2345 1793 2381 bo-

477 2417 565 2440 num
599 2412 648 2450 ut,
692 2417 737 2440 ne
770 2405 908 2440 habeat
942 2405 1067 2440 locum
1101 2404 1322 2440 introeundi
1351 2404 1512 2453 spiritus
1544 2404 1683 2448 bonus;
1733 2403 1797 2451 qui

546 2599 565 2618 1.
594 2591 636 2617 A:
659 2590 739 2617 enim
759 2590 843 2617 deest
916 2589 941 2617 3.
964 2591 1008 2617 A:
1029 2590 1094 2617 suis
1183 2589 1208 2624 3,
1229 2597 1258 2622 4.
1280 2590 1325 2616 A:
1347 2589 1502 2623 corporie.
1614 2598 1641 2623 ς).
1664 2589 1709 2615 Α;
1731 2588 1791 2615 ali-

474 2625 549 2659 quid
568 2625 669 2658 deest:
692 2625 730 2652 ib.
753 2626 796 2652 A:
819 2625 893 2660 quia
915 2625 997 2652 deest
1019 2624 1056 2651 B:
1079 2624 1173 2651 addit.
1269 2631 1312 2651 22.
1334 2624 1372 2651 ss:
1395 2624 1426 2650 in
1447 2624 1542 2650 deest.
1632 2623 1676 2650 26.
1699 2624 1742 2650 A:
1765 2625 1793 2650 el

474 2660 657 2686 testimonia.
749 2668 792 2693 27.
816 2660 854 2686 B:
877 2667 942 2686 mea
963 2659 1058 2686 deest.
1151 2659 1194 2685 28.
1217 2660 1260 2686 A:
1282 2659 1312 2685 in
1333 2666 1409 2685 eam.

543 2731 575 2762 8.
617 2732 682 2762 Jer.
724 2731 776 2770 IX,
822 2741 874 2761 21.
978 2741 1027 2761 12.
1057 2730 1183 2761 Psalm.
1216 2730 1396 2769 XXXVIII,
1433 2739 1462 2760 2.
1612 2740 1661 2769 14.
1696 2729 1790 2761 Eccl.

474 2778 622 2817 XXVIII,
657 2776 709 2808 28.
810 2776 857 2808 18.
890 2777 1017 2808 Psalm.
1056 2777 1202 2815 CXXVt,
1241 2787 1264 2806 1.
1337 2786 1384 2818 ιφ.
1418 2775 1544 2806 Psalm.
1568 2776 1668 2814 CXL,
1698 2776 1726 2815 3,
1758 2785 1790 2815 4.

476 2833 529 2854 21.
555 2824 621 2855 ,lob
647 2824 764 2863 XXXI,
797 2834 822 2863 1,
849 2824 880 2854 8.
956 2823 1008 2854 25.
1037 2823 1163 2853 Psalm.
1192 2822 1338 2862 CXVIII,
1367 2821 1419 2861 36,
1448 2823 1501 2863 37.
