<?xml version="1.0" encoding="UTF-8"?>
<!DOCTYPE html PUBLIC "-//W3C//DTD XHTML 1.0 Transitional//EN"
    "http://www.w3.org/TR/xhtml1/DTD/xhtml1-transitional.dtd">
<html xmlns="http://www.w3.org/1999/xhtml" xml:lang="en" lang="en">
 <head>
  <title>
</title>
<meta http-equiv="Content-Type" content="text/html;charset=utf-8" />
  <meta name='ocr-system' content='tesseract 3.04.00' />
  <meta name='ocr-capabilities' content='ocr_page ocr_carea ocr_par ocr_line ocrx_word'/>
</head>
<body>
  <div class='ocr_page' id='page_1' title='image "./opusevangelicum34wycl/opusevangelicum34wycl_0298.png"; bbox 0 0 1986 3289; ppageno 0'>
   <div class='ocr_carea' id='block_1_1' title="bbox 196 164 277 202">
    <p class='ocr_par' dir='ltr' id='par_1_1' title="bbox 196 164 277 202">
     <span class='ocr_line' id='line_1_1' title="bbox 196 164 277 202; baseline 0 0"><span class='ocrx_word' id='word_1_1' title='bbox 196 164 277 202; x_wconf 85' lang='lat'><em>260</em></span> 
     </span>
    </p>
   </div>
   <div class='ocr_carea' id='block_1_2' title="bbox 234 744 436 912">
    <p class='ocr_par' dir='ltr' id='par_1_2' title="bbox 234 744 436 912">
     <span class='ocr_line' id='line_1_2' title="bbox 248 744 411 773; baseline -0.006 0"><span class='ocrx_word' id='word_1_2' title='bbox 248 744 308 773; x_wconf 88' lang='lat' dir='ltr'><em>We</em></span> <span class='ocrx_word' id='word_1_3' title='bbox 328 749 411 772; x_wconf 88' lang='lat' dir='ltr'><em>must</em></span> 
     </span>
     <span class='ocr_line' id='line_1_3' title="bbox 244 779 424 816; baseline -0.006 -8"><span class='ocrx_word' id='word_1_4' title='bbox 244 779 352 816; x_wconf 82' lang='lat' dir='ltr'><em>regard</em></span> <span class='ocrx_word' id='word_1_5' title='bbox 373 780 424 807; x_wconf 88' lang='lat' dir='ltr'><em>the</em></span> 
     </span>
     <span class='ocr_line' id='line_1_4' title="bbox 242 815 418 842; baseline 0 0"><span class='ocrx_word' id='word_1_6' title='bbox 242 816 330 842; x_wconf 89' lang='lat' dir='ltr'>work</span> <span class='ocrx_word' id='word_1_7' title='bbox 350 815 384 842; x_wconf 91' lang='lat' dir='ltr'><em>of</em></span> <span class='ocrx_word' id='word_1_8' title='bbox 402 823 418 842; x_wconf 90' lang='lat' dir='ltr'><em>a</em></span> 
     </span>
     <span class='ocr_line' id='line_1_5' title="bbox 234 851 436 886; baseline 0 -9"><span class='ocrx_word' id='word_1_9' title='bbox 234 851 328 886; x_wconf 82' lang='lat' dir='ltr'><em>priest</em></span> <span class='ocrx_word' id='word_1_10' title='bbox 350 858 436 877; x_wconf 87' lang='lat' dir='ltr'><em>more</em></span> 
     </span>
     <span class='ocr_line' id='line_1_6' title="bbox 265 885 408 912; baseline 0 0"><span class='ocrx_word' id='word_1_11' title='bbox 265 886 337 912; x_wconf 85' lang='lat' dir='ltr'><em>than</em></span> <span class='ocrx_word' id='word_1_12' title='bbox 360 885 408 912; x_wconf 85' lang='lat' dir='ltr'><em>his</em></span> 
     </span>
    </p>
   </div>
   <div class='ocr_carea' id='block_1_3' title="bbox 199 920 470 955">
    <p class='ocr_par' dir='ltr' id='par_1_3' title="bbox 199 920 470 955">
     <span class='ocr_line' id='line_1_7' title="bbox 199 920 470 955; baseline -0.007 -7"><span class='ocrx_word' id='word_1_13' title='bbox 199 920 470 955; x_wconf 85' lang='lat' dir='ltr'><em>bishop&#39;slicense.</em></span> 
     </span>
    </p>
   </div>
   <div class='ocr_carea' id='block_1_4' title="bbox 198 1083 467 1119">
    <p class='ocr_par' dir='ltr' id='par_1_4' title="bbox 198 1083 467 1119">
     <span class='ocr_line' id='line_1_8' title="bbox 198 1083 467 1119; baseline -0.011 -7"><span class='ocrx_word' id='word_1_14' title='bbox 198 1085 226 1112; x_wconf 92' lang='lat' dir='ltr'><strong>A</strong></span> <span class='ocrx_word' id='word_1_15' title='bbox 248 1091 319 1111; x_wconf 89' lang='lat' dir='ltr'><em>man</em></span> <span class='ocrx_word' id='word_1_16' title='bbox 341 1091 411 1119; x_wconf 88' lang='lat' dir='ltr'><em>may</em></span> <span class='ocrx_word' id='word_1_17' title='bbox 431 1083 467 1110; x_wconf 88' lang='lat' dir='ltr'><em>be</em></span> 
     </span>
    </p>
   </div>
   <div class='ocr_carea' id='block_1_5' title="bbox 199 1117 470 1146">
    <p class='ocr_par' dir='ltr' id='par_1_5' title="bbox 199 1117 470 1146">
     <span class='ocr_line' id='line_1_9' title="bbox 199 1117 470 1146; baseline -0.007 0"><span class='ocrx_word' id='word_1_18' title='bbox 199 1127 233 1146; x_wconf 88' lang='lat' dir='ltr'><em>so</em></span> <span class='ocrx_word' id='word_1_19' title='bbox 248 1118 305 1146; x_wconf 86' lang='lat' dir='ltr'><em>bad</em></span> <span class='ocrx_word' id='word_1_20' title='bbox 322 1118 386 1145; x_wconf 87' lang='lat' dir='ltr'><em>that</em></span> <span class='ocrx_word' id='word_1_21' title='bbox 403 1117 470 1144; x_wconf 92' lang='lat' dir='ltr'><em>God</em></span> 
     </span>
    </p>
   </div>
   <div class='ocr_carea' id='block_1_6' title="bbox 806 157 1794 211">
    <p class='ocr_par' dir='ltr' id='par_1_6' title="bbox 806 157 1794 211">
     <span class='ocr_line' id='line_1_10' title="bbox 806 157 1794 211; baseline -0.003 -10"><span class='ocrx_word' id='word_1_22' title='bbox 806 169 924 201; x_wconf 79' lang='lat' dir='ltr'><em>opus</em></span> <span class='ocrx_word' id='word_1_23' title='bbox 949 169 1285 201; x_wconf 78' lang='lat' dir='ltr'><strong>EVANGELICUM</strong></span> <span class='ocrx_word' id='word_1_24' title='bbox 1313 169 1395 200; x_wconf 66' lang='grc' dir='ltr'><em>ΜΒ.</em></span> <span class='ocrx_word' id='word_1_25' title='bbox 1423 170 1476 201; x_wconf 86' lang='lat'><em>111.</em></span> <span class='ocrx_word' id='word_1_26' title='bbox 1557 157 1664 211; x_wconf 75' lang='lat' dir='ltr'><strong>[CAP.</strong></span> <span class='ocrx_word' id='word_1_27' title='bbox 1688 167 1794 195; x_wconf 70' lang='lat' dir='ltr'><em>max.</em></span> 
     </span>
    </p>
   </div>
   <div class='ocr_carea' id='block_1_7' title="bbox 483 274 1854 1131">
    <p class='ocr_par' dir='ltr' id='par_1_7' title="bbox 483 274 1828 717">
     <span class='ocr_line' id='line_1_11' title="bbox 483 274 1795 326; baseline 0 -14"><span class='ocrx_word' id='word_1_28' title='bbox 483 283 657 326; x_wconf 83' lang='lat' dir='ltr'><em>tempore</em></span> <span class='ocrx_word' id='word_1_29' title='bbox 687 275 953 312; x_wconf 85' lang='lat' dir='ltr'><em>seminacionis</em></span> <span class='ocrx_word' id='word_1_30' title='bbox 986 287 1059 311; x_wconf 88' lang='lat' dir='ltr'><em>non</em></span> <span class='ocrx_word' id='word_1_31' title='bbox 1088 274 1335 311; x_wconf 80' lang='lat' dir='ltr'><em>seminaverit</em></span> <span class='ocrx_word' id='word_1_32' title='bbox 1358 275 1566 324; x_wconf 83' lang='lat' dir='ltr'><em>dampnum</em></span> <span class='ocrx_word' id='word_1_33' title='bbox 1589 275 1697 324; x_wconf 83' lang='lat' dir='ltr'><em>facit</em></span> <span class='ocrx_word' id='word_1_34' title='bbox 1729 276 1795 312; x_wconf 90' lang='lat' dir='ltr'><em>do-</em></span> 
     </span>
     <span class='ocr_line' id='line_1_12' title="bbox 483 332 1794 382; baseline -0.002 -12"><span class='ocrx_word' id='word_1_35' title='bbox 483 334 584 370; x_wconf 88' lang='lat' dir='ltr'><em>mino</em></span> <span class='ocrx_word' id='word_1_36' title='bbox 626 345 708 380; x_wconf 82' lang='lat' dir='ltr'><em>suo,</em></span> <span class='ocrx_word' id='word_1_37' title='bbox 753 333 822 369; x_wconf 86' lang='lat' dir='ltr'><em>etsi</em></span> <span class='ocrx_word' id='word_1_38' title='bbox 853 345 925 368; x_wconf 88' lang='lat' dir='ltr'><em>non</em></span> <span class='ocrx_word' id='word_1_39' title='bbox 954 332 1174 382; x_wconf 81' lang='lat' dir='ltr'><em>perdiderit</em></span> <span class='ocrx_word' id='word_1_40' title='bbox 1212 345 1352 378; x_wconf 83' lang='lat' dir='ltr'><em>semen,</em></span> <span class='ocrx_word' id='word_1_41' title='bbox 1398 339 1453 368; x_wconf 91' lang='lat' dir='ltr'><em>est</em></span> <span class='ocrx_word' id='word_1_42' title='bbox 1490 340 1615 369; x_wconf 86' lang='lat' dir='ltr'><em>tamen</em></span> <span class='ocrx_word' id='word_1_43' title='bbox 1648 340 1794 369; x_wconf 85' lang='lat' dir='ltr'><em>tantum</em></span> 
     </span>
     <span class='ocr_line' id='line_1_13' title="bbox 485 390 1794 441; baseline 0 -14"><span class='ocrx_word' id='word_1_44' title='bbox 485 392 693 441; x_wconf 83' lang='lat' dir='ltr'><em>dampnum</em></span> <span class='ocrx_word' id='word_1_45' title='bbox 748 398 930 440; x_wconf 80' lang='lat' dir='ltr'><em>quantum</em></span> <span class='ocrx_word' id='word_1_46' title='bbox 977 397 1135 440; x_wconf 80' lang='lat' dir='ltr'><em>poterat</em></span> <span class='ocrx_word' id='word_1_47' title='bbox 1185 391 1337 426; x_wconf 83' lang='lat' dir='ltr'><em>lucrum</em></span> <span class='ocrx_word' id='word_1_48' title='bbox 1375 390 1518 438; x_wconf 83' lang='lat' dir='ltr'><em>jacere</em></span> <span class='ocrx_word' id='word_1_49' title='bbox 1574 390 1609 426; x_wconf 84' lang='lat' dir='ltr'><em>si</em></span> <span class='ocrx_word' id='word_1_50' title='bbox 1652 390 1794 440; x_wconf 83' lang='lat' dir='ltr'><em>optimo</em></span> 
     </span>
     <span class='ocr_line' id='line_1_14' title="bbox 484 447 1794 499; baseline -0.002 -13"><span class='ocrx_word' id='word_1_51' title='bbox 484 457 658 499; x_wconf 84' lang='lat' dir='ltr'><em>tempore</em></span> <span class='ocrx_word' id='word_1_52' title='bbox 688 448 937 493; x_wconf 85' lang='lat' dir='ltr'><em>seminasset;</em></span> <span class='ocrx_word' id='word_1_53' title='bbox 985 448 1040 484; x_wconf 87' lang='lat' dir='ltr'><em>sic</em></span> <span class='ocrx_word' id='word_1_54' title='bbox 1085 447 1149 496; x_wconf 84' lang='lat' dir='ltr'><em>qui</em></span> <span class='ocrx_word' id='word_1_55' title='bbox 1192 448 1331 497; x_wconf 85' lang='lat' dir='ltr'><em>accipit</em></span> <span class='ocrx_word' id='word_1_56' title='bbox 1351 447 1476 497; x_wconf 87' lang='lat' dir='ltr'><em>fidem</em></span> <span class='ocrx_word' id='word_1_57' title='bbox 1515 447 1663 484; x_wconf 83' lang='lat' dir='ltr'><em>Christi</em></span> <span class='ocrx_word' id='word_1_58' title='bbox 1693 456 1728 484; x_wconf 89' lang='lat' dir='ltr'><em>et</em></span> <span class='ocrx_word' id='word_1_59' title='bbox 1758 449 1794 484; x_wconf 85' lang='lat' dir='ltr'><em>in</em></span> 
     </span>
     <span class='ocr_line' id='line_1_15' title="bbox 485 505 1828 554; baseline -0.001 -11"><span class='ocrx_word' id='word_1_60' title='bbox 485 508 556 543; x_wconf 88' lang='lat' dir='ltr'><em>hoc</em></span> <span class='ocrx_word' id='word_1_61' title='bbox 577 507 705 543; x_wconf 83' lang='lat' dir='ltr'><em>seculo</em></span> <span class='ocrx_word' id='word_1_62' title='bbox 731 505 1000 542; x_wconf 85' lang='lat' dir='ltr'><em>seminacionis</em></span> <span class='ocrx_word' id='word_1_63' title='bbox 1023 518 1095 541; x_wconf 86' lang='lat' dir='ltr'><em>non</em></span> <span class='ocrx_word' id='word_1_64' title='bbox 1117 506 1247 554; x_wconf 86' lang='lat' dir='ltr'><em>fuerit</em></span> <span class='ocrx_word' id='word_1_65' title='bbox 1279 513 1461 554; x_wconf 86' lang='lat' dir='ltr'><em>operatus</em></span> <span class='ocrx_word' id='word_1_66' title='bbox 1493 505 1694 550; x_wconf 84' lang='lat' dir='ltr'><em>iusticiam,</em></span> <span class='ocrx_word' id='word_1_67' title='bbox 1727 506 1828 542; x_wconf 88' lang='lat' dir='ltr'><em>etsi5</em></span> 
     </span>
     <span class='ocr_line' id='line_1_16' title="bbox 484 563 1797 615; baseline -0.001 -15"><span class='ocrx_word' id='word_1_68' title='bbox 484 566 610 615; x_wconf 87' lang='lat' dir='ltr'><em>fidem</em></span> <span class='ocrx_word' id='word_1_69' title='bbox 633 576 742 600; x_wconf 80' lang='lat' dir='ltr'><em>suam</em></span> <span class='ocrx_word' id='word_1_70' title='bbox 770 576 842 600; x_wconf 88' lang='lat' dir='ltr'><em>non</em></span> <span class='ocrx_word' id='word_1_71' title='bbox 861 563 1094 612; x_wconf 83' lang='lat' dir='ltr'><em>perdiderit,</em></span> <span class='ocrx_word' id='word_1_72' title='bbox 1127 570 1253 599; x_wconf 81' lang='lat' dir='ltr'><em>tamen</em></span> <span class='ocrx_word' id='word_1_73' title='bbox 1277 570 1424 599; x_wconf 84' lang='lat' dir='ltr'><em>tantum</em></span> <span class='ocrx_word' id='word_1_74' title='bbox 1445 563 1598 599; x_wconf 83' lang='lat' dir='ltr'><em>videtur</em></span> <span class='ocrx_word' id='word_1_75' title='bbox 1614 575 1797 612; x_wconf 81' lang='lat' dir='ltr'><em>peccasse</em></span> 
     </span>
     <span class='ocr_line' id='line_1_17' title="bbox 484 620 1796 672; baseline -0.002 -14"><span class='ocrx_word' id='word_1_76' title='bbox 484 629 665 671; x_wconf 80' lang='lat' dir='ltr'><em>quantum</em></span> <span class='ocrx_word' id='word_1_77' title='bbox 694 622 821 672; x_wconf 81' lang='lat' dir='ltr'><em>potuit</em></span> <span class='ocrx_word' id='word_1_78' title='bbox 853 620 1043 657; x_wconf 80' lang='lat' dir='ltr'><em>iusticiam</em></span> <span class='ocrx_word' id='word_1_79' title='bbox 1067 621 1212 669; x_wconf 85' lang='lat' dir='ltr'><em>facere</em></span> <span class='ocrx_word' id='word_1_80' title='bbox 1242 621 1276 657; x_wconf 90' lang='lat' dir='ltr'><em>si</em></span> <span class='ocrx_word' id='word_1_81' title='bbox 1306 633 1377 656; x_wconf 87' lang='lat' dir='ltr'><em>non</em></span> <span class='ocrx_word' id='word_1_82' title='bbox 1411 620 1660 671; x_wconf 80' lang='lat' dir='ltr'><em>neglexisset.</em></span> <span class='ocrx_word' id='word_1_83' title='bbox 1713 622 1796 657; x_wconf 91' lang='lat' dir='ltr'><em>Hec</em></span> 
     </span>
     <span class='ocr_line' id='line_1_18' title="bbox 485 680 773 717; baseline -0.007 0"><span class='ocrx_word' id='word_1_84' title='bbox 485 680 773 717; x_wconf 86' lang='lat' dir='ltr'><em>Crisostomus.</em></span> 
     </span>
    </p>

    <p class='ocr_par' dir='ltr' id='par_1_8' title="bbox 485 735 1854 1075">
     <span class='ocr_line' id='line_1_19' title="bbox 544 735 1796 774; baseline -0.002 0"><span class='ocrx_word' id='word_1_85' title='bbox 544 740 597 774; x_wconf 87' lang='lat' dir='ltr'><em>Ex</em></span> <span class='ocrx_word' id='word_1_86' title='bbox 644 737 719 774; x_wconf 89' lang='lat' dir='ltr'><em>ista</em></span> <span class='ocrx_word' id='word_1_87' title='bbox 769 735 976 773; x_wconf 90' lang='lat' dir='ltr'><em>benedicta</em></span> <span class='ocrx_word' id='word_1_88' title='bbox 1020 735 1168 772; x_wconf 89' lang='lat' dir='ltr'><em>omelia</em></span> <span class='ocrx_word' id='word_1_89' title='bbox 1201 744 1238 772; x_wconf 89' lang='lat' dir='ltr'><em>et</em></span> <span class='ocrx_word' id='word_1_90' title='bbox 1268 735 1487 772; x_wconf 80' lang='lat' dir='ltr'><em>venerabili</em></span> <span class='ocrx_word' id='word_1_91' title='bbox 1520 735 1637 771; x_wconf 91' lang='lat' dir='ltr'><em>huius</em></span> <span class='ocrx_word' id='word_1_92' title='bbox 1668 736 1796 772; x_wconf 89' lang='lat' dir='ltr'><em>sancti</em></span> 
     </span>
     <span class='ocr_line' id='line_1_20' title="bbox 485 793 1854 843; baseline -0.002 -11"><span class='ocrx_word' id='word_1_93' title='bbox 485 805 577 832; x_wconf 87' lang='lat' dir='ltr'><em>sunt</em></span> <span class='ocrx_word' id='word_1_94' title='bbox 610 795 745 843; x_wconf 84' lang='lat' dir='ltr'><em>aliqua</em></span> <span class='ocrx_word' id='word_1_95' title='bbox 786 794 978 830; x_wconf 81' lang='lat' dir='ltr'><em>memorie</em></span> <span class='ocrx_word' id='word_1_96' title='bbox 1023 795 1365 841; x_wconf 80' lang='lat' dir='ltr'><em>commendanda3</em></span> <span class='ocrx_word' id='word_1_97' title='bbox 1419 793 1550 842; x_wconf 91' lang='lat' dir='ltr'><em>primo</em></span> <span class='ocrx_word' id='word_1_98' title='bbox 1584 806 1674 829; x_wconf 91' lang='lat' dir='ltr'><em>cum</em></span> <span class='ocrx_word' id='word_1_99' title='bbox 1708 794 1796 842; x_wconf 91' lang='lat' dir='ltr'><em>plus</em></span> <span class='ocrx_word' id='word_1_100' title='bbox 1817 809 1854 829; x_wconf 92' lang='lat'><em>10</em></span> 
     </span>
     <span class='ocr_line' id='line_1_21' title="bbox 487 851 1797 900; baseline -0.002 -10"><span class='ocrx_word' id='word_1_101' title='bbox 487 855 604 890; x_wconf 89' lang='lat' dir='ltr'><em>debet</em></span> <span class='ocrx_word' id='word_1_102' title='bbox 649 852 756 889; x_wconf 86' lang='lat' dir='ltr'><em>credi</em></span> <span class='ocrx_word' id='word_1_103' title='bbox 801 851 989 900; x_wconf 86' lang='lat' dir='ltr'><em>operibus</em></span> <span class='ocrx_word' id='word_1_104' title='bbox 1022 864 1141 899; x_wconf 89' lang='lat' dir='ltr'><em>quam</em></span> <span class='ocrx_word' id='word_1_105' title='bbox 1192 859 1418 888; x_wconf 88' lang='lat' dir='ltr'><em>atramento</em></span> <span class='ocrx_word' id='word_1_106' title='bbox 1450 851 1512 887; x_wconf 87' lang='lat' dir='ltr'><em>vel</em></span> <span class='ocrx_word' id='word_1_107' title='bbox 1544 851 1663 887; x_wconf 81' lang='lat' dir='ltr'><em>cartis</em></span> <span class='ocrx_word' id='word_1_108' title='bbox 1696 851 1797 899; x_wconf 90' lang='lat' dir='ltr'><em>epis-</em></span> 
     </span>
     <span class='ocr_line' id='line_1_22' title="bbox 487 909 1795 961; baseline -0.002 -13"><span class='ocrx_word' id='word_1_109' title='bbox 487 911 590 961; x_wconf 82' lang='lat' dir='ltr'><em>copi,</em></span> <span class='ocrx_word' id='word_1_110' title='bbox 626 910 752 958; x_wconf 86' lang='lat' dir='ltr'><em>magis</em></span> <span class='ocrx_word' id='word_1_111' title='bbox 786 919 843 946; x_wconf 90' lang='lat' dir='ltr'><em>est</em></span> <span class='ocrx_word' id='word_1_112' title='bbox 875 909 1063 958; x_wconf 87' lang='lat' dir='ltr'><em>operibus</em></span> <span class='ocrx_word' id='word_1_113' title='bbox 1096 909 1317 957; x_wconf 87' lang='lat' dir='ltr'><em>presbyteri</em></span> <span class='ocrx_word' id='word_1_114' title='bbox 1350 909 1640 946; x_wconf 88' lang='lat' dir='ltr'><em>attendendum</em></span> <span class='ocrx_word' id='word_1_115' title='bbox 1675 921 1795 957; x_wconf 84' lang='lat' dir='ltr'><em>quam</em></span> 
     </span>
     <span class='ocr_line' id='line_1_23' title="bbox 488 967 1795 1017; baseline -0.002 -11"><span class='ocrx_word' id='word_1_116' title='bbox 488 969 638 1017; x_wconf 90' lang='lat' dir='ltr'><em>scripto</em></span> <span class='ocrx_word' id='word_1_117' title='bbox 672 968 850 1016; x_wconf 80' lang='lat' dir='ltr'><em>episcopi</em></span> <span class='ocrx_word' id='word_1_118' title='bbox 903 967 1141 1004; x_wconf 89' lang='lat' dir='ltr'><em>ordinantis.</em></span> <span class='ocrx_word' id='word_1_119' title='bbox 1195 968 1255 1003; x_wconf 90' lang='lat' dir='ltr'><em>Ad</em></span> <span class='ocrx_word' id='word_1_120' title='bbox 1289 967 1407 1003; x_wconf 88' lang='lat' dir='ltr'><em>istum</em></span> <span class='ocrx_word' id='word_1_121' title='bbox 1455 975 1588 1003; x_wconf 87' lang='lat' dir='ltr'><em>autem</em></span> <span class='ocrx_word' id='word_1_122' title='bbox 1634 979 1795 1003; x_wconf 87' lang='lat' dir='ltr'><em>sensum</em></span> 
     </span>
     <span class='ocr_line' id='line_1_24' title="bbox 489 1025 1530 1075; baseline -0.003 -12"><span class='ocrx_word' id='word_1_123' title='bbox 489 1027 584 1063; x_wconf 81' lang='lat' dir='ltr'><em>dixit</em></span> <span class='ocrx_word' id='word_1_124' title='bbox 621 1026 803 1062; x_wconf 85' lang='lat' dir='ltr'><em>Christus</em></span> <span class='ocrx_word' id='word_1_125' title='bbox 835 1026 921 1063; x_wconf 86' lang='lat' dir='ltr'><em>Joh.</em></span> <span class='ocrx_word' id='word_1_126' title='bbox 954 1026 1000 1071; x_wconf 84' lang='lat' dir='ltr'><em>X,</em></span> <span class='ocrx_word' id='word_1_127' title='bbox 1035 1026 1109 1075; x_wconf 82' lang='lat'><em>38:</em></span> <span class='ocrx_word' id='word_1_128' title='bbox 1150 1025 1340 1074; x_wconf 84' lang='lat' dir='ltr'><em>Operibus</em></span> <span class='ocrx_word' id='word_1_129' title='bbox 1373 1025 1530 1061; x_wconf 85' lang='lat' dir='ltr'><em>credite.</em></span> 
     </span>
    </p>

    <p class='ocr_par' dir='ltr' id='par_1_9' title="bbox 548 1081 1854 1131">
     <span class='ocr_line' id='line_1_25' title="bbox 548 1081 1854 1131; baseline -0.002 -10"><span class='ocrx_word' id='word_1_130' title='bbox 548 1085 735 1121; x_wconf 87' lang='lat' dir='ltr'><em>Secundo</em></span> <span class='ocrx_word' id='word_1_131' title='bbox 780 1092 888 1131; x_wconf 83' lang='lat' dir='ltr'><em>patet</em></span> <span class='ocrx_word' id='word_1_132' title='bbox 933 1084 1040 1131; x_wconf 88' lang='lat' dir='ltr'><em>quod</em></span> <span class='ocrx_word' id='word_1_133' title='bbox 1073 1083 1180 1119; x_wconf 92' lang='lat' dir='ltr'><em>nulle</em></span> <span class='ocrx_word' id='word_1_134' title='bbox 1227 1083 1326 1119; x_wconf 88' lang='lat' dir='ltr'><em>tales</em></span> <span class='ocrx_word' id='word_1_135' title='bbox 1359 1082 1470 1119; x_wconf 87' lang='lat' dir='ltr'><em>litere</em></span> <span class='ocrx_word' id='word_1_136' title='bbox 1510 1081 1854 1119; x_wconf 84' lang='lat' dir='ltr'><em>testimoniales15</em></span> 
     </span>
    </p>
   </div>
   <div class='ocr_carea' id='block_1_8' title="bbox 222 1139 1800 1189">
    <p class='ocr_par' dir='ltr' id='par_1_10' title="bbox 222 1139 1800 1189">
     <span class='ocr_line' id='line_1_26' title="bbox 222 1139 1800 1189; baseline -0.003 -9"><span class='ocrx_word' id='word_1_137' title='bbox 222 1154 284 1180; x_wconf 72' lang='lat' dir='ltr'><em>will</em></span> <span class='ocrx_word' id='word_1_138' title='bbox 307 1157 360 1180; x_wconf 87' lang='lat' dir='ltr'><em>not</em></span> <span class='ocrx_word' id='word_1_139' title='bbox 380 1153 447 1187; x_wconf 79' lang='lat' dir='ltr'><em>give</em></span> <span class='ocrx_word' id='word_1_140' title='bbox 490 1144 632 1179; x_wconf 86' lang='lat' dir='ltr'><em>darent</em></span> <span class='ocrx_word' id='word_1_141' title='bbox 666 1142 785 1178; x_wconf 83' lang='lat' dir='ltr'><em>fidem</em></span> <span class='ocrx_word' id='word_1_142' title='bbox 820 1141 1004 1177; x_wconf 88' lang='lat' dir='ltr'><em>fidelibus</em></span> <span class='ocrx_word' id='word_1_143' title='bbox 1028 1142 1136 1188; x_wconf 88' lang='lat' dir='ltr'><em>quod</em></span> <span class='ocrx_word' id='word_1_144' title='bbox 1172 1140 1259 1189; x_wconf 86' lang='lat' dir='ltr'><em>quis</em></span> <span class='ocrx_word' id='word_1_145' title='bbox 1292 1141 1341 1177; x_wconf 90' lang='lat' dir='ltr'><em>sit</em></span> <span class='ocrx_word' id='word_1_146' title='bbox 1364 1141 1551 1177; x_wconf 83' lang='lat' dir='ltr'><em>sacerdos</em></span> <span class='ocrx_word' id='word_1_147' title='bbox 1583 1139 1665 1176; x_wconf 90' lang='lat' dir='ltr'><em>sive</em></span> <span class='ocrx_word' id='word_1_148' title='bbox 1697 1139 1800 1188; x_wconf 86' lang='lat' dir='ltr'><em>epis-</em></span> 
     </span>
    </p>
   </div>
   <div class='ocr_carea' id='block_1_9' title="bbox 206 1187 467 1250">
    <p class='ocr_par' dir='ltr' id='par_1_11' title="bbox 206 1187 467 1250">
     <span class='ocr_line' id='line_1_27' title="bbox 206 1187 467 1215; baseline -0.004 0"><span class='ocrx_word' id='word_1_149' title='bbox 206 1188 268 1215; x_wconf 89' lang='lat' dir='ltr'><em>him</em></span> <span class='ocrx_word' id='word_1_150' title='bbox 289 1189 339 1215; x_wconf 90' lang='lat' dir='ltr'><em>the</em></span> <span class='ocrx_word' id='word_1_151' title='bbox 359 1187 467 1214; x_wconf 84' lang='lat' dir='ltr'><em>orders</em></span> 
     </span>
     <span class='ocr_line' id='line_1_28' title="bbox 247 1223 421 1250; baseline -0.006 0"><span class='ocrx_word' id='word_1_152' title='bbox 247 1223 283 1250; x_wconf 86' lang='lat' dir='ltr'><em>he</em></span> <span class='ocrx_word' id='word_1_153' title='bbox 303 1223 421 1250; x_wconf 87' lang='lat' dir='ltr'><em>claims.</em></span> 
     </span>
    </p>
   </div>
   <div class='ocr_carea' id='block_1_10' title="bbox 251 1731 432 1905">
    <p class='ocr_par' dir='ltr' id='par_1_12' title="bbox 251 1731 432 1905">
     <span class='ocr_line' id='line_1_29' title="bbox 257 1731 418 1767; baseline -0.006 -8"><span class='ocrx_word' id='word_1_154' title='bbox 257 1731 326 1759; x_wconf 91' lang='lat' dir='ltr'><em>God</em></span> <span class='ocrx_word' id='word_1_155' title='bbox 348 1739 418 1767; x_wconf 87' lang='lat' dir='ltr'><em>may</em></span> 
     </span>
     <span class='ocr_line' id='line_1_30' title="bbox 251 1767 432 1829; baseline 0 -1"><span class='ocrx_word' id='word_1_156' title='bbox 251 1767 364 1828; x_wconf 41' lang='lat'><em>³⁰55&amp;</em></span> <span class='ocrx_word' id='word_1_157' title='bbox 379 1768 432 1829; x_wconf 56' lang='lat'><em>{2¹2³</em></span> 
     </span>
     <span class='ocr_line' id='line_1_31' title="bbox 290 1836 416 1863; baseline 0 0"><span class='ocrx_word' id='word_1_158' title='bbox 290 1836 416 1863; x_wconf 79' lang='lat' dir='ltr'><em>efective</em></span> 
     </span>
     <span class='ocr_line' id='line_1_32' title="bbox 270 1871 409 1905; baseline -0.007 -7"><span class='ocrx_word' id='word_1_159' title='bbox 270 1871 409 1905; x_wconf 81' lang='lat' dir='ltr'><em>prelates.</em></span> 
     </span>
    </p>
   </div>
   <div class='ocr_carea' id='block_1_11' title="bbox 489 1197 1860 2633">
    <p class='ocr_par' dir='ltr' id='par_1_13' title="bbox 489 1197 1858 1699">
     <span class='ocr_line' id='line_1_33' title="bbox 490 1197 1796 1248; baseline -0.002 -11"><span class='ocrx_word' id='word_1_160' title='bbox 490 1213 628 1248; x_wconf 78' lang='lat' dir='ltr'><em>copus,</em></span> <span class='ocrx_word' id='word_1_161' title='bbox 673 1201 742 1236; x_wconf 92' lang='lat' dir='ltr'><em>sed</em></span> <span class='ocrx_word' id='word_1_162' title='bbox 790 1199 870 1235; x_wconf 86' lang='lat' dir='ltr'><em>vita</em></span> <span class='ocrx_word' id='word_1_163' title='bbox 903 1198 1131 1246; x_wconf 84' lang='lat' dir='ltr'><em>evangelica</em></span> <span class='ocrx_word' id='word_1_164' title='bbox 1176 1199 1250 1235; x_wconf 92' lang='lat' dir='ltr'><em>hoc</em></span> <span class='ocrx_word' id='word_1_165' title='bbox 1283 1200 1483 1246; x_wconf 89' lang='lat' dir='ltr'><em>probaret.</em></span> <span class='ocrx_word' id='word_1_166' title='bbox 1538 1200 1659 1245; x_wconf 81' lang='lat' dir='ltr'><em>Error</em></span> <span class='ocrx_word' id='word_1_167' title='bbox 1692 1197 1796 1234; x_wconf 90' lang='lat' dir='ltr'><em>enim</em></span> 
     </span>
     <span class='ocr_line' id='line_1_34' title="bbox 489 1257 1800 1304; baseline -0.002 -10"><span class='ocrx_word' id='word_1_168' title='bbox 489 1258 529 1294; x_wconf 91' lang='lat' dir='ltr'><em>in</em></span> <span class='ocrx_word' id='word_1_169' title='bbox 562 1257 728 1293; x_wconf 88' lang='lat' dir='ltr'><em>homine</em></span> <span class='ocrx_word' id='word_1_170' title='bbox 761 1265 896 1304; x_wconf 87' lang='lat' dir='ltr'><em>posset</em></span> <span class='ocrx_word' id='word_1_171' title='bbox 930 1268 1013 1293; x_wconf 89' lang='lat' dir='ltr'><em>esse</em></span> <span class='ocrx_word' id='word_1_172' title='bbox 1046 1264 1181 1292; x_wconf 90' lang='lat' dir='ltr'><em>tantus</em></span> <span class='ocrx_word' id='word_1_173' title='bbox 1214 1257 1323 1304; x_wconf 89' lang='lat' dir='ltr'><em>quod</em></span> <span class='ocrx_word' id='word_1_174' title='bbox 1357 1258 1462 1292; x_wconf 90' lang='lat' dir='ltr'><em>Deus</em></span> <span class='ocrx_word' id='word_1_175' title='bbox 1494 1268 1575 1292; x_wconf 89' lang='lat' dir='ltr'><em>non</em></span> <span class='ocrx_word' id='word_1_176' title='bbox 1609 1268 1800 1304; x_wconf 88' lang='lat' dir='ltr'><em>coopera-</em></span> 
     </span>
     <span class='ocr_line' id='line_1_35' title="bbox 490 1313 1801 1362; baseline -0.002 -10"><span class='ocrx_word' id='word_1_177' title='bbox 490 1324 599 1352; x_wconf 86' lang='lat' dir='ltr'><em>retur</em></span> <span class='ocrx_word' id='word_1_178' title='bbox 632 1327 721 1352; x_wconf 92' lang='lat' dir='ltr'><em>cum</em></span> <span class='ocrx_word' id='word_1_179' title='bbox 756 1314 837 1359; x_wconf 86' lang='lat' dir='ltr'><em>illo,</em></span> <span class='ocrx_word' id='word_1_180' title='bbox 882 1315 1016 1350; x_wconf 90' lang='lat' dir='ltr'><em>dando</em></span> <span class='ocrx_word' id='word_1_181' title='bbox 1048 1314 1208 1350; x_wconf 88' lang='lat' dir='ltr'><em>ordines</em></span> <span class='ocrx_word' id='word_1_182' title='bbox 1241 1327 1342 1362; x_wconf 89' lang='lat' dir='ltr'><em>quos</em></span> <span class='ocrx_word' id='word_1_183' title='bbox 1376 1313 1431 1350; x_wconf 90' lang='lat' dir='ltr'><em>sic</em></span> <span class='ocrx_word' id='word_1_184' title='bbox 1464 1313 1591 1361; x_wconf 83' lang='lat' dir='ltr'><em>fingit.</em></span> <span class='ocrx_word' id='word_1_185' title='bbox 1646 1314 1722 1350; x_wconf 90' lang='lat' dir='ltr'><em>Sed</em></span> <span class='ocrx_word' id='word_1_186' title='bbox 1756 1325 1801 1349; x_wconf 86' lang='lat' dir='ltr'><em>ex</em></span> 
     </span>
     <span class='ocr_line' id='line_1_36' title="bbox 492 1371 1858 1421; baseline -0.001 -11"><span class='ocrx_word' id='word_1_187' title='bbox 492 1373 582 1417; x_wconf 88' lang='lat' dir='ltr'><em>fide,</em></span> <span class='ocrx_word' id='word_1_188' title='bbox 611 1375 694 1409; x_wconf 93' lang='lat' dir='ltr'><em>Deo</em></span> <span class='ocrx_word' id='word_1_189' title='bbox 716 1385 796 1409; x_wconf 90' lang='lat' dir='ltr'><em>non</em></span> <span class='ocrx_word' id='word_1_190' title='bbox 819 1373 940 1408; x_wconf 88' lang='lat' dir='ltr'><em>dante</em></span> <span class='ocrx_word' id='word_1_191' title='bbox 971 1372 1330 1421; x_wconf 76' lang='lat' dir='ltr'><em>complementum,</em></span> <span class='ocrx_word' id='word_1_192' title='bbox 1363 1384 1444 1407; x_wconf 92' lang='lat' dir='ltr'><em>non</em></span> <span class='ocrx_word' id='word_1_193' title='bbox 1467 1371 1673 1419; x_wconf 83' lang='lat' dir='ltr'><em>perficitur</em></span> <span class='ocrx_word' id='word_1_194' title='bbox 1698 1383 1799 1419; x_wconf 93' lang='lat' dir='ltr'><em>opus</em></span> <span class='ocrx_word' id='word_1_195' title='bbox 1817 1387 1858 1409; x_wconf 89' lang='lat'><em>20</em></span> 
     </span>
     <span class='ocr_line' id='line_1_37' title="bbox 492 1428 1799 1478; baseline -0.003 -10"><span class='ocrx_word' id='word_1_196' title='bbox 492 1431 644 1477; x_wconf 83' lang='lat' dir='ltr'><em>fictum,</em></span> <span class='ocrx_word' id='word_1_197' title='bbox 690 1443 783 1478; x_wconf 82' lang='lat' dir='ltr'><em>ergo</em></span> <span class='ocrx_word' id='word_1_198' title='bbox 828 1443 909 1467; x_wconf 93' lang='lat' dir='ltr'><em>non</em></span> <span class='ocrx_word' id='word_1_199' title='bbox 956 1442 999 1466; x_wconf 85' lang='lat' dir='ltr'><em>ex</em></span> <span class='ocrx_word' id='word_1_200' title='bbox 1031 1429 1321 1466; x_wconf 86' lang='lat' dir='ltr'><em>testificacione</em></span> <span class='ocrx_word' id='word_1_201' title='bbox 1361 1429 1452 1466; x_wconf 86' lang='lat' dir='ltr'><em>talis</em></span> <span class='ocrx_word' id='word_1_202' title='bbox 1486 1428 1659 1465; x_wconf 87' lang='lat' dir='ltr'><em>hominis</em></span> <span class='ocrx_word' id='word_1_203' title='bbox 1692 1428 1799 1465; x_wconf 91' lang='lat' dir='ltr'><em>ordi-</em></span> 
     </span>
     <span class='ocr_line' id='line_1_38' title="bbox 491 1486 1799 1535; baseline -0.002 -10"><span class='ocrx_word' id='word_1_204' title='bbox 491 1489 638 1534; x_wconf 75' lang='lat' dir='ltr'><em>nantis,</em></span> <span class='ocrx_word' id='word_1_205' title='bbox 673 1490 741 1525; x_wconf 90' lang='lat' dir='ltr'><em>sed</em></span> <span class='ocrx_word' id='word_1_206' title='bbox 775 1501 818 1524; x_wconf 84' lang='lat' dir='ltr'><em>ex</em></span> <span class='ocrx_word' id='word_1_207' title='bbox 851 1487 1146 1524; x_wconf 88' lang='lat' dir='ltr'><em>iustificacione</em></span> <span class='ocrx_word' id='word_1_208' title='bbox 1176 1487 1309 1535; x_wconf 88' lang='lat' dir='ltr'><em>operis</em></span> <span class='ocrx_word' id='word_1_209' title='bbox 1334 1486 1595 1523; x_wconf 88' lang='lat' dir='ltr'><em>conformiter</em></span> <span class='ocrx_word' id='word_1_210' title='bbox 1626 1486 1703 1534; x_wconf 87' lang='lat' dir='ltr'><em>legi</em></span> <span class='ocrx_word' id='word_1_211' title='bbox 1727 1486 1799 1522; x_wconf 90' lang='lat' dir='ltr'><em>Dei</em></span> 
     </span>
     <span class='ocr_line' id='line_1_39' title="bbox 493 1544 1799 1594; baseline -0.002 -11"><span class='ocrx_word' id='word_1_212' title='bbox 493 1546 691 1594; x_wconf 87' lang='lat' dir='ltr'><em>capienda</em></span> <span class='ocrx_word' id='word_1_213' title='bbox 724 1555 781 1582; x_wconf 88' lang='lat' dir='ltr'><em>est</em></span> <span class='ocrx_word' id='word_1_214' title='bbox 815 1545 1033 1593; x_wconf 88' lang='lat' dir='ltr'><em>probabilis</em></span> <span class='ocrx_word' id='word_1_215' title='bbox 1067 1544 1275 1582; x_wconf 89' lang='lat' dir='ltr'><em>evidencia</em></span> <span class='ocrx_word' id='word_1_216' title='bbox 1307 1544 1398 1581; x_wconf 88' lang='lat' dir='ltr'><em>talis</em></span> <span class='ocrx_word' id='word_1_217' title='bbox 1432 1553 1571 1581; x_wconf 88' lang='lat' dir='ltr'><em>status.</em></span> <span class='ocrx_word' id='word_1_218' title='bbox 1626 1545 1799 1589; x_wconf 86' lang='lat' dir='ltr'><em>Quando</em></span> 
     </span>
     <span class='ocr_line' id='line_1_40' title="bbox 491 1601 1800 1651; baseline -0.002 -11"><span class='ocrx_word' id='word_1_219' title='bbox 491 1613 623 1641; x_wconf 87' lang='lat' dir='ltr'><em>autem</em></span> <span class='ocrx_word' id='word_1_220' title='bbox 649 1612 706 1640; x_wconf 89' lang='lat' dir='ltr'><em>est</em></span> <span class='ocrx_word' id='word_1_221' title='bbox 739 1603 948 1640; x_wconf 90' lang='lat' dir='ltr'><em>contencio</em></span> <span class='ocrx_word' id='word_1_222' title='bbox 981 1603 1086 1640; x_wconf 88' lang='lat' dir='ltr'><em>circa</em></span> <span class='ocrx_word' id='word_1_223' title='bbox 1109 1602 1227 1649; x_wconf 85' lang='lat' dir='ltr'><em>istud,</em></span> <span class='ocrx_word' id='word_1_224' title='bbox 1261 1612 1317 1639; x_wconf 89' lang='lat' dir='ltr'><em>est</em></span> <span class='ocrx_word' id='word_1_225' title='bbox 1341 1602 1548 1651; x_wconf 83' lang='lat' dir='ltr'><em>probabile</em></span> <span class='ocrx_word' id='word_1_226' title='bbox 1579 1602 1686 1651; x_wconf 88' lang='lat' dir='ltr'><em>quod</em></span> <span class='ocrx_word' id='word_1_227' title='bbox 1718 1601 1800 1638; x_wconf 88' lang='lat' dir='ltr'><em>dia—</em></span> 
     </span>
     <span class='ocr_line' id='line_1_41' title="bbox 491 1661 1855 1699; baseline -0.002 0"><span class='ocrx_word' id='word_1_228' title='bbox 491 1663 605 1699; x_wconf 86' lang='lat' dir='ltr'><em>bolus</em></span> <span class='ocrx_word' id='word_1_229' title='bbox 638 1662 782 1698; x_wconf 87' lang='lat' dir='ltr'><em>habeat</em></span> <span class='ocrx_word' id='word_1_230' title='bbox 815 1661 1015 1697; x_wconf 88' lang='lat' dir='ltr'><em>interesse.</em></span> <span class='ocrx_word' id='word_1_231' title='bbox 1816 1665 1855 1697; x_wconf 82' lang='lat'><em>25</em></span> 
     </span>
    </p>

    <p class='ocr_par' dir='ltr' id='par_1_14' title="bbox 493 1716 1858 2103">
     <span class='ocr_line' id='line_1_42' title="bbox 548 1716 1799 1767; baseline -0.002 -11"><span class='ocrx_word' id='word_1_232' title='bbox 548 1720 693 1756; x_wconf 91' lang='lat' dir='ltr'><em>Tercio</em></span> <span class='ocrx_word' id='word_1_233' title='bbox 737 1719 906 1756; x_wconf 90' lang='lat' dir='ltr'><em>infertur</em></span> <span class='ocrx_word' id='word_1_234' title='bbox 937 1719 1045 1767; x_wconf 90' lang='lat' dir='ltr'><em>quod</em></span> <span class='ocrx_word' id='word_1_235' title='bbox 1090 1717 1171 1754; x_wconf 90' lang='lat' dir='ltr'><em>sive</em></span> <span class='ocrx_word' id='word_1_236' title='bbox 1203 1730 1308 1766; x_wconf 90' lang='lat' dir='ltr'><em>papa</em></span> <span class='ocrx_word' id='word_1_237' title='bbox 1341 1717 1421 1754; x_wconf 90' lang='lat' dir='ltr'><em>sive</em></span> <span class='ocrx_word' id='word_1_238' title='bbox 1455 1717 1667 1765; x_wconf 83' lang='lat' dir='ltr'><em>episcopus</em></span> <span class='ocrx_word' id='word_1_239' title='bbox 1699 1716 1799 1753; x_wconf 86' lang='lat' dir='ltr'><em>alius</em></span> 
     </span>
     <span class='ocr_line' id='line_1_43' title="bbox 493 1775 1801 1823; baseline -0.002 -9"><span class='ocrx_word' id='word_1_240' title='bbox 493 1777 533 1814; x_wconf 89' lang='lat' dir='ltr'><em>in</em></span> <span class='ocrx_word' id='word_1_241' title='bbox 564 1777 645 1814; x_wconf 84' lang='lat' dir='ltr'><em>vita</em></span> <span class='ocrx_word' id='word_1_242' title='bbox 673 1778 776 1813; x_wconf 86' lang='lat' dir='ltr'><em>iusta</em></span> <span class='ocrx_word' id='word_1_243' title='bbox 809 1776 991 1822; x_wconf 87' lang='lat' dir='ltr'><em>defuerit,</em></span> <span class='ocrx_word' id='word_1_244' title='bbox 1024 1775 1096 1812; x_wconf 88' lang='lat' dir='ltr'><em>Dei</em></span> <span class='ocrx_word' id='word_1_245' title='bbox 1129 1784 1187 1812; x_wconf 90' lang='lat' dir='ltr'><em>est</em></span> <span class='ocrx_word' id='word_1_246' title='bbox 1218 1788 1298 1812; x_wconf 93' lang='lat' dir='ltr'><em>non</em></span> <span class='ocrx_word' id='word_1_247' title='bbox 1332 1775 1509 1823; x_wconf 84' lang='lat' dir='ltr'><em>exigente</em></span> <span class='ocrx_word' id='word_1_248' title='bbox 1541 1783 1707 1823; x_wconf 88' lang='lat' dir='ltr'><em>peccato</em></span> <span class='ocrx_word' id='word_1_249' title='bbox 1739 1786 1801 1811; x_wconf 90' lang='lat' dir='ltr'><em>ec-</em></span> 
     </span>
     <span class='ocr_line' id='line_1_44' title="bbox 495 1832 1801 1882; baseline -0.003 -10"><span class='ocrx_word' id='word_1_250' title='bbox 495 1835 613 1872; x_wconf 92' lang='lat' dir='ltr'><em>clesie</em></span> <span class='ocrx_word' id='word_1_251' title='bbox 646 1847 821 1871; x_wconf 88' lang='lat' dir='ltr'><em>errorem</em></span> <span class='ocrx_word' id='word_1_252' title='bbox 856 1834 946 1870; x_wconf 90' lang='lat' dir='ltr'><em>talis</em></span> <span class='ocrx_word' id='word_1_253' title='bbox 981 1833 1121 1882; x_wconf 87' lang='lat' dir='ltr'><em>prelati</em></span> <span class='ocrx_word' id='word_1_254' title='bbox 1154 1833 1354 1881; x_wconf 89' lang='lat' dir='ltr'><em>supplere.</em></span> <span class='ocrx_word' id='word_1_255' title='bbox 1395 1835 1500 1869; x_wconf 90' lang='lat' dir='ltr'><em>Deus</em></span> <span class='ocrx_word' id='word_1_256' title='bbox 1533 1832 1638 1868; x_wconf 90' lang='lat' dir='ltr'><em>enim</em></span> <span class='ocrx_word' id='word_1_257' title='bbox 1671 1840 1801 1880; x_wconf 90' lang='lat' dir='ltr'><em>potest</em></span> 
     </span>
     <span class='ocr_line' id='line_1_45' title="bbox 493 1890 1800 1939; baseline -0.002 -10"><span class='ocrx_word' id='word_1_258' title='bbox 493 1893 579 1930; x_wconf 87' lang='lat' dir='ltr'><em>sine</em></span> <span class='ocrx_word' id='word_1_259' title='bbox 612 1892 682 1929; x_wconf 89' lang='lat' dir='ltr'><em>tali</em></span> <span class='ocrx_word' id='word_1_260' title='bbox 729 1892 911 1928; x_wconf 89' lang='lat' dir='ltr'><em>ministro</em></span> <span class='ocrx_word' id='word_1_261' title='bbox 957 1892 1079 1939; x_wconf 83' lang='lat' dir='ltr'><em>digno</em></span> <span class='ocrx_word' id='word_1_262' title='bbox 1111 1891 1170 1927; x_wconf 90' lang='lat' dir='ltr'><em>vel</em></span> <span class='ocrx_word' id='word_1_263' title='bbox 1215 1890 1381 1939; x_wconf 83' lang='lat' dir='ltr'><em>indigno</em></span> <span class='ocrx_word' id='word_1_264' title='bbox 1414 1903 1625 1939; x_wconf 85' lang='lat' dir='ltr'><em>personam</em></span> <span class='ocrx_word' id='word_1_265' title='bbox 1659 1890 1700 1926; x_wconf 90' lang='lat' dir='ltr'><em>in</em></span> <span class='ocrx_word' id='word_1_266' title='bbox 1731 1890 1800 1926; x_wconf 85' lang='lat' dir='ltr'><em>tali</em></span> 
     </span>
     <span class='ocr_line' id='line_1_46' title="bbox 493 1948 1858 1997; baseline -0.001 -9"><span class='ocrx_word' id='word_1_267' title='bbox 493 1960 599 1988; x_wconf 88' lang='lat' dir='ltr'><em>statu</em></span> <span class='ocrx_word' id='word_1_268' title='bbox 633 1950 889 1996; x_wconf 85' lang='lat' dir='ltr'><em>constituere,</em></span> <span class='ocrx_word' id='word_1_269' title='bbox 942 1962 1014 1986; x_wconf 91' lang='lat' dir='ltr'><em>nec</em></span> <span class='ocrx_word' id='word_1_270' title='bbox 1059 1957 1116 1985; x_wconf 90' lang='lat' dir='ltr'><em>est</em></span> <span class='ocrx_word' id='word_1_271' title='bbox 1149 1948 1398 1997; x_wconf 83' lang='lat' dir='ltr'><em>probabilior</em></span> <span class='ocrx_word' id='word_1_272' title='bbox 1443 1948 1648 1985; x_wconf 86' lang='lat' dir='ltr'><em>evidencia</em></span> <span class='ocrx_word' id='word_1_273' title='bbox 1680 1960 1800 1996; x_wconf 90' lang='lat' dir='ltr'><em>quam</em></span> <span class='ocrx_word' id='word_1_274' title='bbox 1817 1957 1858 1989; x_wconf 80' lang='lat'><em>30</em></span> 
     </span>
     <span class='ocr_line' id='line_1_47' title="bbox 494 2005 1802 2045; baseline -0.002 0"><span class='ocrx_word' id='word_1_275' title='bbox 494 2021 537 2045; x_wconf 84' lang='lat' dir='ltr'><em>ex</em></span> <span class='ocrx_word' id='word_1_276' title='bbox 569 2008 662 2045; x_wconf 86' lang='lat' dir='ltr'><em>vita.</em></span> <span class='ocrx_word' id='word_1_277' title='bbox 711 2009 803 2044; x_wconf 85' lang='lat' dir='ltr'><em>Ideo</em></span> <span class='ocrx_word' id='word_1_278' title='bbox 848 2007 984 2044; x_wconf 90' lang='lat' dir='ltr'><em>habita</em></span> <span class='ocrx_word' id='word_1_279' title='bbox 1029 2006 1110 2043; x_wconf 87' lang='lat' dir='ltr'><em>vita</em></span> <span class='ocrx_word' id='word_1_280' title='bbox 1148 2015 1286 2043; x_wconf 88' lang='lat' dir='ltr'><em>sancta</em></span> <span class='ocrx_word' id='word_1_281' title='bbox 1319 2015 1354 2042; x_wconf 91' lang='lat' dir='ltr'><em>et</em></span> <span class='ocrx_word' id='word_1_282' title='bbox 1386 2005 1570 2042; x_wconf 90' lang='lat' dir='ltr'><em>doctrina</em></span> <span class='ocrx_word' id='word_1_283' title='bbox 1604 2005 1802 2042; x_wconf 87' lang='lat' dir='ltr'><em>catholica</em></span> 
     </span>
     <span class='ocr_line' id='line_1_48' title="bbox 494 2064 1115 2103; baseline -0.003 -1"><span class='ocrx_word' id='word_1_284' title='bbox 494 2066 589 2103; x_wconf 88' lang='lat' dir='ltr'><em>satis</em></span> <span class='ocrx_word' id='word_1_285' title='bbox 623 2074 680 2102; x_wconf 86' lang='lat' dir='ltr'><em>est</em></span> <span class='ocrx_word' id='word_1_286' title='bbox 713 2065 877 2103; x_wconf 87' lang='lat' dir='ltr'><em>ecclesie</em></span> <span class='ocrx_word' id='word_1_287' title='bbox 912 2064 1115 2101; x_wconf 87' lang='lat' dir='ltr'><em>militanti.</em></span> 
     </span>
    </p>

    <p class='ocr_par' dir='ltr' id='par_1_15' title="bbox 496 2119 1860 2633">
     <span class='ocr_line' id='line_1_49' title="bbox 552 2119 1801 2170; baseline -0.003 -10"><span class='ocrx_word' id='word_1_288' title='bbox 552 2126 601 2160; x_wconf 82' lang='lat' dir='ltr'><em>Et</em></span> <span class='ocrx_word' id='word_1_289' title='bbox 652 2123 727 2160; x_wconf 91' lang='lat' dir='ltr'><em>isto</em></span> <span class='ocrx_word' id='word_1_290' title='bbox 773 2122 879 2159; x_wconf 85' lang='lat' dir='ltr'><em>fideli</em></span> <span class='ocrx_word' id='word_1_291' title='bbox 924 2121 1125 2170; x_wconf 88' lang='lat' dir='ltr'><em>principio</em></span> <span class='ocrx_word' id='word_1_292' title='bbox 1169 2130 1337 2158; x_wconf 88' lang='lat' dir='ltr'><em>utuntur</em></span> <span class='ocrx_word' id='word_1_293' title='bbox 1369 2121 1557 2158; x_wconf 85' lang='lat' dir='ltr'><em>catholici</em></span> <span class='ocrx_word' id='word_1_294' title='bbox 1590 2120 1631 2157; x_wconf 88' lang='lat' dir='ltr'><em>in</em></span> <span class='ocrx_word' id='word_1_295' title='bbox 1667 2119 1801 2156; x_wconf 86' lang='lat' dir='ltr'><em>multis</em></span> 
     </span>
     <span class='ocr_line' id='line_1_50' title="bbox 496 2177 1802 2228; baseline -0.004 -10"><span class='ocrx_word' id='word_1_296' title='bbox 496 2181 709 2218; x_wconf 90' lang='lat' dir='ltr'><em>sentenciis</em></span> <span class='ocrx_word' id='word_1_297' title='bbox 744 2193 842 2228; x_wconf 87' lang='lat' dir='ltr'><em>quas</em></span> <span class='ocrx_word' id='word_1_298' title='bbox 876 2179 1014 2217; x_wconf 90' lang='lat' dir='ltr'><em>dicunt</em></span> <span class='ocrx_word' id='word_1_299' title='bbox 1047 2179 1224 2217; x_wconf 88' lang='lat' dir='ltr'><em>ecclesie.</em></span> <span class='ocrx_word' id='word_1_300' title='bbox 1277 2181 1378 2215; x_wconf 88' lang='lat' dir='ltr'><em>Nam</em></span> <span class='ocrx_word' id='word_1_301' title='bbox 1414 2179 1617 2215; x_wconf 84' lang='lat' dir='ltr'><em>evidenter</em></span> <span class='ocrx_word' id='word_1_302' title='bbox 1650 2190 1693 2214; x_wconf 87' lang='lat' dir='ltr'><em>ex</em></span> <span class='ocrx_word' id='word_1_303' title='bbox 1725 2177 1802 2214; x_wconf 90' lang='lat' dir='ltr'><em>fide</em></span> 
     </span>
     <span class='ocr_line' id='line_1_51' title="bbox 496 2235 1858 2285; baseline -0.003 -10"><span class='ocrx_word' id='word_1_304' title='bbox 496 2248 533 2276; x_wconf 90' lang='lat' dir='ltr'><em>et</em></span> <span class='ocrx_word' id='word_1_305' title='bbox 567 2239 682 2275; x_wconf 89' lang='lat' dir='ltr'><em>dictis</em></span> <span class='ocrx_word' id='word_1_306' title='bbox 727 2238 845 2274; x_wconf 88' lang='lat' dir='ltr'><em>huius</em></span> <span class='ocrx_word' id='word_1_307' title='bbox 878 2237 1004 2274; x_wconf 90' lang='lat' dir='ltr'><em>sancti</em></span> <span class='ocrx_word' id='word_1_308' title='bbox 1049 2245 1158 2285; x_wconf 89' lang='lat' dir='ltr'><em>patet</em></span> <span class='ocrx_word' id='word_1_309' title='bbox 1204 2238 1310 2285; x_wconf 87' lang='lat' dir='ltr'><em>quod</em></span> <span class='ocrx_word' id='word_1_310' title='bbox 1356 2236 1549 2285; x_wconf 89' lang='lat' dir='ltr'><em>quicquid</em></span> <span class='ocrx_word' id='word_1_311' title='bbox 1595 2248 1700 2284; x_wconf 88' lang='lat' dir='ltr'><em>papa</em></span> <span class='ocrx_word' id='word_1_312' title='bbox 1742 2235 1858 2277; x_wconf 85' lang='lat' dir='ltr'><em>vel35</em></span> 
     </span>
     <span class='ocr_line' id='line_1_52' title="bbox 496 2293 1801 2344; baseline -0.003 -11"><span class='ocrx_word' id='word_1_313' title='bbox 496 2297 597 2334; x_wconf 89' lang='lat' dir='ltr'><em>alius</em></span> <span class='ocrx_word' id='word_1_314' title='bbox 630 2297 807 2344; x_wconf 90' lang='lat' dir='ltr'><em>prelatus</em></span> <span class='ocrx_word' id='word_1_315' title='bbox 840 2295 993 2342; x_wconf 79' lang='lat' dir='ltr'><em>fecerit,</em></span> <span class='ocrx_word' id='word_1_316' title='bbox 1027 2295 1103 2331; x_wconf 89' lang='lat' dir='ltr'><em>nisi</em></span> <span class='ocrx_word' id='word_1_317' title='bbox 1127 2297 1233 2331; x_wconf 89' lang='lat' dir='ltr'><em>Deus</em></span> <span class='ocrx_word' id='word_1_318' title='bbox 1267 2295 1532 2342; x_wconf 88' lang='lat' dir='ltr'><em>approbando</em></span> <span class='ocrx_word' id='word_1_319' title='bbox 1554 2293 1659 2330; x_wconf 89' lang='lat' dir='ltr'><em>istud</em></span> <span class='ocrx_word' id='word_1_320' title='bbox 1694 2305 1801 2329; x_wconf 90' lang='lat' dir='ltr'><em>com-</em></span> 
     </span>
     <span class='ocr_line' id='line_1_53' title="bbox 496 2352 1803 2403; baseline -0.004 -12"><span class='ocrx_word' id='word_1_321' title='bbox 496 2354 675 2403; x_wconf 86' lang='lat' dir='ltr'><em>pleverit,</em></span> <span class='ocrx_word' id='word_1_322' title='bbox 720 2362 804 2390; x_wconf 90' lang='lat' dir='ltr'><em>tota</em></span> <span class='ocrx_word' id='word_1_323' title='bbox 849 2353 1047 2389; x_wconf 88' lang='lat' dir='ltr'><em>similacio</em></span> <span class='ocrx_word' id='word_1_324' title='bbox 1080 2352 1178 2388; x_wconf 89' lang='lat' dir='ltr'><em>nihil</em></span> <span class='ocrx_word' id='word_1_325' title='bbox 1210 2353 1325 2390; x_wconf 84' lang='lat' dir='ltr'><em>valet.</em></span> <span class='ocrx_word' id='word_1_326' title='bbox 1383 2353 1484 2388; x_wconf 93' lang='lat' dir='ltr'><em>Cum</em></span> <span class='ocrx_word' id='word_1_327' title='bbox 1518 2363 1610 2399; x_wconf 82' lang='lat' dir='ltr'><em>ergo</em></span> <span class='ocrx_word' id='word_1_328' title='bbox 1645 2363 1725 2387; x_wconf 92' lang='lat' dir='ltr'><em>non</em></span> <span class='ocrx_word' id='word_1_329' title='bbox 1759 2362 1803 2387; x_wconf 88' lang='lat' dir='ltr'><em>ex</em></span> 
     </span>
     <span class='ocr_line' id='line_1_54' title="bbox 496 2408 1802 2459; baseline -0.003 -11"><span class='ocrx_word' id='word_1_330' title='bbox 496 2412 574 2448; x_wconf 92' lang='lat' dir='ltr'><em>fide</em></span> <span class='ocrx_word' id='word_1_331' title='bbox 606 2412 667 2448; x_wconf 91' lang='lat' dir='ltr'><em>vel</em></span> <span class='ocrx_word' id='word_1_332' title='bbox 700 2411 863 2448; x_wconf 85' lang='lat' dir='ltr'><em>racione</em></span> <span class='ocrx_word' id='word_1_333' title='bbox 897 2419 1026 2459; x_wconf 87' lang='lat' dir='ltr'><em>potest</em></span> <span class='ocrx_word' id='word_1_334' title='bbox 1058 2409 1203 2446; x_wconf 89' lang='lat' dir='ltr'><em>deduci</em></span> <span class='ocrx_word' id='word_1_335' title='bbox 1237 2411 1344 2458; x_wconf 89' lang='lat' dir='ltr'><em>quod</em></span> <span class='ocrx_word' id='word_1_336' title='bbox 1370 2412 1474 2446; x_wconf 90' lang='lat' dir='ltr'><em>Deus</em></span> <span class='ocrx_word' id='word_1_337' title='bbox 1508 2408 1711 2445; x_wconf 86' lang='lat' dir='ltr'><em>concurrit</em></span> <span class='ocrx_word' id='word_1_338' title='bbox 1743 2420 1802 2444; x_wconf 93' lang='lat' dir='ltr'><em>re-</em></span> 
     </span>
     <span class='ocr_line' id='line_1_55' title="bbox 497 2465 1803 2518; baseline -0.003 -12"><span class='ocrx_word' id='word_1_339' title='bbox 497 2469 687 2518; x_wconf 86' lang='lat' dir='ltr'><em>gulariter</em></span> <span class='ocrx_word' id='word_1_340' title='bbox 731 2469 781 2505; x_wconf 87' lang='lat' dir='ltr'><em>ad</em></span> <span class='ocrx_word' id='word_1_341' title='bbox 825 2468 1114 2517; x_wconf 87' lang='lat' dir='ltr'><em>perficiendum</em></span> <span class='ocrx_word' id='word_1_342' title='bbox 1150 2480 1250 2516; x_wconf 89' lang='lat' dir='ltr'><em>opus</em></span> <span class='ocrx_word' id='word_1_343' title='bbox 1283 2467 1558 2515; x_wconf 88' lang='lat' dir='ltr'><em>cuiuscunque</em></span> <span class='ocrx_word' id='word_1_344' title='bbox 1590 2465 1732 2514; x_wconf 89' lang='lat' dir='ltr'><em>prelati</em></span> <span class='ocrx_word' id='word_1_345' title='bbox 1766 2473 1803 2502; x_wconf 90' lang='lat' dir='ltr'><em>et</em></span> 
     </span>
     <span class='ocr_line' id='line_1_56' title="bbox 498 2523 1860 2576; baseline -0.003 -11"><span class='ocrx_word' id='word_1_346' title='bbox 498 2526 724 2576; x_wconf 87' lang='lat' dir='ltr'><em>specialiter</em></span> <span class='ocrx_word' id='word_1_347' title='bbox 748 2526 901 2573; x_wconf 87' lang='lat' dir='ltr'><em>cesarii,</em></span> <span class='ocrx_word' id='word_1_348' title='bbox 941 2526 1097 2563; x_wconf 88' lang='lat' dir='ltr'><em>videtur</em></span> <span class='ocrx_word' id='word_1_349' title='bbox 1129 2525 1312 2563; x_wconf 87' lang='lat' dir='ltr'><em>mirabile</em></span> <span class='ocrx_word' id='word_1_350' title='bbox 1342 2526 1450 2574; x_wconf 89' lang='lat' dir='ltr'><em>quod</em></span> <span class='ocrx_word' id='word_1_351' title='bbox 1484 2524 1665 2561; x_wconf 90' lang='lat' dir='ltr'><em>homines</em></span> <span class='ocrx_word' id='word_1_352' title='bbox 1697 2523 1802 2559; x_wconf 89' lang='lat' dir='ltr'><em>istud</em></span> <span class='ocrx_word' id='word_1_353' title='bbox 1815 2530 1860 2561; x_wconf 83' lang='lat'><em>40</em></span> 
     </span>
     <span class='ocr_line' id='line_1_57' title="bbox 497 2580 1802 2633; baseline -0.005 -11"><span class='ocrx_word' id='word_1_354' title='bbox 497 2584 697 2633; x_wconf 85' lang='lat' dir='ltr'><em>accipiant</em></span> <span class='ocrx_word' id='word_1_355' title='bbox 742 2593 948 2633; x_wconf 88' lang='lat' dir='ltr'><em>tamquam</em></span> <span class='ocrx_word' id='word_1_356' title='bbox 992 2584 1124 2621; x_wconf 85' lang='lat' dir='ltr'><em>fidem.</em></span> <span class='ocrx_word' id='word_1_357' title='bbox 1180 2585 1284 2619; x_wconf 89' lang='lat' dir='ltr'><em>Inter</em></span> <span class='ocrx_word' id='word_1_358' title='bbox 1316 2583 1414 2620; x_wconf 85' lang='lat' dir='ltr'><em>alias</em></span> <span class='ocrx_word' id='word_1_359' title='bbox 1447 2590 1581 2619; x_wconf 91' lang='lat' dir='ltr'><em>autem</em></span> <span class='ocrx_word' id='word_1_360' title='bbox 1615 2580 1802 2629; x_wconf 88' lang='lat' dir='ltr'><em>sophisti-</em></span> 
     </span>
    </p>
   </div>
   <div class='ocr_carea' id='block_1_12' title="bbox 567 2781 1020 2816">
    <p class='ocr_par' dir='ltr' id='par_1_16' title="bbox 567 2781 1020 2816">
     <span class='ocr_line' id='line_1_58' title="bbox 567 2781 1020 2816; baseline -0.004 -8"><span class='ocrx_word' id='word_1_361' title='bbox 567 2790 595 2816; x_wconf 71' lang='grc' dir='ltr'><em>ι).</em></span> <span class='ocrx_word' id='word_1_362' title='bbox 620 2782 642 2808; x_wconf 82' lang='grc' dir='ltr'>Α</span> <span class='ocrx_word' id='word_1_363' title='bbox 666 2782 694 2808; x_wconf 85' lang='lat' dir='ltr'><em>in</em></span> <span class='ocrx_word' id='word_1_364' title='bbox 720 2789 832 2816; x_wconf 51' lang='lat' dir='ltr'><em>marg:</em></span> <span class='ocrx_word' id='word_1_365' title='bbox 853 2781 1020 2808; x_wconf 70' lang='lat' dir='ltr'><em>Johannes.</em></span> 
     </span>
    </p>
   </div>
  </div>
 </body>
</html>
