1986 3289
179 191 262 229 330
794 187 958 218 OPERIS
984 186 1266 217 EVANGEJJCI
1296 186 1379 217 ΜΒ.
1406 186 1462 216 1v.
1568 173 1675 226 [CAP.
1698 182 1781 209 xm.

469 293 658 328 exierunt.
708 294 762 328 Ac
803 305 878 341 per
922 294 992 329 hoc
1026 300 1230 340 utrumque
1263 304 1394 327 verum
1441 299 1496 327 est
1528 304 1578 327 ex
1610 292 1717 328 nobis
1749 299 1783 327 et

469 363 541 386 non
576 363 626 386 ex
658 352 775 401 nobis,
817 352 1025 386 secundum
1060 351 1168 385 aliud
1199 362 1250 386 ex
1282 350 1401 400 nohis²
1437 350 1644 385 secundum
1677 350 1785 385 aliud

470 421 541 444 non
565 421 615 444 ex
638 409 759 452 nohis,
798 410 1006 444 secundum
1040 409 1343 444 communionem
1375 415 1708 444 sacramentorum
1736 419 1786 443 ex

471 467 588 513 nobis,
621 468 829 503 secundum
862 479 1021 502 suorum
1058 467 1336 515 proprietatem
1383 466 1586 501 criminum
1633 478 1703 501 non
1736 477 1786 501 ex

472 524 590 560 nohis.

207 589 444 651 Ετιεῑὲέῑέεέῗὲἱξς
528 582 800 631 Adspiciebant
844 594 941 632 ergo
986 583 1037 617 ad
1080 582 1239 617 invicem
1286 582 1465 630 discipuli
1502 582 1706 617 hesitantes
1742 581 1788 615 de

195 634 257 651 was
318 633 334 650 Π
432 644 438 648 c

219 660 267 686 for
288 658 420 691 himself,
470 652 541 688 quo
567 640 722 676 diceret.
754 639 757 690 Ι
788 641 852 676 Sic
885 640 1022 688 quippe
1044 640 1079 675 in
1113 640 1165 675 eis
1188 647 1273 675 erat
1296 652 1394 690 erga
1419 639 1652 690 magistrum
1676 651 1785 674 suum

193 694 443 762 uoiiiitngngivhis
465 698 533 747 pia
578 698 735 744 caritas,
782 705 820 733 ut
866 705 992 734 tamen
1037 710 1100 733 eos
1145 698 1313 734 humana
1359 698 1524 733 alterum
1575 698 1621 732 de
1663 696 1787 732 altero

226 763 407 798 neighbour.
470 757 688 792 stimularet
732 756 950 805 infirmitas.
1006 756 1108 791 Nota
1150 756 1301 805 quidem
1353 756 1424 791 sibi
1475 762 1560 790 erat
1610 755 1790 802 cuiusque

472 814 719 860 consciencia,
744 821 1034 863 verumptamen
1058 813 1144 862 quia
1162 814 1343 862 proximi
1364 821 1448 848 erat
1471 813 1617 863 ignota,
1648 812 1699 848 ita
1720 812 1792 847 sibi

472 872 726 921 unusquisque
770 879 854 907 erat
897 879 1039 918 certus,
1084 879 1123 907 ut
1166 872 1304 907 incerti
1344 878 1468 907 essent
1501 878 1534 906 et
1578 871 1613 905 in
1652 869 1789 905 ceteris

472 930 618 979 singuli
648 937 682 965 et
715 929 749 965 in
782 930 949 979 singulis
982 929 1109 965 ceteri.

190 981 448 1044 fffsssfffftbss‘ggtssff
531 988 634 1022 Erat
665 1000 762 1037 ergo
797 988 1022 1023 recumbens
1067 999 1162 1022 unus
1207 998 1256 1022 ex
1301 986 1496 1035 discipulis
1528 986 1605 1021 eius
1638 985 1672 1020 in
1705 985 1788 1021 sinu

232 1060 294 1078 was
315 1050 405 1077 John.
472 1045 561 1081 Jesu
594 1057 702 1093 quem
738 1045 924 1095 diligebat
964 1045 1085 1081 Jesus.
1139 1044 1242 1088 Quid
1274 1044 1432 1089 dixerit,
1477 1044 1512 1079 in
1543 1044 1640 1089 sinu,
1669 1043 1789 1092 paulo

471 1111 560 1152 post
592 1103 657 1147 ait,
692 1103 756 1138 ubi
787 1103 898 1139 dicit:
943 1104 1068 1152 Super
1094 1110 1230 1152 pectus
1261 1102 1362 1138 Jesu.
1397 1102 1483 1150 Ipse
1514 1109 1568 1137 est
1598 1102 1791 1137 Jolzanizes

475 1161 581 1197 cuius
613 1168 669 1196 est
700 1162 771 1197 hoc
804 1162 1061 1211 evangelium,
1105 1162 1203 1197 sicut
1229 1167 1365 1209 postea
1410 1159 1643 1208 manifestat.
1690 1159 1792 1194 Erat

476 1219 572 1254 enim
608 1220 674 1255 hec
706 1231 838 1254 eorum
874 1219 1106 1255 consuetudo
1141 1219 1204 1266 qui
1239 1229 1374 1253 sacras
1407 1217 1514 1253 nobis
1547 1218 1681 1253 literas
1722 1216 1791 1252 mi-

476 1277 654 1323 nistrant,
701 1284 739 1312 ut
784 1278 935 1325 quando
969 1278 1015 1312 ab
1048 1277 1176 1325 aliquo
1222 1288 1354 1312 eorum
1390 1276 1517 1311 divina
1551 1275 1793 1311 narrabatur

478 1335 653 1380 historia,
687 1347 770 1370 cum
805 1336 857 1370 ad
887 1348 927 1371 se
949 1335 1072 1384 ipsum
1108 1334 1254 1370 veniret
1277 1341 1471 1382 tamquam
1497 1333 1543 1369 de
1565 1333 1641 1368 alio
1665 1333 1792 1380 loque—

478 1399 588 1428 retur
620 1400 654 1428 et
677 1393 731 1428 sic
762 1405 802 1428 se
825 1393 1013 1429 insereret
1045 1392 1175 1428 ordini
1205 1391 1448 1427 narracionis
1483 1403 1562 1437 sue,
1595 1398 1791 1438 tamquam

478 1463 609 1486 rerum
626 1457 829 1500 gestarum
854 1451 1112 1500 scriptornon
1137 1457 1332 1498 tamquam
1348 1450 1408 1485 sui
1422 1449 1790 1498 ipsiuspredicator.

478 1509 579 1544 Nam
624 1516 660 1544 et
699 1509 769 1544 hoc
800 1516 956 1544 sanctus
989 1509 1187 1544 Affattlzeus
1221 1508 1336 1556 fecit,
1382 1507 1446 1555 qui
1485 1519 1569 1542 cum
1616 1506 1651 1541 in
1685 1513 1792 1542 textu

478 1567 722 1602 narracionis
753 1579 819 1602 sue
852 1567 1012 1602 venisset
1044 1567 1094 1601 ad
1141 1578 1181 1601 se
1225 1566 1370 1614 ipsum:
1422 1565 1536 1610 Vidit,
1581 1564 1711 1612 inquit,
1757 1564 1792 1599 in

478 1624 617 1660 telonio
646 1625 838 1660 sedentem
867 1625 1057 1673 quendam
1094 1623 1341 1672 publicanum
1379 1623 1528 1659 nomine
1565 1622 1794 1668 Mattheum,

478 1690 514 1718 et
545 1683 598 1718 ait
630 1682 706 1718 illi:
738 1683 906 1731 Sequere
939 1695 1009 1718 me.
1044 1683 1130 1718 Non
1163 1682 1235 1716 ait:
1275 1681 1376 1716 Vidit
1399 1674 1514 1716 meet
1538 1680 1638 1716 dixit
1667 1679 1793 1717 michi.

478 1740 565 1776 Hoc
586 1740 689 1788 fecit
721 1748 755 1776 et
787 1741 918 1777 beatus
951 1741 1125 1790 Affoyses.
1163 1741 1222 1774 Ita
1257 1740 1303 1775 de
1333 1751 1374 1775 se
1405 1739 1487 1788 ipso
1521 1745 1715 1786 tamquam
1750 1738 1795 1772 de

479 1798 554 1834 alio
587 1805 721 1834 cuncta
756 1799 935 1834 narravit
973 1806 1012 1833 ut
1049 1798 1121 1833 ait:
1154 1797 1267 1833 Dixit
1300 1798 1490 1833 Dominus
1529 1797 1580 1831 ad
1612 1796 1792 1846 Moysen.

479 1856 709 1892 Inusitacius
741 1857 938 1905 apostolus
972 1856 1128 1901 Paulus,
1175 1868 1246 1891 non
1292 1855 1327 1890 in
1361 1854 1521 1891 historia
1555 1854 1618 1889 uhi
1661 1865 1792 1889 rerum

478 1922 683 1964 gestarum
716 1915 927 1963 suscipitur
958 1913 1191 1962 explicanda
1226 1912 1421 1959 narracio,
1455 1912 1523 1948 sed
1555 1911 1590 1947 in
1634 1911 1793 1960 epistola

1810 821 1847 841 10

1812 1099 1846 1133 15

1811 1678 1849 1709 25

481 1973 551 2007 ltoc
572 1972 684 2020 fecit.
732 1972 833 2008 Nam
879 1972 1005 2020 utique
1049 1973 1096 2007 de
1126 1983 1166 2007 se
1198 1971 1277 2020 ipso
1311 1971 1383 2006 ait:
1416 1970 1502 2005 Scio
1535 1969 1724 2005 hominem
1758 1968 1794 2003 in
1811 1968 1854 1999 30

486 2030 642 2066 Christo
665 2038 752 2066 ante
772 2042 892 2066 annos
913 2030 1217 2079 quatuordecim,
1246 2029 1325 2064 sive
1347 2029 1382 2064 in
1406 2040 1569 2077 corpore
1585 2027 1666 2062 sive
1679 2034 1794 2062 extra

481 2100 634 2136 corpus,
681 2088 820 2135 nescio,
864 2088 971 2123 Deus
1013 2087 1096 2130 scit,
1141 2094 1296 2136 raptum
1331 2086 1552 2122 huiusmodi
1596 2096 1714 2132 usque
1759 2084 1795 2119 in

481 2146 641 2182 tercium
666 2146 800 2185 celum.
838 2144 1032 2189 Quocirca
1056 2146 1157 2194 quod
1179 2145 1296 2180 eciam
1322 2144 1381 2180 lzic
1404 2144 1535 2179 beatus
1557 2142 1795 2192 evangelista

482 2216 554 2239 non
586 2204 660 2239 ait.-
702 2204 828 2239 Eram
878 2204 1101 2240 recumbens
1134 2203 1169 2238 in
1201 2203 1286 2238 sinu
1317 2203 1420 2248 Jesu,
1464 2202 1532 2237 sed
1570 2201 1644 2236 ait:
1696 2200 1797 2235 Erat

484 2262 708 2297 recumbens
746 2274 841 2297 unus
874 2274 924 2297 ex
957 2261 1166 2310 discipulis,
1207 2268 1429 2296 nostrorum
1473 2266 1673 2294 auctorum
1711 2270 1795 2293 con-

481 2320 719 2355 suetudinem
745 2332 1004 2369 ag'noscamus
1031 2319 1167 2368 pocius
1190 2331 1301 2366 quam
1326 2318 1526 2353 miremur.
1568 2316 1669 2360 Quid
1698 2315 1793 2351 enim

485 2377 633 2426 deperit
667 2378 833 2423 veritati,
865 2378 1016 2425 quando
1049 2385 1083 2412 et
1117 2389 1178 2412 res
1211 2378 1291 2424 ipsa
1326 2376 1465 2411 dicitur
1497 2382 1531 2410 et
1565 2375 1677 2409 modo
1705 2385 1794 2421 quo-

484 2433 573 2471 dam
609 2435 760 2470 dicendi
804 2436 990 2470 iactancia
1037 2435 1240 2469 devitatur.
1296 2434 1381 2468 Hoc
1425 2433 1561 2481 quippe
1608 2431 1796 2466 narrabat

485 2494 585 2540 quod
617 2494 668 2528 ad
700 2494 778 2529 eius
811 2493 1211 2529 laudem-maximam
1241 2492 1472 2541 pertinebat.

559 2683 576 2701 ι.
599 2675 626 2701 Α
649 2674 676 2700 in
700 2682 813 2706 mara:
836 2673 927 2700 Nola.
951 2673 1032 2699 Nota
1053 2673 1187 2708 logicam
1208 2671 1389 2706 Augustini.
1526 2670 1541 2695 S
1574 2670 1618 2696 A:
1639 2669 1740 2695 altera
1762 2668 1798 2694 dc

485 2710 585 2736 allero
706 2716 744 2735 ιο,
767 2709 886 2735 eodm:
908 2711 1006 2734 erant.
1116 2715 1159 2739 27.
1189 2708 1231 2733 A:
1252 2707 1296 2732 ai!
1317 2706 1409 2731 deest.

558 2794 610 2824 2¹3.
639 2792 755 2823 Matth.
784 2793 836 2830 IX,
863 2804 892 2833 (J.
992 2792 1043 2821 28.
1073 2791 1180 2821 Exodi
1210 2791 1264 2829 Vt,
1297 2800 1321 2820 1.
1420 2790 1472 2820 [30.
1501 2788 1535 2818 ΙΙ.
1565 2788 1641 2817 Cor.
1670 2787 1737 2825 XII,
1767 2796 1795 2816 2.

1813 2256 1851 2289 35
