1986 3289
781 218 900 249 OPUS
924 217 1261 249 EVANGELICUM
1292 218 1372 249 Llss.
1401 218 1453 249 111.
1575 205 1680 259 [CAP.
1704 214 1778 242 LXI.

468 327 536 361 sub
572 337 644 374 qua
670 326 823 375 fissura
852 332 1059 373 petrarum
1108 332 1143 360 te
1181 324 1391 360 abscondes
1424 337 1445 360 a
1467 324 1579 373 facie
1610 324 1779 370 Domini,

469 397 552 420 cum
589 384 734 419 venerit
757 382 1010 433 confringere
1033 383 1212 418 terram?
1244 382 1296 417 Et
1319 382 1443 417 Adam
1477 382 1626 431 quidem
1650 396 1671 418 a
1699 383 1782 418 Deo

468 442 633 491 quesitus
665 442 839 477 inventus
872 447 939 485 est,
992 447 1030 475 tu
1073 447 1196 476 autem
1230 440 1394 476 abiceris
1426 447 1459 475 et
1485 440 1643 488 peribis,
1695 440 1782 489 quia

469 501 532 535 ille
564 500 753 550 ignorans
785 499 973 547 serpentis
1008 498 1221 534 versuciam
1250 510 1325 547 per
1355 498 1638 546 simplicitatem
1672 511 1781 534 suam

468 559 634 593 nudatus
656 564 732 593 est:
763 564 801 592 tu
834 564 960 592 autem
984 556 1107 592 sciens
1139 563 1193 591 tot
1214 556 1419 605 scripturis
1451 556 1683 592 ammonitus
1709 556 1814 604 perf>

470 615 753 666 negli-'genciam
778 615 918 663 factus
950 627 987 650 es
1017 615 1153 650 nudus.
1188 614 1358 663 Propter
1389 614 1491 662 quod
1522 613 1587 649 ille
1610 614 1782 649 mortali-

469 682 546 709 tate
579 673 736 709 vestitus
768 680 824 708 est
869 673 920 707 ad
952 679 1113 736 tempus,
1158 678 1197 707 tu
1236 679 1361 707 autem
1407 671 1486 720 ipse
1530 671 1564 706 in
1609 678 1780 716 eternum

470 732 684 767 tradendus
715 743 754 766 es
777 731 905 776 morti,
938 730 1110 765 maxime
1133 742 1216 765 cum
1251 737 1286 765 te
1317 729 1652 778 comprehenderit
1673 727 1782 779 finzs',

466 790 695 839 priusquam
748 788 816 824 tibi
853 801 927 837 per
973 787 1281 824 misericordiam
1329 788 1453 823 altera
1492 787 1638 823 texeris
1671 787 1782 823 vesti-

471 855 607 884 menta.
655 847 756 882 Nam
797 847 929 895 prima
970 852 1202 894 prestantur
1238 846 1368 895 gratis
1412 858 1433 880 a
1467 845 1563 889 Deo,
1616 846 1841 881 secundam

470 913 597 941 autem
623 905 690 940 vix
722 912 757 941 et
789 917 872 940 cum
907 904 1021 939 nimio
1056 910 1294 952 reparantur
1324 903 1456 939 labore
1489 909 1523 938 et
1557 904 1659 939 luctu
1693 915 1783 952 quo-

471 964 584 999 modo
617 964 684 998 lzec
711 963 905 1012 parabola
938 969 1005 998 est.
1048 962 1251 996 Veniamus
1283 960 1409 1010 itaque
1441 961 1492 995 ad
1524 961 1635 997 istam
1664 973 1784 1010 para-

471 1021 553 1057 bole
586 1033 754 1058 causam.
796 1020 930 1056 Omnis
962 1020 1092 1066 homo,
1123 1019 1158 1054 si
1185 1019 1303 1054 sciret
1333 1019 1485 1068 quando
1519 1018 1599 1055 dies
1627 1018 1788 1055 Domini

471 1087 654 1115 venturus
687 1086 741 1114 est
772 1079 870 1114 sicut
890 1079 969 1126 fur
1000 1090 1114 1126 super
1154 1089 1237 1112 eum
1266 1076 1490 1125 perveniret
1521 1083 1555 1112 et
1587 1088 1659 1112 non
1691 1077 1785 1112 sine-

471 1144 530 1172 ret
562 1137 726 1186 perfodi
759 1137 913 1172 domum
949 1148 1072 1172 suam.
1107 1136 1193 1170 Non
1240 1135 1323 1170 dico
1357 1135 1457 1182 quod
1489 1134 1694 1183 repelleret
1715 1135 1841 1183 fit-15

472 1207 551 1231 rem
587 1208 609 1230 a
641 1207 680 1230 se
711 1195 780 1230 sed
801 1195 961 1243 faceret
994 1193 1183 1229 iusticiam
1217 1200 1257 1228 ut
1290 1192 1460 1228 veniente
1491 1192 1679 1228 sentencia
1713 1191 1789 1227 Dei

472 1265 544 1289 non
573 1253 857 1302 perfoderetur
880 1252 990 1300 quasi
1020 1251 1210 1302 ignorans
1242 1251 1310 1286 sed
1342 1255 1551 1286 vocaretur
1571 1250 1681 1299 quasi
1711 1250 1786 1285 iam

468 1318 709 1360 preparatus
731 1311 783 1346 ad
805 1310 964 1346 exitum.
996 1309 1160 1353 Quando
1191 1309 1316 1344 anime
1334 1308 1572 1357 peccatrices
1596 1309 1786 1344 delectan-

472 1377 538 1404 tur
571 1369 605 1404 in
640 1380 806 1417 corpore
830 1375 864 1403 et
895 1375 1090 1416 tamquam
1116 1367 1151 1402 in
1184 1379 1252 1402 suo
1270 1366 1438 1415 proprio
1462 1366 1655 1402 domicilio
1687 1378 1786 1416 gau-

474 1428 561 1462 dent
595 1426 746 1462 veniens
779 1438 862 1461 cum
897 1425 1085 1461 sentencia
1119 1425 1195 1460 Dei
1237 1425 1400 1474 angelus
1432 1424 1569 1460 mortis
1608 1424 1787 1474 perfodit
1804 1434 1845 1457 20

473 1497 614 1533 corpus
647 1492 681 1520 et
713 1484 880 1519 animani
916 1483 1101 1519 violenter
1134 1482 1283 1518 divellit
1314 1482 1360 1518 ab
1393 1494 1448 1517 eo.
1494 1481 1628 1517 Anime
1659 1488 1785 1517 autem

472 1542 567 1578 iuste
607 1554 676 1590 que
708 1555 780 1578 non
814 1542 1056 1577 delectantur
1088 1541 1123 1576 1'n
1167 1552 1333 1589 corpore
1363 1541 1430 1576 sed
1462 1540 1572 1587 quasi
1601 1540 1639 1575 in-
1670 1539 1786 1575 exilio

471 1608 559 1636 sunt
611 1600 780 1635 veniente
810 1599 1000 1636 sentencia
1041 1599 1076 1634 in
1109 1611 1173 1634 eas
1206 1610 1278 1634 non
1306 1598 1588 1647 perfodiuntur
1620 1597 1788 1633 nolentes

472 1659 540 1694 sed
573 1665 761 1693 vocantur
792 1658 1019 1708 gaudentes.
1055 1658 1138 1692 Hec
1173 1655 1456 1693 Crisostomus.

532 1718 586 1751 Ex
618 1715 693 1751 hiis
728 1715 842 1751 dictis
888 1723 999 1763 patet
1032 1714 1071 1750 in
1104 1723 1216 1762 parte
1250 1714 1457 1761 quomodo
1490 1722 1625 1749 noster
1657 1721 1786 1760 pater·
1805 1717 1843 1748 25

474 1773 646 1810 familias
680 1773 882 1809 custodire
917 1774 1059 1808 debeat
1093 1774 1257 1808 domum
1289 1784 1416 1809 suam.

989 2003 1126 2044 CAP.
1159 2003 1285 2043 LXI.

533 2124 721 2171 Sequitur
746 2123 785 2158 in
808 2132 915 2159 textu
939 2122 1126 2159 Matthei:
1167 2122 1274 2167 Quis,
1304 2128 1432 2170 putas,
1467 2128 1522 2156 est
1543 2120 1678 2170 fidelis
1708 2132 1789 2156 ser-

476 2194 544 2217 vus
576 2189 610 2217 et
638 2182 813 2230 prudens
846 2193 953 2229 quem
989 2180 1182 2217 constituit
1206 2180 1382 2215 dominus
1412 2190 1505 2214 suus
1525 2190 1642 2226 super
1665 2178 1789 2226 fami-

475 2239 564 2274 liam
597 2251 721 2285 suam,
765 2247 803 2275 ut
848 2239 910 2274 det
942 2238 1018 2274 illis
1058 2238 1181 2274 cibum
1223 2237 1258 2273 in
1298 2236 1500 2286 tempore?
1551 2236 1695 2271 Beatus
1727 2235 1791 2270 illc
1807 2243 1848 2264 ³0

474 2309 610 2333 servus
652 2309 775 2345 quem,
829 2309 913 2332 cum
961 2296 1105 2332 venerit
1149 2296 1323 2331 dominus
1367 2295 1457 2340 eius,
1511 2293 1696 2330 invenerit
1736 2293 1790 2329 sic

477 2355 706 2402 facientem.
746 2355 879 2400 Amen,
916 2355 1000 2390 dico
1044 2354 1161 2399 vobis,
1205 2354 1330 2402 Super
1366 2352 1491 2387 omnia
1527 2352 1622 2387 hona
1652 2351 1789 2387 consti—

476 2419 554 2448 tuet
575 2425 671 2451 eum.

564 2631 583 2649 1
605 2623 649 2649 A:
670 2622 817 2649 scissura.
891 2630 917 2656 7
941 2622 979 2648 Β;
1000 2624 1045 2648 est
1065 2621 1158 2648 deest.
1225 2628 1253 2651 (μ.
1278 2620 1313 2646 b':
1333 2627 1390 2659 per
1412 2617 1627 2657 penztencssanz
1686 2616 1724 2644 15.
1738 2618 1785 2644 A:

474 2657 567 2684 sciret
592 2657 755 2691 quomodo.
849 2665 908 2688 ιι-
892 2638 953 2683 15
986 2656 1023 2682 Β.-
1044 2656 1097 2682 sed
1117 2656 1272 2690 insperate
1291 2654 1415 2681 veniens
1433 2657 1509 2680 sicut
1518 2653 1583 2687 jur
1601 2652 1788 2685 petvenisstel

477 2690 514 2717 ι5
537 2690 1130 2723 A:.suamdce51.151111na1g.uddit.
1213 2690 1315 2725 17.A:
1333 2683 1580 2724 peisodarclum
1600 2687 1639 2714 ib.
1662 2688 1706 2714 A:
1730 2687 1788 2713 lam

478 2725 571 2753 deest.
644 2726 687 2753 25.
709 2727 755 2753 A:
777 2726 806 2752 i11
836 2733 947 2760 manga
969 2725 1134 2752 &lohannes

550 2835 601 2864 28.
629 2833 747 2864 Matth.
774 2834 892 2872 XXIV,
921 2832 1067 2874 451—-47.
