1986 3289
186 257 273 285 CAP.
296 247 382 303 ΧΠ]
568 257 626 291 DE
654 256 968 291 ANTicflRlsTo
998 259 1080 291 ΜΒ.
1109 258 1131 289 1.
1730 246 1780 293 43

186 379 250 403 eos
281 378 396 416 opere
427 366 528 415 quod
574 366 699 401 verbis
736 366 934 413 docebant,
978 365 1188 401 revertitur
1224 365 1275 399 ad
1313 363 1494 400 vomitum

186 437 317 461 sensus
360 432 395 460 et
439 423 594 474 gentilis
616 424 755 472 factus
784 423 896 472 quasi
920 423 1198 472 prevaricator
1230 422 1371 458 maiori
1395 433 1496 470 pena

189 483 329 533 dignus
352 482 435 520 erit.
465 481 589 517 Filius
620 488 745 517 autem
778 488 940 517 uocatur
971 481 1138 525 iehenne,
1172 480 1362 528 quomodo
1385 479 1499 529 filius

183 540 422 590 perdicionis
454 547 489 575 et
507 539 621 589 filius
653 539 764 574 huius
794 539 927 575 seculi.
966 538 1228 587 Unusquisque
1260 538 1357 573 enim
1392 537 1499 572 cuius

156 600 306 647 §opera
338 597 423 648 agit
455 597 536 633 eius
555 597 668 646 filius
701 597 936 646 appellatur.
970 598 1053 632 Hec
1084 598 1338 643 Jeronymus.

247 657 326 693 Sed
370 667 490 703 super
526 654 602 690 isto
646 662 755 690 textu
800 654 1069 690 Crisostomus
1113 653 1167 690 ita
1200 653 1356 690 scribit:
1389 646 1785 708 JzideiTffingSg'tSiffgffgk

189 714 287 749 enim
332 713 541 761 ubicunque
584 712 762 748 videbant
797 712 961 762 gentiles
986 712 1190 761 proposita
1223 711 1416 760 questione
1456 710 1501 745 de
1543 715 1754 762 Pharisqesin

191 771 354 807 veritate
392 771 501 806 unius
533 770 610 806 Dei
640 777 675 805 et
707 770 754 805 de
786 770 953 806 vanitate
997 770 1191 805 idolorum
1213 769 1341 817 facile
1373 768 1502 817 dispu-
1560 750 1741 820 prgfflyssegs·

191 836 314 865 tantes
347 828 556 864 vincebant.
609 828 690 864 Nec
734 827 833 863 enim
873 828 984 864 labor
1028 832 1082 864 est
1125 834 1260 863 contra
1294 826 1501 862 vanitatem

140 887 385 923 1oid0l0rum
413 898 490 935 pro
523 885 730 933 manifesta
764 885 892 921 dicere
923 885 999 921 Dei
1029 885 1139 920 unius
1162 884 1377 927 veritatem,
1417 896 1502 919 cum

193 945 258 980 ille
288 944 353 993 qui
383 944 473 980 dicit
505 943 635 994 magis
666 943 872 979 adiuvetur
914 943 960 979 ab
993 955 1035 978 ea
1075 955 1187 991 quam
1221 942 1374 978 adiuvet
1406 953 1503 977 eam.

199 1003 340 1038 Tamen
385 1002 636 1052 corrigebant
680 1013 763 1036 eum
787 1001 904 1049 sorte
933 1001 1002 1037 sed
1033 1013 1106 1037 non
1133 1007 1302 1049 propter
1331 1000 1504 1050 gloriam

194 1060 270 1095 Dei
300 1066 340 1095 ut
365 1059 508 1095 additis
530 1059 742 1095 cultoribus
766 1059 990 1106 honoretur,
1023 1070 1140 1107 neque
1166 1065 1335 1107 propter
1356 1057 1506 1093 miseri-

195 1117 369 1154 cordiam
418 1117 585 1153 volentes
629 1128 712 1152 eum
756 1117 913 1153 salvare
958 1128 1067 1164 quem
1114 1116 1299 1152 docebant
1341 1115 1410 1152 sed
1441 1121 1508 1150 aut

143 1177 356 1224 15propter
387 1175 600 1211 avariciam
646 1182 686 1209 ut
717 1175 860 1210 additis
903 1174 939 1210 in
985 1186 1201 1225 synagoga
1234 1173 1355 1209 iudeis
1385 1172 1507 1209 sacri-

194 1233 371 1278 ficiorum
403 1233 615 1268 adderetur
647 1232 796 1268 oblacio
845 1239 911 1267 aut
950 1239 1119 1280 propter
1165 1244 1303 1267 vanam
1336 1230 1507 1281 gloriam

196 1298 237 1326 ut
267 1290 390 1339 ipsum
425 1290 629 1326 videantur
659 1290 844 1340 gentilem
872 1289 1046 1339 potuisse
1077 1289 1303 1339 corrigere;
1347 1289 1444 1325 sicut
1474 1295 1510 1323 et

197 1360 295 1384 nunc
315 1348 475 1397 faciunt
506 1348 666 1384 heretici
694 1348 938 1393 sacerdotes;
975 1354 1041 1383 aut
1068 1347 1394 1396 promissionibus
1425 1358 1508 1382 cor-

199 1413 384 1455 rumpunt
415 1412 482 1441 aut
513 1406 625 1441 minis
656 1413 817 1452 terrent,
849 1418 923 1441 non
950 1413 1118 1454 propter
1138 1405 1309 1455 gloriam
1343 1404 1420 1440 Dei
1450 1416 1511 1439 ne-

143 1476 269 1514 2oque
312 1464 359 1500 de
401 1463 631 1514 ignorancia
675 1459 871 1499 hominum
916 1464 1087 1499 dolentes
1129 1463 1199 1499 sed
1241 1470 1307 1498 aut
1345 1469 1512 1511 propter

199 1521 412 1557 avariciam
458 1528 524 1557 aut
556 1534 693 1557 vanam
725 1521 897 1571 gloriam
937 1528 977 1556 ut
1009 1521 1214 1557 videantur
1240 1520 1412 1569 potuisse
1444 1519 1513 1555 ali-

199 1591 293 1629 quos
324 1579 539 1629 corrigere.
579 1579 756 1627 Alioquin
788 1579 853 1628 qui
877 1586 1046 1628 propter
1076 1579 1203 1614 Deum
1237 1579 1318 1613 vult
1349 1578 1513 1626 aliquem

201 1637 405 1687 corrigere
447 1644 514 1672 aut
563 1637 629 1686 qui
654 1644 821 1686 propter
865 1637 1085 1682 vanitatem,
1130 1648 1182 1672 ex
1226 1636 1318 1685 ipsis
1369 1635 1514 1672 actibus

203 1694 372 1731 docentis
399 1694 626 1730 ostenditur.
666 1695 830 1739 Quando
853 1694 951 1730 enim
975 1694 1055 1743 ipse
1076 1694 1112 1729 in
1134 1694 1336 1730 sanctitate
1357 1705 1516 1729 conver-

147 1753 186 1786 25
202 1760 326 1799 satur,
369 1764 571 1802 cognosce,
616 1753 794 1802 quoniam
839 1759 1034 1788 errantem
1074 1759 1241 1801 propter
1271 1752 1397 1787 Deum
1430 1763 1516 1787 cor-

204 1811 337 1861 rigere
382 1810 484 1855 vult‚·
524 1810 560 1846 si
600 1818 727 1846 autem
771 1810 852 1859 ipse
884 1811 919 1846 in
953 1810 1067 1846 malis
1098 1817 1292 1855 versatur,
1325 1809 1516 1858 quomodo

204 1868 370 1904 alterum
397 1875 564 1918 propter
594 1868 721 1904 Deum
754 1868 960 1918 corrigere
997 1868 1087 1904 velit
1114 1868 1166 1903 ad
1193 1868 1363 1904 bonum?
1394 1867 1517 1903 Num-

205 1926 296 1975 quid
338 1926 466 1976 magis
509 1926 732 1962 misericors
770 1933 898 1975 potest
939 1925 1080 1974 aliquis
1123 1937 1204 1961 esse
1247 1925 1364 1961 alteri
1405 1937 1518 1973 quam

206 1984 307 2019 sibi?
352 1984 429 2019 Aut
460 1984 524 2032 qui
563 1996 604 2019 se
647 1984 771 2033 ipsum
819 1984 964 2034 mergit
996 1984 1031 2018 in
1063 1983 1227 2033 gurgite
1252 1990 1517 2032 peccatorum,

152 2044 193 2075 30
208 2042 398 2090 quomodo
430 2042 596 2077 alterum
631 2042 678 2077 de
704 2042 876 2091 peccatis
907 2042 998 2077 velit
1035 2041 1216 2090 eripere?
1257 2041 1404 2077 Facitis
1435 2052 1519 2076 eum

207 2099 338 2148 filium
370 2099 544 2149 gehenne
576 2099 692 2148 duplo
736 2112 850 2148 quam
884 2111 950 2135 vos
988 2099 1088 2135 estis.
1127 2099 1180 2134 Et
1211 2099 1275 2147 qui
1295 2099 1410 2147 sorte
1452 2098 1520 2133 sub

209 2157 361 2192 cultura
406 2157 599 2193 idolorum
645 2158 871 2193 constitutus
915 2157 975 2193 vel
1015 2164 1183 2205 propter
1220 2157 1318 2193 alios
1350 2157 1521 2192 homines

209 2214 397 2250 iusticiam
429 2215 611 2251 servabat
633 2215 771 2262 factus
802 2215 870 2250 sub
895 2215 978 2251 Deo
1012 2214 1204 2250 malorum
1238 2215 1520 2264 magistrorum

212 2273 389 2320 exemplo
428 2279 667 2321 provocatus
698 2272 751 2322 fit
789 2272 902 2321 peior
945 2272 1160 2322 magistris,
1195 2279 1229 2308 et
1260 2272 1314 2308 sic
1345 2272 1523 2321 impietas

156 2332 195 2365 35
213 2330 489 2378 discipulorum
523 2330 737 2379 imputatur
768 2330 982 2380 magistris.
1015 2331 1093 2365 Aut
1122 2330 1198 2366 sic:
1236 2330 1369 2366 Omnis
1399 2329 1524 2380 genti-

213 2387 259 2422 lis
290 2387 326 2422 in
357 2387 495 2436 simplo
519 2395 574 2423 est
594 2387 706 2436 filius
737 2387 905 2434 iehenne,
939 2388 1025 2436 quia
1050 2388 1271 2440 ydolorum
1296 2395 1351 2423 est
1383 2387 1521 2423 cultor.

213 2445 306 2480 Item
349 2445 463 2480 Judei
492 2446 527 2480 in
559 2446 699 2494 simplo
743 2453 855 2481 erant
884 2446 968 2495 filii
997 2446 1163 2491 iehenne,
1210 2445 1297 2494 quia
1342 2458 1414 2481 non
1443 2457 1525 2480 cre-

215 2503 353 2538 debant
384 2503 420 2538 in
458 2502 668 2538 Christum.
720 2503 941 2552 Quicunque
972 2515 1069 2553 ergo
1102 2515 1153 2539 ex·
1182 2503 1359 2553 gentibus
1390 2503 1525 2538 adiun-

214 2561 407 2610 gebantur
436 2560 580 2607 Judeis,
613 2572 685 2596 non
718 2561 841 2596 solum
874 2573 946 2596 non
969 2561 1288 2609 iustificabantur,
1329 2573 1396 2597 nec
1428 2560 1525 2596 enim

285 2730 311 2750 2.
337 2724 384 2750 A:
410 2723 539 2750 maiore.
631 2722 659 2750 6.
680 2724 709 2750 A
728 2723 759 2750 in
780 2730 894 2758 marg:
919 2723 1142 2757 Crysostomus.
1233 2722 1260 2750 8.
1281 2723 1320 2749 A:
1342 2723 1432 2750 unius
1452 2723 1526 2750 diei.

220 2765 259 2784 10.
281 2759 328 2785 A:
349 2757 452 2784 dicere
471 2757 565 2784 deest.
639 2756 681 2784 23.
701 2758 746 2784 A:
766 2760 821 2784 aut
837 2760 977 2792 propter.
1052 2765 1099 2791 24.
1115 2758 1153 2784 B:
1177 2757 1363 2784 docentibus.
1420 2765 1465 2793 27.
1487 2758 1527 2784 B:

217 2793 278 2819 vult
297 2792 339 2819 ad
356 2792 475 2819 bonum.
548 2799 593 2826 29.
616 2792 659 2819 A:
681 2792 831 2827 intelligit
850 2792 1025 2827 ingurgite.
1119 2791 1160 2819 35.
1182 2793 1225 2818 A:
1248 2791 1289 2818 Et
1305 2792 1357 2818 sic.

289 2863 319 2895 6.
348 2864 415 2905 Op.
442 2865 527 2905 Imp.
553 2864 573 2894 1.
601 2874 628 2895 c.
656 2875 688 2905 p.
716 2864 932 2895 CLXXXVH
960 2864 1028 2904 (ed.
1057 2864 1113 2894 alt.
1140 2874 1173 2904 p.
1201 2862 1295 2905 928).
