1986 3289
167 185 239 219 166

205 926 385 962 Objection:

175 961 308 989 Christ's
330 961 412 995 body

168 1001 250 1024 must
271 996 306 1023 be
326 996 355 1023 in
377 997 426 1023 the

168 1032 240 1058 host
260 1031 378 1064 bodilv;
402 1031 428 1058 if

155 1067 177 1092 it
197 1066 223 1093 is
243 1070 297 1093 not
317 1074 332 1093 a
355 1065 434 1101 body

184 1101 279 1136 there,
299 1101 322 1127 it
340 1101 401 1128 will

169 1140 221 1162 not
242 1136 278 1163 be
298 1143 314 1162 a
335 1136 417 1171 body

209 1170 385 1197 elsewhere.

220 1681 370 1708 Answer:

173 1715 305 1742 Christ's
326 1715 408 1751 body

173 1750 203 1777 in
224 1750 275 1777 the
294 1750 419 1777 various

161 1785 247 1812 hosts
268 1784 371 1812 would
394 1784 429 1811 be

197 1828 212 1846 a
233 1819 389 1847 thousand

173 1854 290 1888 bodies,
312 1854 416 1881 which

215 1890 238 1916 it
258 1897 313 1916 can
334 1889 371 1915 be

167 1924 413 1960 sacramentally‚

233 1959 285 1986 but
304 1963 358 1985 not

168 1993 415 2029 dimensionally.

765 191 882 221 OPUS
908 189 1244 220 EVANGELICUM
1274 189 1357 219 Llss.
1384 189 1436 219 111.
1531 176 1641 229 [CAP-
1664 186 1756 213 XLV·

447 296 487 332 in
531 296 661 332 hostia
706 304 952 332 consecrata.
998 297 1046 331 Et
1091 294 1146 331 sic
1185 308 1265 331 non
1306 303 1363 331 est
1402 294 1607 330 evidencia
1647 295 1756 342 quod

448 353 716 389 dimensiones
748 365 789 390 se
822 362 1044 401 penetrent,
1080 365 1170 389 cum
1204 352 1290 400 ipsa
1324 351 1454 388 hostia
1486 352 1536 388 sit
1560 353 1639 388 duo
1672 364 1759 388 cor-

446 423 563 459 pora3
602 424 728 447 unum
760 411 998 448 naturaliter
1030 411 1138 458 quod
1173 418 1230 446 est
1262 409 1335 446 iste
1367 409 1482 458 panis
1515 409 1685 446 situatus
1718 409 1760 445 in

445 477 552 505 terra
591 478 629 505 et
667 468 776 505 aliud
814 467 1160 506 sacramentaliter
1192 469 1301 516 quod
1342 476 1398 504 est
1432 480 1577 515 corpus
1611 467 1759 504 Christi

445 527 621 563 locatum
666 526 706 562 in
751 528 911 563 dextera
951 526 1023 563 Dei
1063 525 1207 573 patris;
1257 534 1293 562 et
1326 538 1405 562 non
1439 525 1663 562 extenditur
1695 525 1794 562 hic5

445 584 486 620 in
518 585 649 621 hostia
682 593 927 621 consecrata.
968 586 1016 620 Et
1047 583 1102 620 sic
1134 583 1316 632 intelligo
1349 583 1617 631 Augustinum
1652 585 1760 632 quod

446 655 604 678 sursum
650 651 706 679 est
752 642 948 679 Dominus
992 654 1118 690 usque
1170 642 1220 678 ad
1265 641 1370 677 diem
1416 640 1553 677 iudicii
1597 650 1634 677 et
1679 654 1761 677 non

447 700 652 736 descendit
685 713 704 736 e
737 701 822 737 celo
854 712 980 748 usque
1014 701 1065 736 ad
1088 701 1358 748 quodcunque
1382 700 1508 735 altare
1531 699 1759 746 sublunare,

446 757 512 794 ubi
566 767 863 795 sacramentum
917 757 1024 794 istud
1077 757 1299 796 conficitur.
1358 759 1406 793 Et
1458 765 1568 805 patet
1620 756 1760 793 scienti

448 828 654 852 camerare
699 817 771 853 hec
814 817 936 853 verba
980 814 1096 852 huius
1136 815 1337 852 sentencie
1379 816 1584 863 quomodo
1624 823 1681 851 est
1720 815 1819 851 in1o

448 873 523 910 ista
556 873 723 910 materia
757 875 1098 923 respondendum.

508 932 584 968 Sed
629 931 755 969 tercio
800 932 1018 980 replicatur
1056 944 1126 979 per
1164 932 1241 967 hoc
1280 932 1385 979 quod
1428 943 1572 978 corpus
1613 929 1761 967 Christi

450 997 508 1025 est
540 989 581 1025 in
615 990 744 1026 hostia
777 999 1012 1027 consecrata
1045 998 1082 1025 et
1114 1002 1195 1026 non
1230 998 1286 1025 est
1318 1002 1399 1025 non
1433 1001 1578 1036 corpus
1611 987 1651 1024 in
1675 988 1762 1036 ipsa

451 1047 594 1094 hostia,
630 1060 723 1096 ergo
757 1057 814 1084 est
847 1060 992 1096 corpus
1025 1047 1065 1083 in
1088 1047 1174 1095 ipsa
1198 1046 1328 1083 hostia
1359 1055 1395 1083 et
1418 1059 1488 1094 per
1512 1058 1762 1094 consequens

450 1114 507 1141 est
529 1106 708 1153 longum,
732 1107 857 1142 latum
884 1115 921 1142 et
943 1106 1188 1154 profundum
1212 1105 1252 1140 in
1281 1104 1367 1152 ipsa
1396 1104 1538 1140 hostia.
1573 1104 1763 1152 Sequitur
1783 1109 1818 1141 15

448 1163 574 1200 enim:
615 1165 770 1212 Corpus
810 1163 959 1200 Christi
1003 1172 1060 1199 est
1093 1176 1175 1199 non
1220 1175 1365 1210 corpus
1398 1163 1439 1198 in
1483 1162 1570 1210 ipsa
1616 1162 1759 1207 hostia,

447 1233 540 1269 ergo
573 1233 630 1258 est
662 1234 743 1258 non
775 1234 920 1270 corpus
953 1221 1112 1265 alicubi,
1146 1229 1184 1257 et
1216 1233 1286 1268 per
1319 1232 1567 1269 consequens
1601 1228 1761 1256 estnon

447 1292 614 1327 corpus3
668 1288 705 1316 et
756 1280 853 1316 talia
905 1288 996 1316 sunt
1048 1279 1173 1315 multa
1232 1287 1468 1326 argumenta
1519 1277 1763 1326 replicancia

447 1337 759 1374 contradictorie
790 1338 831 1374 in
864 1338 1073 1386 complexa
1106 1339 1153 1373 de
1186 1349 1354 1385 corpore
1385 1336 1533 1373 Christi
1561 1335 1600 1372 in
1631 1335 1762 1372 hostia

447 1404 693 1432 consecrata.
728 1398 818 1432 Non
851 1395 957 1432 enirn
991 1403 1122 1442 potest
1155 1395 1294 1442 negari
1318 1394 1415 1442 quin
1446 1407 1590 1442 corpus
1615 1393 1761 1430 Christi
1780 1409 1820 1429 20

446 1453 496 1489 sit
528 1453 680 1501 aliquid
712 1453 767 1490 ibi
800 1462 837 1490 et
869 1466 940 1501 per
964 1466 1211 1501 consequens
1244 1452 1554 1501 aliquantulum,
1589 1451 1762 1500 aliquale

447 1520 484 1547 et
529 1511 824 1557 alicuiusmodi,
877 1511 1103 1548 cuiusmodi
1152 1523 1228 1559 que
1279 1519 1336 1547 est
1384 1510 1423 1546 in
1468 1510 1565 1548 celo.
1618 1512 1665 1545 Et
1709 1509 1763 1545 ita

445 1569 602 1605 videtur
642 1571 945 1606 concedendurn
988 1570 1095 1617 quod
1134 1581 1278 1617 corpus
1313 1567 1460 1605 Christi
1500 1576 1591 1613 stat,
1638 1569 1762 1614 sedet,

448 1636 632 1664 movetur
663 1627 785 1673 varie,
820 1627 1155 1676 qualitercunque
1188 1626 1282 1663 alibi
1315 1639 1355 1662 sc
1389 1625 1572 1662 habuerit
1605 1625 1645 1661 in
1676 1625 1762 1673 ipsa

446 1685 577 1721 hostia
611 1694 858 1722 consecrata.
894 1688 942 1721 Et
974 1685 1050 1721 isto
1086 1686 1206 1721 modo
1240 1684 1336 1720 dicit
1364 1684 1529 1732 logicus,
1565 1696 1655 1719 cum
1678 1691 1762 1720 tota
1780 1688 1819 1720 25

450 1742 499 1779 sit
523 1755 590 1779 sue
616 1752 762 1791 partes,
796 1752 838 1779 ut
872 1743 967 1780 dicit
991 1744 1199 1790 Averroys,
1234 1743 1341 1791 quod
1365 1754 1509 1790 corpus
1533 1740 1680 1778 Christi
1714 1741 1764 1777 sit

451 1800 558 1837 mille
592 1814 765 1849 corpora
797 1801 837 1837 in
870 1801 1001 1838 hostia
1035 1810 1282 1845 consecrata,
1325 1800 1419 1848 quia
1458 1812 1598 1836 omnes
1631 1808 1762 1847 partes

450 1859 715 1907 quantitative
760 1859 865 1895 illius
911 1858 1040 1895 hostie
1074 1867 1111 1894 et
1156 1858 1312 1906 singula
1366 1859 1599 1894 earundem.
1653 1857 1763 1893 Sicut

451 1916 555 1953 enim
586 1917 692 1953 idern
724 1930 869 1965 corpus
894 1917 1041 1954 Christi
1074 1916 1113 1952 in
1146 1929 1316 1952 nurnero
1351 1925 1407 1952 est
1438 1915 1613 1964 quelibet
1646 1915 1763 1963 plena

450 1974 579 2011 hostia
618 1974 657 2011 in
697 1975 873 2023 qualibet
913 1975 1080 2011 ecclesia
1124 1973 1163 2010 in
1202 1987 1282 2022 qua
1320 1974 1423 2010 foret
1462 1973 1593 2010 hostia
1626 1979 1822 2010 conse-30

449 2041 573 2079 crata,
619 2032 674 2069 sic
721 2042 781 2070 est
826 2033 1001 2082 quelibet
1046 2032 1240 2080 particula
1284 2032 1391 2068 illius
1437 2031 1565 2067 hostie
1605 2030 1645 2066 in
1684 2043 1763 2079 qua

447 2091 605 2139 panitas
650 2092 896 2128 observatur.
942 2093 1023 2127 Nec
1062 2103 1105 2126 ex
1144 2091 1219 2126 hoc
1259 2089 1439 2138 sequitur
1473 2088 1763 2137 multiplicacio

448 2148 626 2196 corporis
665 2148 812 2185 Christi
855 2150 916 2185 vel
960 2148 1123 2196 aliquod
1169 2147 1452 2184 inconveniens
1497 2147 1761 2192 inferendum,

448 2207 542 2254 quia
580 2220 662 2243 non
702 2216 758 2243 est
797 2206 1083 2243 inconveniens
1122 2207 1189 2242 sed
1230 2218 1452 2242 consonum
1487 2206 1595 2253 quod
1637 2204 1762 2241 multa

449 2277 620 2312 corpora
666 2273 703 2301 et
746 2264 947 2312 singulum
993 2277 1131 2301 eorum
1177 2264 1226 2300 sit
1271 2262 1492 2312 figuraliter
1531 2263 1591 2299 vel
1630 2275 1762 2299 sacra·
1782 2267 1821 2299 35

450 2322 677 2358 mentaliter
698 2322 803 2359 idem
830 2335 989 2370 corpus,
1024 2335 1114 2358 cum
1139 2322 1264 2369 figure
1297 2329 1462 2370 possunt
1487 2320 1761 2369 multiplicari,

448 2380 539 2416 licet
572 2380 789 2428 figuratum
822 2393 903 2416 non
938 2380 1229 2428 multiplicetur
1260 2379 1300 2416 in
1333 2388 1476 2415 natura
1509 2391 1591 2415 sua.
1627 2381 1674 2414 Et
1708 2377 1762 2414 sic

449 2437 630 2474 Christus
682 2447 846 2486 negaret
900 2439 1002 2474 hanc
1055 2436 1410 2485 consequenciam:
1473 2436 1653 2484 Baptista
1706 2444 1763 2472 est

449 2496 584 2532 Helias
618 2504 655 2531 et
689 2497 866 2533 Herodes
900 2495 1141 2544 decapitavit
1175 2493 1179 2547 Ι
1215 2495 1345 2542 ipsum
1380 2494 1623 2542 Baptistam:
1670 2506 1762 2541 ergo
1807 2495 1887 2532 421c

448 2553 533 2601 ipse
568 2555 748 2590 Herodes
783 2553 1023 2602 decapitavit
1057 2553 1186 2601 ipsum
1223 2553 1400 2589 Heliam:
1435 2552 1491 2588 sic
1524 2552 1563 2588 in
1596 2550 1762 2588 assimili
1778 2560 1822 2590 40

519 2754 556 2772 12.
579 2747 605 2772 A
628 2746 656 2772 in
682 2754 794 2778 marga
824 2754 857 2779 3).
968 2754 1008 2776 ιι.
1038 2747 1080 2772 A:
1111 2745 1336 2782 ergo—hostici
1359 2745 1452 2771 deest.
1548 2751 1588 2770 21.
1634 2743 1672 2769 B:
1703 2743 1762 2781 alj-

448 2783 601 2814 quantwn.
693 2788 734 2806 22.
756 2782 799 2807 A:
821 2781 930 2807 alicnis
950 2780 1167 2814 cuiuscunque.
1252 2779 1293 2806 23.
1315 2780 1359 2806 A:
1381 2782 1411 2805 et
1429 2778 1524 2806 sedet.
1613 2777 1655 2804 32³.
1677 2779 1704 2804 A
1731 2786 1761 2804 in

451 2823 563 2849 marg:
588 2815 632 2841 De
651 2815 749 2841 hostia
770 2820 949 2841 consecrant
969 2823 1022 2849 per
1040 2818 1145 2841 totum.
1237 2813 1281 2840 3⁴5.
1305 2814 1347 2840 Α·
1366 2816 1502 2848 possent.
