1986 3289
198 185 278 222 216
811 194 928 226 opus
954 194 1289 226 EVANGELICUM
1318 195 1401 225 [ΑΒ.
1428 195 1483 226 111.
1560 180 1665 237 [CAP.
1686 192 1793 219 Lvm.

483 299 612 347 ignari
665 299 720 335 sic
773 299 993 336 obicientes
1039 302 1146 349 quod
1186 300 1283 337 fides
1322 300 1519 348 scripture
1557 300 1793 349 appropriat

484 357 559 393 sibi
594 356 924 394 circumstancias
969 371 1059 394 cum
1094 358 1236 406 quibus
1275 358 1409 394 taliter
1443 367 1499 394 est
1531 359 1792 406 loquendum.

484 416 576 450 Ideo
621 423 779 463 oportet
824 415 879 451 sic
912 415 1153 452 obicientem
1200 416 1385 453 addicere
1433 425 1470 453 et
1503 417 1647 452 docere
1686 417 1792 465 quod

483 471 523 508 in
557 473 734 521 qualibet
766 473 835 509 tali
869 473 1105 521 ignorancia
1138 483 1276 510 nostra
1309 487 1429 523 quam
1455 476 1560 510 Deus
1594 476 1793 522 approbat

221 525 321 552 Three
341 525 445 560 things
485 539 541 566 est
574 530 805 567 indifferens
838 532 1084 579 approbacio
1123 532 1345 568 Trinitatis.
1379 533 1472 568 Ideo
1506 532 1652 568 dicitur
1685 535 1827 568 com-5

199 560 661 624 lh³1ioct‘ligisi13mnmunirer
694 598 813 637 atque
848 589 1045 626 catholice
1078 591 1185 638 quod
1225 590 1301 626 tria
1334 589 1563 638 specialiter
1595 598 1686 626 sunt
1718 602 1794 638 que

226 671 246 691 1,
267 629 425 691 ilfmxggvgoe
481 647 593 682 Jesus
625 655 762 683 noster
793 648 875 683 vult
907 647 1033 684 eciam
1077 649 1257 684 membra
1297 661 1367 684 sua
1401 649 1494 684 dum
1529 648 1569 683 in
1602 647 1681 684 vita
1713 647 1794 683 fue-

203 699 452 760 ZPffigessggsstgf
483 704 560 740 rint
593 704 796 751 ignorare3
850 705 1026 752 primum
1061 714 1118 742 est
1151 705 1182 741 si
1215 715 1304 742 sunt
1338 705 1613 755 predestinati,
1654 718 1793 741 secun-

216 801 231 829 3
262 768 379 830 tggactlg,
412 803 446 830 of
482 763 576 797 dum
614 762 645 798 si
679 762 831 811 precise
854 771 964 800 tanto
997 772 1176 812 tempore
1208 764 1384 809 viabunt,
1420 772 1456 800 et
1488 763 1655 799 tercium
1690 763 1721 799 si
1753 764 1793 799 in

236 811 411 874 'judgmefir
480 819 547 856 illa
606 821 703 857 hora
757 821 830 857 erit
874 821 957 857 dies
1008 821 1163 866 iudicii3
1217 830 1253 857 et
1304 821 1539 869 ignor-ancia
1584 821 1793 857 cuiuslibet
1813 835 1850 856 10

479 878 624 914 horum
657 879 778 914 trium
813 887 869 915 est
903 881 952 915 ad
986 892 1174 927 magnam
1208 879 1422 916 utilitatem
1458 879 1636 926 ecclesie,
1671 879 1702 915 si
1736 879 1791 915 vi-

479 937 639 982 demus3
679 950 772 973 narn
807 936 846 972 in
880 937 1015 974 multis
1048 951 1129 974 non
1163 938 1412 974 confirmatis
1446 950 1552 973 nunc
1584 937 1624 974 in
1656 937 1791 985 gracia

479 1003 538 1029 est
570 995 683 1031 valde
716 995 812 1031 utile
857 997 963 1043 quod
998 1008 1104 1032 nunc
1136 1009 1217 1032 non
1251 1005 1419 1032 noscant
1453 1008 1565 1032 suam
1599 995 1791 1043 predesti-

479 1052 704 1100 nacionem,
746 1054 813 1089 sed
847 1054 910 1101 pie
944 1063 1104 1101 sperent
1136 1067 1248 1090 suam
1283 1053 1589 1099 beatitudinem,
1642 1053 1735 1101 quia
1770 1066 1790 1089 a

479 1111 677 1158 probabili
701 1123 820 1147 nemo
844 1111 1132 1159 dampnabitur
1154 1112 1229 1147 nisi
1263 1121 1427 1160 propter
1460 1112 1658 1148 defectum
1684 1111 1789 1157 fidei,
1811 1114 1847 1144 15

478 1168 561 1216 spei
595 1177 632 1205 et
665 1169 854 1213 caritatis,
895 1169 988 1218 quia
1033 1169 1063 1206 si
1102 1169 1426 1206 indefectibiliter
1471 1171 1678 1206 crederent
1722 1170 1790 1205 ad-

478 1235 639 1262 ventum
673 1227 751 1263 diei
774 1227 912 1263 iudicii
945 1236 982 1264 et
1014 1236 1220 1276 sperarent
1253 1241 1364 1264 suam
1397 1227 1701 1273 beatitudinem,
1734 1227 1790 1262 vi-

478 1283 671 1332 gilancius
703 1285 881 1321 viverent
913 1285 1101 1332 virtuose,
1147 1294 1189 1321 ut
1220 1285 1351 1322 viator
1382 1285 1591 1333 vigilanter
1624 1286 1790 1321 credens

479 1344 587 1390 quod
633 1342 672 1378 in
716 1343 892 1379 crastino
935 1352 1108 1391 ponetur
1152 1345 1200 1380 ad
1235 1344 1456 1380 humanum
1503 1343 1695 1379 iudicium
1728 1344 1790 1379 vel

478 1401 685 1448 perdendo
709 1402 813 1437 bona
837 1414 906 1437 sua
930 1401 1171 1449 temporalia
1192 1402 1254 1438 vel
1286 1401 1551 1438 hereditatem
1574 1402 1635 1437 vel
1666 1400 1787 1437 vitam
1807 1412 1848 1433 20

480 1458 606 1494 eciam
640 1460 907 1507 corporalem,
956 1459 1167 1507 vigilanter
1201 1468 1237 1495 et
1271 1461 1411 1495 devote
1444 1459 1604 1495 timeret
1636 1471 1685 1495 ne
1717 1471 1789 1506 po-

478 1525 588 1552 neret
621 1525 801 1553 recenter
823 1517 992 1567 obicem,
1025 1529 1075 1553 ne
1107 1517 1223 1553 iudex
1255 1526 1434 1553 terrenus
1468 1517 1616 1553 iudicet
1649 1525 1788 1552 contra

478 1573 623 1622 ipsum,
664 1575 790 1611 Multo
825 1575 950 1623 magis
984 1577 1031 1611 de
1065 1575 1173 1612 finali
1209 1575 1357 1612 iudicio
1391 1585 1427 1611 et
1461 1588 1548 1612 cum
1584 1574 1789 1623 prolixitas

479 1631 672 1680 temporis
705 1646 785 1669 non
817 1633 911 1669 facit
945 1641 1148 1681 torporem
1191 1633 1282 1669 fidei
1314 1632 1390 1669 nisi
1435 1642 1599 1681 propter
1646 1645 1786 1680 pecca-

478 1698 563 1725 tum
597 1691 774 1727 notabile
808 1691 848 1727 in
883 1693 1036 1736 eadem,
1069 1700 1179 1739 patet
1204 1692 1313 1739 quod
1347 1699 1485 1739 torpor
1519 1690 1610 1727 fidei
1645 1692 1692 1726 de
1726 1690 1788 1726 die
1805 1695 1844 1726 25

478 1747 616 1784 iudicii
663 1757 719 1784 est
753 1761 873 1785 causa
906 1749 1095 1785 notabilis
1128 1761 1251 1798 quare
1284 1749 1466 1785 homines
1507 1750 1787 1796 dampnabun-

479 1814 554 1843 tur.
610 1808 658 1842 Et
691 1807 910 1843 conformis
944 1816 1000 1843 est
1044 1807 1153 1843 racio
1186 1819 1308 1855 quare
1344 1809 1447 1843 Deus
1491 1807 1572 1842 vult
1606 1819 1786 1842 commu-

478 1864 581 1900 niter
614 1864 731 1901 finem
765 1865 844 1901 vite
877 1865 995 1901 huius
1026 1865 1140 1902 nobis
1178 1864 1427 1913 fragibilibus
1461 1877 1545 1901 esse
1577 1863 1786 1900 abscondi—

478 1931 580 1966 tam3
616 1931 652 1959 et
676 1923 893 1959 conformis
918 1932 974 1960 est
998 1923 1106 1959 racio
1131 1935 1253 1971 quare
1277 1925 1382 1959 Deus
1405 1935 1487 1958 non
1509 1923 1658 1959 revelat
1681 1935 1788 1958 corn-

480 1980 654 2016 muniter
686 1981 905 2017 viatoribus
938 1982 1044 2029 quod
1079 1982 1350 2027 salvabuntur,
1384 1993 1520 2028 ymmo
1553 1984 1609 2024 (ut
1643 1979 1788 2016 dicitur
1805 1995 1846 2017 no

480 2038 762 2084 communiter)
787 2041 892 2075 Deus
919 2052 998 2075 non
1022 2048 1152 2087 potest
1178 2039 1296 2075 alicui
1321 2039 1496 2075 revelare
1519 2051 1631 2074 suam
1651 2039 1789 2085 damp-

478 2096 702 2143 nacionem,
748 2096 841 2145 quia
875 2110 964 2133 cum
1006 2097 1200 2133 revelacio
1245 2097 1295 2133 sit
1327 2105 1437 2132 actus
1470 2108 1615 2132 sonans
1649 2095 1688 2131 in
1720 2097 1789 2131 bo-

478 2167 587 2200 num,
643 2163 679 2190 et
730 2156 828 2191 tales
874 2155 1017 2204 quibus
1066 2155 1107 2190 fit
1140 2154 1214 2191 ista
1248 2154 1445 2191 revelacio
1491 2153 1789 2190 racionabiliter

478 2213 749 2259 desperarent,
792 2215 898 2249 Deus
931 2213 1137 2249 induceret
1171 2212 1496 2260 desperacionem
1531 2211 1600 2248 tali
1634 2210 1786 2247 homini

479 2270 585 2306 malo
621 2272 752 2307 modo.
802 2273 849 2306 Et
894 2272 967 2307 hoc
1015 2270 1251 2318 ignorarunt
1284 2271 1547 2306 calculatores
1580 2281 1788 2317 presump-
1805 2272 1844 2305 35

480 2327 598 2371 mosi,
644 2337 686 2363 ut
720 2330 842 2365 abbas
875 2328 1055 2365 Joachim
1091 2337 1128 2364 et
1162 2328 1282 2364 ceteri
1324 2328 1390 2376 qui
1425 2328 1706 2375 prophetando
1740 2328 1788 2362 de

478 2385 540 2421 die
583 2385 720 2422 iudicii
765 2386 936 2434 turpiter
974 2387 1216 2423 defecerunt.
1260 2386 1519 2422 Dimittamus
1571 2384 1692 2433 igitur
1744 2396 1788 2420 ex

478 2444 551 2479 hac
604 2444 786 2480 doctrina
819 2444 965 2480 Christi
1000 2453 1349 2492 presumptuosam
1383 2442 1693 2480 sollicitudinem
1736 2443 1787 2478 ad

479 2503 801 2548 cognoscendum
835 2502 901 2538 illa
934 2514 1011 2550 que
1041 2504 1146 2538 Deus
1177 2503 1260 2538 vult
1292 2501 1406 2538 nobis
1440 2501 1502 2537 hic
1531 2512 1615 2537 esse
1650 2500 1785 2547 incog-

479 2558 562 2594 nita
595 2568 631 2595 et
665 2561 804 2596 demus
837 2573 1001 2607 operam
1047 2562 1096 2595 ad
1131 2561 1454 2606 cognoscendum
1490 2567 1639 2606 puncta
1670 2557 1785 2593 utilia
1800 2571 1845 2602 40

480 2629 555 2663 que
573 2617 813 2664 proficerent
828 2620 874 2653 ad
893 2618 1066 2654 virtuose
1081 2618 1291 2654 vivendum
1310 2626 1345 2653 et
1362 2616 1785 2663 criminafugiendum.

547 2819 569 2846 5.
592 2821 635 2846 A:
662 2820 808 2846 Trinitas:
883 2828 1000 2855 27—29.
1028 2822 1071 2847 A:
1094 2819 1282 2846 vult—Deus
1298 2820 1390 2845 deest.
1453 2818 1522 2853 39—
1535 2827 1574 2851 ιο.
1592 2819 1633 2845 A:
1650 2817 1783 2853 cognita
