1986 3289
203 215 291 243 CAP-
311 211 391 256 ΧΠ]
570 219 628 249 DE
656 218 970 249 ANTICHRISTO
998 218 1080 249 LIB.
1108 218 1144 249 II.
1721 221 1741 257 3

1751 220 1770 245 lx)

1779 220 1799 256 01

204 323 448 360 nutriendas.
504 323 659 360 Sufficit
703 324 807 360 enim
852 324 1152 372 expergefacere
1196 332 1277 359 tam
1323 323 1511 360 affectum

206 395 325 430 quam
352 382 476 419 eciam
512 383 772 429 intellectum,
807 383 1048 418 destruendo
1082 383 1238 418 hereses
1271 390 1308 418 et
1331 382 1513 417 docendo

205 440 494 488 pulcherrimas
518 449 637 488 atque
656 439 873 476 catholicas
896 439 1092 476 veritates.
1128 441 1242 476 Unde
1276 441 1513 475 erubescant

204 507 381 534 recentes
416 498 579 534 heretici
613 498 680 546 qui
722 497 860 534 dicunt
895 509 978 533 esse
1011 497 1230 533 hereticum
1266 509 1509 545 quemquam

170 557 424 592 §concedere
485 557 592 604 quod
639 555 821 592 Christus
866 554 915 591 sit
960 555 1119 591 mobilis
1167 567 1238 602 per
1281 556 1357 591 hoc
1404 555 1512 602 quod

205 613 388 650 Christus
422 622 478 649 est
512 613 657 660 deitas3
713 613 767 649 sic
814 613 919 649 enim
954 612 1207 649 heresiarche
1252 611 1379 649 nostri
1412 620 1512 648 tem-

205 671 313 718 poris
347 671 532 707 dixerunt
564 673 671 719 quod
705 670 904 719 scriptura
929 683 1042 707 sacra
1077 680 1113 706 et
1146 670 1375 718 specialiter
1398 682 1513 706 evan-

203 729 348 776 gelium
382 729 574 765 Johannis
609 737 666 765 est
699 728 959 776 impossibile.
1014 730 1131 764 Istam
1173 737 1307 764 autem
1340 728 1509 764 heresim

202 795 384 834 potenter
437 788 646 822 destruunt
698 795 779 822 tam
832 786 928 822 fides
973 785 1166 832 evangelii
1219 799 1338 834 quam
1386 786 1512 821 eciam

151 856 187 876 ιο
202 844 447 892 Augustinus
481 853 517 880 et
566 840 626 897 (ut
665 844 816 880 dictum
851 853 908 880 est
949 843 1090 879 diffuse
1123 842 1235 891 alibi)
1283 852 1368 879 tota
1400 844 1512 879 here-

201 901 371 938 ticorum
397 901 665 949 ydioticorum
690 902 894 938 sentencia
923 910 1001 938 stat
1034 901 1073 937 in
1106 900 1202 937 isto:
1237 901 1327 952 Ego
1359 901 1513 937 sinistre

202 960 377 1011 intelligo
425 972 576 996 sensum
626 960 820 1009 evangelii
862 960 978 995 aliter
1023 971 1136 1007 quam
1176 959 1368 1005 deberem,
1415 970 1511 1009 ergo

204 1018 318 1066 facio
350 1017 591 1068 evangelium
616 1029 696 1053 esse
718 1018 887 1065 falsum,
920 1017 1042 1053 modo
1075 1029 1154 1065 quo
1182 1016 1307 1052 idiote
1341 1025 1513 1064 arguunt

202 1076 311 1123 quod
343 1077 490 1112 nedum
524 1074 675 1111 faciunt
709 1076 846 1121 solem,
880 1075 1018 1111 lunam
1053 1083 1090 1111 et
1123 1083 1230 1111 astra
1263 1083 1395 1110 cetera
1429 1086 1512 1110 esse

149 1132 301 1169 15falsa
353 1134 421 1169 sed
460 1132 586 1169 eciam
633 1133 824 1169 deitatem
866 1133 960 1181 quia
1006 1145 1076 1180 per
1120 1132 1256 1168 omnia
1294 1131 1369 1168 ista
1415 1131 1512 1167 false

203 1189 431 1238 intelligunt
465 1199 501 1226 et
534 1190 650 1227 aliter
684 1203 805 1239 quarn
840 1191 1045 1227 deberent.

262 1247 421 1284 Dictum
457 1257 514 1284 est
548 1257 682 1284 autem
723 1250 831 1296 quod
862 1247 1007 1285 veritas
1042 1247 1271 1295 evangelica
1305 1256 1362 1283 est
1396 1259 1512 1283 evan-
1544 1263 1643 1299 Every
1665 1268 1732 1298 part
1751 1263 1785 1290 of

203 1305 369 1353 gelium3
404 1316 440 1341 et
464 1305 549 1353 ipsa
583 1319 662 1342 non
686 1315 817 1353 potest
840 1305 1042 1342 falsificari
1075 1307 1124 1341 ab
1158 1305 1291 1353 aliqua
1314 1313 1510 1341 creatura.
1533 1298 1791 1360 {⁸1'1h‘ggliffetgffis}

203 1363 396 1408 Quamvis
429 1372 562 1400 autem
613 1365 659 1400 de
706 1364 913 1400 codicibus
947 1364 996 1399 sit
1029 1363 1213 1399 fidelibus
1247 1375 1367 1410 parva
1401 1374 1509 1407 cura,
1619 1372 1694 1394 true.

146 1436 186 1456 20
202 1429 338 1457 tamen
362 1423 675 1469 supponendum
711 1430 768 1457 est
803 1421 972 1458 fideliter
996 1423 1103 1469 quod
1137 1430 1228 1457 sunt
1258 1420 1339 1457 veri
1372 1433 1511 1456 secun-

203 1480 296 1514 dum
331 1491 421 1515 suas
455 1489 589 1527 partes
623 1479 812 1527 singulas,
868 1481 962 1515 dum
998 1491 1092 1515 sane
1125 1478 1271 1515 fuerint
1304 1477 1509 1522 intellecti,

202 1536 295 1584 quia
340 1536 515 1585 quelibet
561 1550 651 1585 pars
695 1537 892 1584 scripture
925 1549 1037 1573 sacre
1080 1549 1170 1573 cum
1212 1536 1306 1572 dicit
1340 1537 1509 1572 eandem

201 1593 410 1630 veritatem
445 1608 565 1643 quam
591 1595 686 1631 dicit
719 1608 835 1631 suum
870 1603 998 1631 totum
1035 1595 1295 1642 completum,
1330 1594 1421 1630 licet
1454 1593 1511 1628 in-

201 1653 402 1700 complete
426 1661 462 1689 et
486 1653 714 1700 parcialiter
739 1652 844 1689 dicat
865 1653 988 1698 illam,
1015 1661 1071 1689 est
1095 1665 1200 1701 vera,
1225 1652 1327 1688 sicut
1351 1660 1510 1699 oportet

145 1716 184 1747 25
201 1723 315 1746 suum
352 1710 552 1758 integrum
579 1723 661 1746 esse
694 1723 844 1755 verum,
879 1719 921 1747 ut
953 1710 1073 1758 logici
1106 1722 1196 1746 vere
1231 1709 1369 1746 dicunt
1403 1710 1508 1757 quod

202 1767 377 1816 quelibet
402 1781 493 1816 pars
517 1768 647 1804 istius:
684 1769 830 1804 “nullus
854 1769 976 1804 homo
1001 1777 1061 1804 est
1085 1768 1250 1813 asinus‚³
1285 1767 1412 1803 eciam
1436 1766 1511 1802 ista

201 1838 293 1873 pars
327 1827 463 1862 ehomo
488 1835 545 1862 est
577 1826 726 1862 asinus>
762 1835 819 1862 est
840 1836 932 1862 vera
956 1838 999 1862 ex
1022 1826 1097 1862 hoc
1120 1826 1227 1873 quod
1251 1825 1380 1872 signat
1403 1824 1511 1872 prin-

203 1882 386 1931 cipaliter
416 1883 533 1920 istam
567 1884 798 1920 veritatem:
851 1884 993 1920 Nullus
1027 1885 1148 1919 homo
1185 1892 1241 1919 est
1274 1883 1419 1928 asinus,
1455 1881 1510 1918 sic

203 1950 259 1977 est
292 1942 340 1977 de
373 1941 569 1990 scripture
602 1954 712 1978 sacre
745 1941 926 1990 partibus
959 1941 1232 1978 senciendum.

146 2006 186 2038 '30
262 1999 377 2035 Unde
410 1999 574 2047 quidam
609 1999 787 2047 theologi
821 1999 958 2035 dicunt
992 2000 1099 2047 quod
1131 2009 1292 2034 necesse
1317 2006 1375 2033 est
1397 1998 1509 2033 theo-
1550 2014 1579 2040 A
1599 2014 1773 2049 theologiam

201 2056 336 2104 logum
371 2056 411 2092 in
445 2066 553 2093 recta
586 2057 727 2105 logica,
771 2056 1027 2105 philosophia
1060 2065 1096 2092 et
1131 2055 1390 2103 metaphisica
1426 2067 1509 2090 esse
1577 2049 1688 2076 should
1712 2050 1746 2075 be

202 2113 440 2151 instructum
488 2123 526 2151 et
565 2116 673 2163 quod
707 2123 925 2163 cognoscat
969 2115 1085 2150 istam
1120 2113 1413 2162 quintuplicem
1448 2083 1799 2157 a1·-i2rli¹i¹1¹i)(³sc‹1252lli¹yifiqli1¹g’

204 2181 417 2218 maturam,
463 2172 596 2220 primo
642 2174 749 2221 quod
796 2180 1012 2220 cognoscat
1044 2170 1285 2208 universalia
1318 2183 1360 2207 ex
1395 2179 1507 2217 parte
1541 2153 1778 2214 Hsssessaeffigsff'ss

202 2229 277 2276 rei;
325 2239 361 2266 et
395 2242 464 2278 per
509 2231 583 2266 hoc
616 2239 749 2278 potest
782 2241 1027 2277 cognoscere
1059 2231 1179 2266 verba
1211 2229 1340 2276 Moysi
1372 2228 1507 2264 locuta
1541 2222 1779 2283 Οᾞὲυζιῑὲῑῂῖἓξςῖζζ,

146 2294 185 2326 35
203 2287 250 2323 de
282 2300 425 2334 genere
459 2296 495 2324 et
528 2288 670 2336 specie,
720 2296 757 2324 et
791 2300 871 2324 non
902 2296 1063 2335 oportet
1096 2299 1187 2323 eum
1222 2287 1341 2322 modo
1374 2285 1507 2333 sophi·
1774 2278 1779 2289 ’

202 2353 353 2381 starum
388 2358 459 2393 per
491 2345 834 2393 anteposicionern
870 2354 906 2381 et
940 2344 1281 2393 postposicionem
1315 2343 1509 2380 terminos

203 2414 422 2439 camerare.
469 2404 654 2439 Secundo
688 2412 905 2451 cognoscat
944 2404 1162 2439 secundum
1199 2411 1349 2438 rectam
1386 2409 1509 2437 meta-

203 2459 395 2507 phisicam
432 2461 538 2496 scole
568 2461 714 2497 Christi
748 2461 953 2497 veritatem
990 2462 1037 2496 de
1071 2460 1267 2508 quiditate
1290 2454 1507 2510 temporis<

271 2623 298 2650 6.
320 2624 362 2650 A:
385 2624 464 2650 enim
485 2624 578 2650 deest.
688 2622 731 2650 30.
754 2624 780 2650 A
802 2623 829 2649 iu
854 2631 966 2656 marg:
989 2621 1068 2649 Nola
1089 2622 1126 2649 de
1145 2622 1331 2657 quintuplici
1348 2624 1510 2648 armatura

201 2658 428 2691 theologorum.
518 2657 561 2685 32.
584 2659 604 2685 B
626 2659 654 2685 in
677 2666 791 2692 marg:
813 2657 906 2684 Nares
926 2657 1144 2692 quintuplicem
1165 2665 1232 2683 arm
1255 2678 1260 2683 .
1284 2678 1288 2682 .
1313 2678 1318 2682 .
1398 2655 1439 2683 32.
1465 2657 1510 2682 A:

201 2693 400 2727 quinplicem;
421 2693 458 2720 13:
479 2693 696 2728 quintiplicem.
769 2691 811 2719 33.
834 2694 862 2719 A
882 2693 910 2718 iu
934 2700 1047 2726 marg:
1071 2699 1093 2717 l.

274 2778 325 2815 37.
352 2786 557 2815 camerare,·
595 2777 614 2807 i.
648 2786 676 2807 e.
702 2776 907 2817 ponderare,
946 2785 1003 2806 see
1036 2774 1147 2805 above
1179 2784 1256 2815 pag.
1294 2772 1367 2813 166,
1400 2773 1422 2803 1.
1461 2783 1510 2812 10,

203 2824 389 2855 Sermones
416 2823 471 2862 IV,
498 2832 575 2864 pag.
601 2822 656 2863 45,
684 2822 705 2853 l.
734 2832 787 2863 27.
