1986 3289
155 230 243 258 CAP.
272 221 341 274 IV.]
510 233 567 264 DE
595 233 908 264 ANTICHRISTO
938 234 1021 264 LIB.
1048 233 1086 264 II.
1672 236 1752 274 299

151 339 403 388 perturbatus
446 345 480 373 et
520 338 610 387 plus
654 350 914 387 expavescens
962 338 1157 374 Christum
1205 339 1279 374 sibi
1328 339 1467 389 negari

155 409 267 446 quam
302 408 418 444 usque
449 396 500 431 ad
530 408 621 432 suos
647 397 767 445 pedes
800 396 1017 432 humiliari:
1061 396 1239 442 Domine,
1284 396 1351 442 ait,
1392 408 1464 432 non

157 461 304 490 tantum
332 454 452 502 pedes
476 465 592 500 meos,
625 455 694 489 sed
725 461 759 489 et
792 466 926 489 manus
959 461 994 489 et
1025 461 1150 503 caput.
1189 454 1354 498 Quando
1387 454 1466 502 qui-

158 512 242 548 dem
287 512 341 547 sic
384 511 545 547 minaris
577 511 744 546 lavanda
782 511 850 547 tibi
879 512 1052 547 membra
1087 524 1183 555 mea,
1236 523 1309 547 non
1341 511 1465 548 solum

123 570 232 605 §ima
284 581 356 605 non
400 569 586 605 subtraho
632 581 764 604 verum
810 569 927 604 eciam
969 569 1099 617 prima
1141 569 1356 605 substerno.
1409 570 1469 605 Ne

156 627 251 662 mihi
281 639 397 676 neges
437 626 661 675 capiendum
696 633 817 662 tecum
858 634 1028 675 partem,
1082 627 1227 662 nullam
1270 627 1338 662 tibi
1368 639 1467 676 nego

156 685 385 720 abluendam
432 684 509 719 mei
544 684 720 733 corporis
763 691 932 733 partem.
986 684 1091 720 Dicit
1137 685 1172 720 ei
1206 684 1336 720 Jesus:
1393 684 1470 728 Qui

158 742 256 778 lotus
288 749 343 777 est
374 754 446 777 non
481 742 592 777 habet
632 754 726 790 opus
758 741 832 777 nisi
856 742 977 790 pedes
1009 743 1144 777 lavare
1175 743 1244 777 sed
1275 749 1330 778 est
1362 754 1467 777 mun-

158 801 228 835 dus
260 807 374 835 totus.

104 870 142 890 10
214 858 290 893 Hic
322 865 524 893 moveatur
544 858 659 906 forte
681 857 764 906 quis
795 864 830 892 et
863 857 979 903 dicat,
1012 857 1128 892 immo
1160 858 1195 893 si
1225 858 1390 893 mundus
1413 864 1467 893 est
1535 865 1701 904 Supposed
1727 900 1731 904 ⁸

155 922 267 961 totus,
303 915 392 963 quid
423 916 458 950 ei
487 927 581 963 opus
603 921 656 950 est
690 915 750 950 vel
771 915 891 963 pedes
923 915 1088 950 lavare?
1118 915 1309 951 Dominus
1341 922 1465 951 autem
1481 900 1756 962 Οέἷξξξξξίζεξζζῖἀᾞ

156 980 320 1009 noverat
353 973 453 1021 quod
485 973 646 1018 dicebat,
700 972 857 1008 eciamsi
893 980 1025 1008 nostra
1059 972 1267 1022 infirmitas
1299 973 1378 1009 eius
1409 985 1467 1009 se-

156 1038 261 1067 creta
295 1043 366 1066 non
393 1037 586 1079 penetrat.
628 1030 897 1066 Verumtamen
930 1037 1112 1078 quantum
1147 1043 1214 1067 nos
1246 1031 1402 1067 erudire
1434 1038 1469 1066 et

156 1100 206 1124 ex
238 1088 324 1139 lege
345 1101 415 1124 sua
436 1089 574 1124 docere
606 1088 807 1138 dignatur,
833 1100 911 1137 pro
942 1095 1055 1137 captu
1079 1101 1175 1135 meo,
1203 1101 1280 1137 pro
1313 1089 1468 1124 modulo

104 1153 140 1186 15
157 1158 239 1182 meo
272 1146 418 1194 aliquid
460 1146 578 1182 eciam
624 1158 696 1196 ego
730 1147 777 1181 de
808 1146 918 1181 huius
962 1146 1165 1194 questionis
1192 1147 1470 1195 profunditate

156 1204 222 1239 illo
256 1203 463 1239 adiuvante
501 1204 753 1253 respondeam
799 1215 844 1239 ac
870 1204 1042 1252 primum
1077 1204 1199 1253 ipsam
1234 1204 1467 1240 locucionem

157 1274 229 1297 non
261 1262 335 1297 sibi
366 1273 447 1298 esse
478 1261 717 1298 contrariam
742 1261 939 1310 facillime
970 1262 1181 1298 ostendam.

221 1319 316 1363 Quis
348 1319 443 1355 enim
478 1331 550 1355 non
583 1320 634 1355 ita
668 1319 878 1355 rectissime
910 1319 1014 1367 loqui
1038 1320 1181 1368 possit:
1213 1320 1384 1355 Mundus
1416 1326 1471 1355 est

158 1384 259 1413 totus
286 1384 423 1426 preter
455 1378 587 1426 pedes.
632 1377 871 1427 Elegancius
914 1384 1039 1412 autem
1086 1378 1256 1427 loquitur
1293 1377 1327 1413 si
1359 1377 1470 1413 dicit:

102 1441 143 1462 20
158 1435 328 1471 Mundus
359 1442 415 1471 est
446 1442 545 1471 totus
588 1435 661 1471 nisi
686 1436 804 1484 pedes
836 1436 937 1483 quod
967 1437 1190 1471 tantundem
1226 1435 1338 1471 ualet.
1383 1435 1470 1471 Hoc

159 1504 255 1542 ergo
287 1492 342 1527 ait
373 1493 584 1529 Dominus:
615 1494 702 1529 Non
726 1493 838 1528 lzabet
870 1505 965 1541 opus
997 1493 1070 1528 nisi
1094 1494 1214 1542 pedes
1237 1493 1372 1528 lavare
1402 1492 1471 1528 sed

160 1557 214 1586 est
235 1551 400 1586 mundus
431 1558 542 1587 totus.
586 1551 702 1586 Totus
726 1550 850 1598 utique
876 1558 1013 1599 preter
1030 1552 1149 1599 pedes
1183 1551 1242 1586 vel
1264 1550 1336 1586 nisi
1351 1551 1471 1599 pedes

159 1620 253 1657 quos
285 1608 398 1644 habet
429 1621 523 1657 opus
556 1609 701 1646 lavare.

219 1666 295 1701 Sed
326 1666 416 1714 quid
447 1673 501 1702 est
534 1666 634 1701 hoc?
666 1667 756 1714 quid
787 1666 859 1702 sibi
880 1667 993 1701 vult?
1025 1666 1096 1702 hoc
1125 1667 1381 1702 necessarium
1416 1674 1471 1702 est
1490 1676 1631 1716 Solupion
1653 1677 1753 1704 ofthe

105 1731 143 1763 25
162 1731 201 1759 ut
230 1724 470 1772 queramus?
504 1724 704 1770 Dominus,
739 1725 829 1760 dicit
860 1724 1019 1769 Veritas,
1054 1724 1224 1772 loquitur
1251 1725 1354 1773 quod
1376 1736 1470 1773 opus
1543 1711 1700 1747 dffficulty.

162 1781 298 1817 habeat
325 1782 444 1830 pedes
477 1782 612 1817 lavare
634 1782 751 1817 eciam
786 1782 850 1817 ille
872 1782 935 1830 qui
957 1782 1057 1817 lotus
1089 1789 1155 1820 est.
1195 1782 1470 1829 Quidfratres

161 1839 247 1885 mei,
280 1839 370 1887 quid
386 1839 565 1888 putatis?
596 1839 683 1875 Nisi
712 1840 799 1888 quia
832 1840 944 1875 homo
974 1839 1008 1874 in
1041 1846 1171 1875 sancto
1195 1840 1344 1887 quidem
1379 1840 1470 1888 bap-

162 1896 272 1932 tismo
305 1903 405 1932 totus
437 1897 620 1943 abluitur,
659 1909 730 1933 non
759 1904 897 1946 preter
924 1897 1042 1945 pedes
1074 1897 1142 1932 sed
1173 1904 1275 1933 totus
1307 1897 1471 1940 omnino,

163 1961 453 2003 verumptamen
486 1967 569 1990 cum
603 1955 639 1990 in
673 1955 787 1991 rebus
819 1955 995 1990 humanis
1012 1961 1147 2003 postea
1182 1955 1325 1991 vivitur
1347 1956 1473 2003 utique

105 2022 146 2053 30
162 2019 268 2048 terra
303 2012 490 2048 calcatur.
542 2012 623 2061 Ipsi
653 2012 776 2062 igitur
820 2012 980 2048 lzumani
1020 2013 1179 2061 affectus
1222 2013 1303 2048 sine
1340 2013 1473 2061 quibus

162 2070 197 2105 in
231 2069 303 2105 hac
336 2070 574 2106 mortalitate
612 2083 684 2106 non
718 2070 861 2106 vivitur
893 2070 1003 2118 quasi
1027 2071 1148 2118 pedes
1178 2077 1278 2116 sunt,
1330 2071 1393 2106 ubi
1423 2082 1473 2106 ex

163 2127 340 2163 humanis
372 2128 484 2164 rebus
516 2128 725 2177 afficimur,
760 2135 795 2163 et
825 2128 879 2164 sic
901 2127 1101 2177 afficimur
1133 2134 1172 2162 ut
1200 2128 1235 2163 si
1255 2128 1473 2164 dixerimus

163 2185 248 2234 quia
276 2193 478 2234 peccatum
512 2198 584 2221 non
626 2186 808 2221 habemus
840 2198 908 2221 nos
940 2186 1044 2233 ipsos
1077 2185 1312 2234 decipiamus
1344 2193 1379 2222 et
1411 2198 1471 2222 ve-

164 2242 260 2278 ritas
292 2255 364 2278 non
395 2243 445 2278 sit
475 2243 511 2278 in
544 2243 662 2280 nobis.
722 2243 871 2279 Cotidie
903 2243 1026 2292 igitur
1064 2244 1183 2292 pedes
1216 2244 1322 2278 lavat
1354 2243 1472 2289 nobis,

108 2309 146 2343 35
164 2300 228 2349 qui
270 2300 489 2349 interpellat
529 2313 606 2349 pro
651 2301 756 2337 nobis
789 2308 823 2336 et
855 2301 994 2336 cotidie
1033 2313 1100 2336 nos
1133 2313 1226 2349 opus
1259 2301 1403 2337 habere
1434 2308 1474 2336 ut

156 2359 275 2407 pedes
312 2359 498 2400 lavemus,
542 2358 580 2393 id
613 2366 680 2402 est,
719 2359 800 2394 vias
843 2358 1102 2407 spiritualium
1134 2370 1340 2408 gressuum
1381 2359 1473 2394 diri-

163 2427 304 2465 gamus
336 2416 371 2451 in
404 2417 486 2464 ipsa
516 2416 697 2452 oracione
719 2416 908 2452 dominica
931 2416 1170 2465 confitemur,
1204 2428 1287 2451 cum
1313 2416 1475 2452 dicimus

166 2473 309 2508 dimitte
341 2474 446 2509 nobis
479 2474 603 2509 debita
637 2480 782 2520 nostra,
814 2474 912 2509 sicut
943 2481 978 2509 et
1010 2486 1078 2509 nos
1110 2473 1338 2510 dimittimus
1371 2474 1473 2510 debi—

235 2691 255 2711 1.
276 2684 320 2710 A:
345 2683 471 2710 Christi.
560 2691 586 2719 7.
608 2683 680 2710 Ain
697 2691 810 2718 marga
834 2683 971 2719 Questio.
1064 2691 1103 2710 10.
1126 2683 1165 2710 B:
1189 2682 1249 2710 Hic
1267 2686 1389 2711 moveat
1406 2683 1475 2718 quis

166 2716 327 2757 fortassis.
418 2717 458 2745 18.
479 2718 507 2745 A
529 2718 556 2744 in
580 2726 693 2757 marg:
715 2718 967 2757 Responszosib.
985 2718 1037 2757 'Az
1056 2721 1169 2757 posset.
1249 2725 1291 2745 22.
1314 2718 1352 2745 B:
1379 2718 1475 2745 Totus

166 2756 278 2787 ulique.
370 2759 415 2786 24.
438 2753 474 2779 ss:
499 2752 582 2788 quod
599 2754 664 2779 sthi.
755 2752 797 2780 32.
825 2754 872 2779 A:
893 2761 936 2779 stc
956 2753 1135 2779 dixerimus.

240 2836 288 2874 1²4.
316 2835 338 2865 I.
364 2834 440 2867 Joh.
468 2835 491 2874 Ι,
518 2836 548 2866 8.
647 2835 699 2867 35.
726 2836 828 2867 Rom.
854 2836 941 2875 VIII,
970 2836 1024 2875 34.
1121 2834 1173 2867 38.
1201 2834 1319 2867 Matth.
1336 2836 1392 2875 VI,
1426 2845 1475 2866 12.
