1986 3289
169 215 244 249 140
760 212 879 244 opus
906 213 1241 245 EVANGELICUM
1277 213 1360 245 ΜΒ.
1388 214 1440 245 111.
1468 200 1572 255 [CAP-
1595 211 1762 240 xxxvm.

452 319 644 368 cuiusque
697 319 885 356 hominis.
939 321 1016 356 Sed
1062 320 1158 368 quid
1212 320 1337 368 magis
1382 320 1618 367 hereticum,
1673 334 1764 358 cum

451 379 557 413 Deus
591 389 634 413 ex
666 376 938 414 immensitate
972 390 1042 414 sua
1075 378 1301 415 necessario
1334 378 1382 414 sit
1414 378 1586 426 ubique?

178 428 419 491 imffiffefffflffist
508 437 556 471 Et
607 435 663 471 sic
714 436 982 484 profundatur
1040 448 1163 484 genus
1227 437 1448 472 humanum
1507 436 1565 484 (in
1604 438 1766 484 Europa

173 507 208 525 οι·
227 499 332 525 others
352 498 423 533 only
449 491 691 543 specialiter)
743 492 783 529 in
836 493 912 530 ista
964 493 1091 530 heresi
1134 493 1255 530 nimis
1303 506 1396 531 ceca
1448 495 1555 542 quod
1607 503 1767 542 oportet

175 533 424 594 asmffiymfpuow
448 559 573 588 totam
622 551 861 588 militantem
915 551 1126 588 ecclesiam
1181 551 1271 588 duci
1317 564 1387 600 per
1431 552 1610 600 regimen
1653 552 1798 588 Anti-5

450 608 601 645 christi.
636 611 691 645 Ex
723 609 800 646 fide
832 608 995 657 quidem
1031 610 1313 657 cognoscimus
1337 610 1446 658 quod
1467 622 1550 646 non
1574 611 1764 647 debemus

448 666 559 715 sequi
600 669 760 703 Petrum
812 668 872 703 vel
905 667 1080 716 aliquem
1127 668 1370 716 apostolum,
1411 667 1487 703 nisi
1526 669 1573 704 de
1612 676 1765 716 quanto

447 723 532 773 ipse
581 733 740 761 secutus
787 724 905 761 fuerit
957 725 1167 762 dominum
1218 727 1352 762 Jesum
1406 725 1625 771 Christum,
1671 725 1766 774 quia

448 783 496 818 de
540 792 692 831 quanto
740 782 885 831 aliquis
937 796 959 820 a
1004 782 1163 820 Christo
1207 783 1433 829 deviaverit,
1486 783 1712 820 necessario
1742 796 1765 820 a

447 839 605 877 iusticia
637 840 874 890 obliquabit.
932 844 1022 878 Non
1062 841 1165 878 enim
1204 842 1393 878 debemus
1424 841 1537 890 sequi
1589 843 1762 887 Petrum,
1785 855 1823 876 10

448 898 616 934 Paulum
656 899 715 935 vel
748 899 951 947 apostolos
985 898 1097 946 alios,
1137 900 1184 935 de
1218 908 1368 948 quanto
1402 899 1478 947 ipsi
1511 899 1764 948 blasphema-

447 955 575 992 verint
622 956 662 993 in
707 956 917 994 dominum
956 959 1091 994 Jesum
1132 957 1355 1003 Christum3
1403 959 1472 994 sed
1517 958 1564 993 de
1609 966 1763 1006 quanto

447 1013 523 1062 ipsi
568 1027 612 1051 ex
656 1015 734 1052 fide
778 1015 903 1052 secuti
948 1015 1108 1052 fuerunt
1151 1015 1315 1063 vestigia
1347 1017 1438 1052 Jesu
1477 1014 1624 1062 11ostri3
1671 1015 1762 1052 ideo

448 1071 545 1108 dicit
589 1073 807 1121 Apostolus
855 1075 867 1109 I
909 1075 999 1120 Cor.
1040 1075 1103 1117 XI,
1150 1086 1181 1109 1:
1235 1073 1455 1110 Imitatores
1506 1074 1580 1109 mei
1631 1081 1761 1118 estote,

447 1130 546 1166 sicut
584 1138 619 1166 et
657 1143 730 1181 ego
769 1131 926 1169 Christi.
973 1133 1073 1167 Cum
1115 1143 1208 1179 ergo
1247 1131 1328 1168 vita
1370 1131 1551 1168 Christus
1598 1131 1648 1168 sit
1687 1131 1818 1168 im-15

448 1188 707 1236 peccabiliter
747 1197 843 1225 nota
883 1189 1009 1237 magis
1050 1202 1171 1237 quam
1210 1188 1290 1225 vita
1331 1189 1603 1238 cuiuscunque
1644 1201 1759 1238 pape,

447 1247 592 1283 stultus
639 1247 742 1283 foret
775 1246 841 1295 qui
888 1256 1147 1295 cognosceret
1179 1246 1296 1284 istam
1331 1247 1451 1284 vitam
1492 1256 1528 1283 et
1561 1260 1651 1283 cum
1686 1248 1761 1283 hoc

447 1313 683 1352 sequeretur
717 1304 871 1342 monita
904 1305 992 1342 talis
1028 1317 1148 1353 pape3
1183 1306 1374 1342 debemus
1407 1305 1572 1354 inquam
1597 1304 1760 1342 obedire

448 1362 608 1399 monitis
641 1362 838 1399 viatorum
874 1365 942 1400 sed
975 1363 1126 1411 precise
1160 1364 1207 1399 de
1240 1372 1365 1408 tanto,
1400 1364 1448 1400 de
1481 1371 1632 1412 quanto
1666 1376 1760 1400 con-

447 1429 591 1457 sonant
638 1421 802 1457 monitis
851 1421 1005 1458 domini
1052 1423 1144 1458 „lesu
1190 1421 1351 1458 Christi.
1404 1423 1620 1469 Temptate
1665 1433 1759 1469 ergo
1776 1433 1818 1454 20

446 1478 623 1527 spiritus,
671 1478 702 1515 si
748 1491 792 1515 ex
826 1481 909 1516 Deo
949 1488 1041 1516 sunt
1085 1489 1122 1516 et
1165 1492 1247 1516 non
1287 1479 1461 1527 amplius
1501 1480 1618 1516 facite
1651 1480 1759 1528 quod

447 1549 565 1585 papa,
600 1536 830 1584 cardinalis,
863 1537 1090 1585 episcopus,
1120 1537 1311 1585 prelatus,
1337 1546 1467 1574 rector
1490 1538 1550 1574 vel
1572 1538 1760 1574 sacerdos

446 1594 604 1631 iusserit
636 1594 878 1632 faciendum.

156 1654 432 1705 Thevoblservaqce
503 1654 552 1689 Et
589 1652 665 1690 ista
703 1654 842 1701 regula
887 1662 1078 1702 purgaret
1128 1653 1284 1690 fidelem
1326 1652 1534 1690 ecclesiam
1578 1654 1626 1689 ab
1665 1651 1759 1689 insi-

168 1689 421 1751 wgiiliinssaissliffi
446 1710 603 1759 pieneia
647 1711 897 1748 Antichristi.
946 1714 1027 1748 Nec
1072 1720 1129 1748 est
1167 1711 1358 1760 possibile
1403 1712 1549 1748 habere
1594 1723 1637 1747 ex
1682 1710 1759 1747 fide
1776 1713 1814 1746 25

197 1758 390 1828 fffi'ffiegeffyg
445 1768 642 1817 scripture
665 1770 726 1806 vel
750 1769 913 1806 racione
943 1769 1148 1806 efficacem
1180 1769 1428 1806 evidenciam
1465 1778 1605 1806 contra
1636 1768 1758 1805 istud.

201 1828 385 1855 Antichrist.
445 1827 538 1863 Ideo
572 1836 757 1875 quereret
790 1827 919 1864 fidelis
953 1829 1000 1864 de
1033 1827 1299 1876 indulgenciis
1345 1827 1544 1864 concessis
1584 1839 1606 1863 a
1638 1839 1757 1875 papa,

445 1885 493 1921 de
532 1885 859 1922 absolucionibus
899 1899 920 1922 a
961 1898 1065 1934 pena
1105 1895 1141 1922 et
1176 1886 1294 1934 culpa
1328 1898 1417 1922 cum
1453 1885 1594 1922 ceteris
1627 1884 1756 1921 infun-

445 1942 631 1979 dabiliter
663 1943 862 1981 fabulatis.

173 2001 197 2028 lt
217 2001 320 2039 would
343 2001 404 2063 ffqess
503 2002 551 2037 Et
573 2001 728 2038 utinam
754 2014 866 2050 reges
890 2010 926 2038 et
950 2001 1104 2038 domini
1128 2002 1259 2038 forent
1282 2001 1323 2038 in
1353 2001 1427 2038 ista
1458 2001 1535 2037 fide
1558 1999 1757 2037 catholica
1774 2004 1815 2037 30

182 2038 403 2106 ssgoiffiissntgf
445 2058 630 2106 stabiliti;
673 2069 768 2096 tunc
811 2072 923 2107 reges
968 2068 1005 2096 et
1049 2059 1251 2108 principes
1298 2069 1460 2108 possent
1500 2058 1669 2095 fideliter
1701 2057 1757 2095 sic

197 2105 384 2167 coffissgssfflhs
445 2129 612 2164 arguere
651 2117 918 2154 Antichristo:
972 2119 1053 2154 Nos
1098 2130 1179 2154 non
1224 2126 1407 2154 tenemur
1450 2117 1563 2166 sequi
1608 2129 1754 2165 papam

444 2175 505 2211 vel
538 2175 738 2223 prelatum
772 2175 910 2222 alium,
952 2175 1027 2212 nisi
1061 2177 1109 2212 de
1142 2184 1294 2224 quanto
1327 2175 1412 2224 ipse
1445 2183 1603 2213 secutus
1638 2173 1757 2210 fuerit

444 2232 653 2269 dominum
686 2235 820 2270 Jesum
863 2233 1082 2280 Christum,
1131 2234 1199 2270 sed
1243 2246 1324 2271 non
1369 2234 1493 2271 claret
1535 2231 1651 2270 nobis
1694 2232 1755 2268 vel

443 2290 612 2327 consilio
634 2300 773 2328 nostro
796 2293 905 2340 quod
929 2304 1035 2340 papa
1067 2291 1122 2328 sic
1145 2291 1357 2340 spoliando
1381 2304 1548 2340 regnum
1572 2298 1753 2327 nostrum
1772 2291 1811 2325 35

443 2347 483 2384 in
522 2349 598 2385 hoc
645 2349 826 2397 sequitur
864 2349 1074 2386 dominum
1107 2351 1241 2386 Jesum
1275 2349 1493 2388 Christum.
1537 2349 1629 2385 Ideo
1671 2360 1754 2384 non

443 2407 635 2443 debemus
668 2406 708 2443 in
742 2408 818 2444 hoc
857 2420 960 2456 pape
1001 2407 1162 2444 monitis
1192 2407 1429 2446 consentire.
1461 2410 1590 2444 Docto
1619 2415 1754 2442 tamen

444 2465 552 2511 quod
585 2477 690 2513 papa
723 2464 763 2501 in
797 2466 873 2502 hoc
906 2465 1088 2513 sequitur
1120 2465 1329 2502 dominum
1363 2467 1497 2502 Jesum
1532 2463 1752 2513 Christum,

443 2521 573 2569 parati
605 2535 743 2559 sumus
776 2531 819 2559 ut
852 2523 987 2559 fideles
1016 2523 1087 2559 filii
1111 2523 1274 2560 ecclesie
1298 2523 1378 2560 suis
1402 2522 1564 2560 monitis
1588 2533 1753 2558 consen-

442 2579 529 2616 tire.
583 2579 720 2617 Primo
774 2593 868 2628 ergo
921 2589 1183 2618 evacuaretur
1234 2594 1305 2629 per
1355 2581 1463 2617 istud
1506 2578 1810 2628 principium4o

443 2638 632 2674 collector
684 2651 788 2686 pape
841 2638 1019 2686 spolians
1064 2638 1244 2675 dominia
1296 2651 1434 2687 regum
1488 2646 1605 2685 terre,
1659 2636 1752 2684 quia

442 2703 592 2731 certum
640 2696 755 2731 debet
801 2709 885 2732 esse
924 2696 1106 2733 fidelibus
1147 2696 1301 2733 clericis
1334 2709 1470 2744 regum
1507 2704 1611 2732 terre
1644 2695 1752 2743 quod

511 2838 535 2865 3.
558 2841 599 2865 A:
629 2838 763 2875 Eurepa.
873 2841 899 2866 Γ).
930 2842 971 2868 A:
993 2842 1114 2875 quidem
1134 2842 1228 2868 „icc-³1.
1320 2849 1360 2868 10.
1382 2842 1425 2867 A:
1450 2841 1598 2868 Christum
1621 2839 1751 2865 Petrum.
