1986 3289
188 175 261 215 138
786 183 905 218 opus
931 184 1266 219 EVANGEUCUM
1297 187 1379 219 ΜΒ.
1407 172 1589 229 111.[CA1>.
1612 182 1778 214 xxxvm.

527 294 574 328 Et
622 294 672 328 ad
715 292 821 329 idem
870 293 977 330 vadit
1024 293 1229 342 multiplex
1275 307 1368 342 pars
1407 295 1617 343 scripture,
1671 297 1779 343 quod

469 358 666 398 repugnat
688 350 824 398 papali
855 351 976 387 statui
1018 353 1067 387 ad
1091 353 1341 399 peccandum
1368 361 1404 389 et
1429 352 1565 388 multis
1588 353 1779 400 operibus

468 407 544 443 vite
583 420 665 444 sue.
709 410 810 445 Nam
847 410 952 446 Luce
985 410 1047 455 XI,
1086 410 1132 445 33
1176 409 1271 446 dicit
1306 409 1506 446 Christus:
1554 411 1676 447 Nemo
1717 423 1780 447 ac-

467 466 594 501 cendit
640 466 837 502 Iucernam
883 474 918 503 et
956 474 1077 516 ponat
1115 479 1198 503 eam
1238 467 1274 503 in
1307 468 1530 504 abscondito
1563 480 1681 517 neque
1711 469 1779 504 sub

467 524 595 560 modio
627 525 696 560 sed
727 537 846 573 super
877 525 1153 561 candelabrum
1187 533 1226 561 ut
1255 525 1321 575 qui
1352 526 1630 576 ingrediuntur
1652 527 1813 566 lumen5

467 581 620 617 videant
664 590 730 618 etc.
777 583 1006 618 Secundum
1058 583 1351 631 exposicionem
1408 584 1564 620 fidelem
1617 584 1780 620 lucerna

468 639 542 675 ista
575 648 633 675 est
666 652 810 688 corpus
844 640 1019 677 hominis
1053 649 1089 677 et
1119 642 1285 677 candela
1319 654 1487 678 accensa
1511 641 1594 678 eius
1617 642 1780 690 spiritus

466 697 670 745 sapiencia
703 698 933 746 evangelica
965 698 1199 738 illustratus.
1233 700 1366 736 Homo
1399 708 1532 736 autem
1557 701 1780 736 accendens

465 754 582 791 istam
622 756 829 792 lucernam
870 765 927 792 est
968 756 1194 793 necessario
1234 757 1420 793 dominus
1452 759 1564 794 Jesus
1598 757 1780 794 Christus

465 812 533 861 qui
565 826 647 849 non
679 823 812 861 potest
843 813 964 850 istum
999 814 1119 850 finem
1153 814 1374 862 intendere,
1421 824 1464 851 ut
1502 815 1578 852 ista
1616 816 1780 852 lucerna
1801 835 1838 855 10

465 870 631 908 omnino
675 871 842 908 ecclesie
890 873 1160 909 abscondatur
1203 873 1264 909 vel
1308 882 1351 909 ut
1398 873 1463 909 lux
1521 874 1685 910 candele
1730 874 1779 909 ad

465 928 635 976 gloriam
669 929 876 978 propriam
910 931 970 967 vel
1003 931 1159 967 lucrum
1195 930 1318 967 seculi
1351 931 1597 977 reflectatur,
1637 932 1705 967 sed
1738 939 1781 967 ut

464 988 627 1023 lucerna
671 987 747 1024 ista
791 989 963 1036 pendeat
1007 989 1067 1025 vel
1111 997 1284 1036 ponatur
1328 1001 1448 1037 super
1493 989 1778 1026 candelabrum

465 1054 533 1081 aut
571 1045 611 1081 in
649 1046 738 1082 loco
772 1046 949 1094 publico,
986 1056 1029 1082 ut
1062 1045 1306 1083 intrantibus
1344 1047 1384 1083 in
1416 1048 1582 1083 domum
1617 1046 1781 1084 ecclesie

202 1109 354 1136 Monastic
374 1108 424 1136 life
467 1103 589 1140 libere
632 1104 764 1140 luceat
807 1106 1027 1140 secundum
1076 1105 1284 1141 veritatem
1332 1105 1615 1153 evangelicam.
1661 1106 1709 1141 Et
1748 1105 1836 1146 si15

216 1148 411 1206 cogffirrziasrgsto
465 1173 547 1197 non
584 1160 624 1197 in
657 1161 733 1198 isto
766 1171 872 1198 textu
905 1163 1133 1211 evangelico
1166 1176 1246 1199 non
1278 1163 1421 1211 reperi,
1464 1162 1531 1199 ubi
1565 1162 1780 1211 anagorice

239 1214 390 1248 reaching.
466 1218 608 1255 inclusi
652 1219 694 1255 in
740 1219 941 1268 lapidibus
992 1221 1053 1257 vel
1106 1221 1340 1258 claustrales
1391 1221 1432 1257 in
1483 1221 1570 1269 lege
1616 1220 1779 1257 Domini

465 1278 752 1324 fundarentur3
794 1287 831 1315 et
864 1291 954 1315 cum
996 1278 1059 1315 hic
1093 1291 1176 1315 non
1207 1279 1401 1315 fundatur
1433 1278 1506 1315 ista
1538 1278 1678 1327 religio
1711 1279 1779 1315 sed

465 1344 648 1383 patenter
692 1336 775 1372 eius
819 1336 1066 1385 oppositum,
1112 1346 1222 1385 patet
1261 1338 1370 1385 quod
1414 1349 1496 1373 non
1539 1345 1597 1373 est
1631 1335 1779 1373 Christi

465 1393 604 1441 religio
649 1407 770 1443 quam
816 1394 1007 1431 describit
1056 1396 1228 1432 Jacobus
1273 1396 1341 1431 sed
1393 1394 1534 1443 religio
1579 1394 1838 1435 diabolica20

463 1452 524 1488 vel
565 1452 787 1500 ypocritica
819 1465 896 1501 que
940 1454 988 1489 ab
1027 1452 1115 1501 ipso
1160 1452 1306 1489 dicitur
1346 1466 1444 1488 vana
1489 1453 1641 1504 religio.
1692 1454 1782 1488 Non

464 1518 599 1545 tamen
622 1522 724 1556 nego
747 1510 845 1558 quin
872 1510 962 1547 talis
985 1523 1086 1547 vana
1115 1510 1256 1559 religio
1286 1523 1357 1559 per
1379 1510 1565 1548 accidens
1589 1511 1779 1559 prodesse

463 1567 612 1615 poterit
644 1567 817 1615 furiosis,
852 1568 946 1617 quia
978 1568 1243 1605 includuntur
1270 1568 1310 1605 in
1341 1568 1540 1615 claustris,
1574 1568 1642 1617 qui
1665 1568 1780 1605 aliter

463 1638 605 1662 uxores
650 1625 829 1662 fidelium
876 1626 1083 1673 violarent,
1137 1628 1244 1664 bona
1296 1639 1521 1675 pauperum
1568 1639 1639 1675 per
1682 1639 1779 1674 ypo-

463 1682 597 1720 crisim
642 1683 797 1721 avidius
842 1693 1132 1732 congregarent
1176 1693 1214 1721 et
1256 1684 1392 1721 fideles
1426 1684 1627 1733 copiosius
1660 1683 1836 1725 truci-25

463 1742 604 1778 darent
650 1741 727 1778 nisi
771 1742 812 1778 in
857 1743 1032 1779 claustro
1076 1752 1284 1792 tamquam
1327 1743 1507 1791 ypocrite
1540 1741 1725 1779 absconsi
1757 1754 1780 1779 a

464 1799 647 1836 fidelibus
680 1799 898 1837 latitarent.

885 1936 1023 1978 CAP.
1054 1935 1347 1977 XXXVIII.

191 2036 329 2076 Our'eye
348 2041 432 2077 must
520 2034 662 2069 Adhuc
709 2041 833 2069 restat
879 2032 1014 2069 videre
1055 2033 1103 2069 de
1141 2031 1321 2069 versucia
1360 2031 1566 2080 religionis
1605 2043 1707 2080 pape
1740 2039 1777 2067 et

184 2072 645 2138 b<3³ffl⁵1¹¹1¹51¹51311¹513³·pr0fectu
689 2103 758 2127 sue
796 2090 959 2137 fabrice,
1004 2103 1093 2126 curn
1140 2098 1294 2126 certum
1341 2089 1391 2126 sit
1428 2090 1558 2138 ipsum
1594 2101 1676 2125 esse
1708 2102 1777 2137 pa·
1793 2100 1835 2132 30

174 2142 447 2203 ᾞέῗξεξξὲωὲῑὲὲῐῖ
462 2156 623 2185 tronum
679 2149 891 2185 cuiuslibet
949 2148 1039 2185 talis
1098 2148 1300 2196 religionis
1358 2147 1529 2196 private;
1594 2147 1776 2184 Christus

423 2199 428 2204 ⁸
463 2215 597 2243 autern
645 2206 817 2255 precipit
851 2208 955 2242 Luce
986 2208 1059 2242 X10
1092 2205 1159 2242 ubi
1204 2218 1325 2254 supra
1369 2206 1472 2254 quod
1514 2206 1647 2241 oculus
1690 2212 1776 2241 tuus

461 2265 510 2300 sit
552 2265 734 2314 simplex,
780 2265 856 2301 hoc
901 2273 971 2310 est,
1018 2272 1061 2300 ut
1108 2263 1286 2300 intencio
1324 2273 1391 2300 tua
1430 2264 1480 2300 ad
1520 2262 1773 2300 serviendum

462 2324 546 2359 Deo
589 2323 639 2359 sit
671 2331 802 2369 recta;
848 2323 941 2358 dum
989 2331 1123 2358 autem
1171 2322 1313 2367 honor,
1359 2321 1486 2369 gloria
1526 2321 1586 2358 vel
1618 2321 1772 2357 lucrum

461 2380 672 2428 proprium
704 2381 765 2417 vel
788 2379 957 2417 alicuius
982 2388 1163 2416 creature
1187 2379 1381 2428 queritur,
1416 2379 1543 2427 gloria
1565 2378 1637 2414 Dei
1667 2386 1774 2426 post·
1791 2391 1831 2424 35

460 2438 593 2486 posita
625 2438 761 2476 radius
795 2447 852 2474 est
885 2438 1052 2474 reflexus
1085 2446 1122 2474 et
1154 2450 1236 2473 non
1269 2437 1397 2473 tendit
1430 2436 1579 2474 directe
1614 2448 1770 2472 sursum

460 2498 509 2532 ad
551 2496 720 2544 gloriam
756 2496 827 2532 Dei
860 2496 933 2543 sui,
983 2504 1020 2532 et
1065 2508 1155 2531 cum
1204 2495 1339 2531 radius
1380 2495 1512 2543 gracie
1556 2503 1593 2531 et
1638 2493 1773 2530 radius

528 2633 553 2652 2.
574 2626 618 2652 A:
639 2625 687 2652 vel
702 2625 900 2659 peccandum*
1008 2623 1034 2660 3,
1063 2632 1092 2657 4.
1126 2625 1171 2651 A:
1192 2623 1338 2651 ascendit.
1465 2623 1491 2651 8.
1524 2623 1571 2650 A:
1603 2622 1771 2662 1'llzfstrc1ns.

458 2659 667 2721 Ξὸἁεέἑψίξὲἔ.
689 2659 832 2693 XXXIII;
852 2660 890 2687 B:
911 2659 968 2694 38.
1086 2666 1132 2694 29.
1153 2660 1182 2686 A
1202 2659 1232 2686 in
1254 2666 1368 2693 marg:
1389 2657 1560 2685 Iohannes.
1652 2656 1694 2684 32.
1726 2657 1772 2684 A:

533 2765 580 2797 16.
608 2766 815 2808 anagorice.
843 2766 894 2798 Cf.
920 2767 970 2798 De
991 2764 1113 2798 Officis
1135 2766 1240 2807 Regis
1266 2775 1344 2807 pag.
1376 2763 1449 2804 165,
1475 2764 1496 2795 l.
1524 2765 1566 2797 30
1585 2764 1651 2795 and
1678 2769 1769 2795 note.

460 2814 514 2846 32.
544 2813 657 2844 Lucae
682 2813 735 2851 XI,
766 2813 817 2853 34.
