1986 3289
201 226 288 254 CAP.
310 216 381 273 lv]
589 229 648 260 DE
676 228 992 260 ANTicHRlsTo
1021 228 1105 259 ΜΒ.
1133 228 1156 259 1.
1752 219 1794 254 13

199 335 296 370 teria
319 347 387 371 sua
420 341 454 370 et
477 334 729 384 magnificant
740 334 937 383 fimbrias.
980 334 1214 382 Quicunque,
1249 334 1379 382 inquit
1401 337 1661 380 Jero-J'erome:
1683 341 1731 367 To
1751 346 1799 368 act

199 404 354 439 nymus,
400 392 450 428 ita
486 392 591 440 facit
635 392 840 439 quodlibet,
885 399 925 426 ut
969 392 1149 427 videatur
1190 392 1237 427 ab
1283 392 1509 438 hominibus,
1534 375 1794 437 sssseffsgsssnfgnffi

197 450 324 485 scriba
357 457 412 485 est
443 457 478 485 et
504 449 725 498 phariseus.
773 450 822 484 Ve
854 450 960 485 nobis
992 450 1144 485 miseris
1175 450 1228 484 ad
1256 462 1350 498 quos
1373 450 1511 499 phari-
1526 446 1625 506 32?de
1643 444 1793 513 Ξὴῗιῇξζξξ

197 519 351 543 seorum
386 507 482 543 vicia
515 507 764 544 transierunt.
800 507 990 543 Dominus
1021 519 1105 543 cum
1130 507 1296 543 dedisset
1328 508 1509 543 mandata

166 564 296 614 filegis
322 577 397 613 per
428 564 595 615 Moysen
628 565 679 600 ad
710 572 926 600 extremum
957 565 1102 600 intulit:
1134 565 1297 615 Ligabis
1325 566 1361 600 in
1396 578 1510 601 manu

197 630 275 667 tua,
309 629 343 658 et
375 629 486 658 erunt
518 622 674 658 immota
697 629 784 657 ante
807 623 936 658 oculos
968 630 1073 667 tuos;
1104 630 1138 658 et
1162 630 1216 658 est
1238 635 1391 659 sensus:
1418 636 1510 672 pre-

197 687 305 728 cepta
349 692 432 716 mea
466 679 540 723 sint
571 680 607 714 in
640 692 755 715 manu
788 687 854 715 tua
886 687 926 715 ut
958 692 1074 729 opere
1112 681 1392 729 compleantur,
1437 682 1513 717 sint

198 746 286 773 ante
329 738 458 773 oculos
502 745 587 773 tuos
632 745 671 772 ut
715 737 774 773 die
805 750 850 773 ac
883 745 990 773 nocte
1022 738 1218 774 mediteris
1250 738 1286 773 in
1319 739 1384 775 eis.
1425 739 1512 775 Hoc

193 794 370 844 pharisei
413 795 513 830 male
558 795 856 843 interpretantes
901 795 1119 831 scribebant
1162 796 1198 831 in
1237 797 1512 833 membranulis

145 862 183 883 ¹0
199 853 428 903 decalogum
462 852 610 903 Moysi,
643 853 683 888 id
713 860 781 897 est,
816 853 944 888 decem
978 854 1094 888 verba
1119 853 1218 903 legis
1240 854 1513 903 complicantes

197 919 230 946 et
275 911 441 960 ligantes
484 910 519 945 in
542 911 683 958 fronte
719 917 754 945 et
791 911 900 959 quasi
929 923 1112 946 coronam
1146 912 1282 960 capitis
1303 912 1511 960 facientes,

198 976 237 1004 ut
266 980 420 1016 semper
441 975 527 1003 ante
549 968 680 1004 oculos
703 975 972 1013 moverentur;
1002 969 1105 1017 quod
1127 981 1243 1017 usque
1272 970 1384 1006 hodie
1406 971 1514 1006 Iudei

196 1033 231 1062 et
263 1026 457 1061 Babilonii
478 1026 636 1073 faciunt
679 1033 715 1061 et
746 1026 810 1073 qui
846 1027 916 1062 hoc
948 1026 1126 1062 habuerit
1163 1027 1274 1075 quasi
1303 1028 1512 1078 religiosus

196 1084 231 1119 in
261 1083 417 1132 populis
456 1083 644 1118 videatur.
685 1084 857 1119 Iusserat
895 1096 1041 1133 quoque
1071 1084 1179 1119 aliud
1208 1085 1372 1136 Moyses
1404 1093 1444 1121 ut
1476 1087 1511 1121 in

143 1141 179 1172 15
196 1149 362 1190 quatuor
403 1141 560 1191 angulis
598 1140 811 1189 palliorum
856 1141 1085 1178 iacinthinas
1117 1142 1305 1191 fimbrias
1325 1144 1513 1191 facerent

195 1200 247 1234 ad
278 1199 437 1235 Israelis
464 1199 651 1247 populum
687 1199 974 1245 dinoscendum,
1009 1207 1048 1234 ut
1070 1201 1260 1247 quomodo
1283 1202 1513 1249 corporibus

195 1256 434 1292 circumcisio
466 1256 619 1306 signum
642 1256 802 1293 Judaice
831 1257 962 1307 gentis
984 1257 1107 1300 daret,
1141 1258 1192 1293 ita
1218 1259 1331 1294 vestis
1355 1259 1513 1295 haberet

195 1314 361 1363 aliquam
380 1314 656 1362 differ-eliciam.
681 1315 953 1363 Supersticiosi
974 1315 1141 1351 ministri
1161 1323 1358 1365 captantes
1372 1329 1510 1353 auram

191 1372 421 1421 popularem
454 1379 567 1420 atque
600 1383 650 1408 ex
681 1372 920 1408 mulierculis
950 1380 1140 1409 sectantes
1178 1374 1287 1409 lucra
1310 1374 1513 1422 faciebant

122 1438 180 1466 ,20
195 1430 370 1480 grandes
400 1429 587 1478 fimbrias
633 1437 668 1465 et
715 1430 960 1466 acutiss.·'mas
1004 1431 1040 1465 in
1079 1431 1132 1467 eis
1162 1432 1292 1480 spinas
1325 1433 1511 1482 ligabant,

196 1495 235 1523 ut
268 1487 443 1523 videlicet
474 1487 715 1523 ambulantes
746 1496 782 1523 et
813 1489 986 1524 sedentes
1018 1488 1209 1524 interdum
1239 1499 1513 1540 pungerentur

196 1553 231 1581 et
261 1545 371 1595 quasi
402 1545 473 1581 hac
506 1545 764 1582 commocione
796 1546 1094 1582 retraherentur
1127 1548 1179 1583 ad
1210 1547 1340 1597 officia
1374 1549 1451 1584 Dei
1476 1557 1511 1584 et

194 1602 406 1639 ministeria
448 1603 647 1638 servitutis
690 1603 779 1639 eius.
834 1604 933 1648 Quia
977 1616 1076 1654 ergo
1110 1605 1269 1641 dixerat
1300 1606 1511 1642 Dominus:

201 1660 336 1696 Omnia
370 1672 488 1709 opera
510 1673 578 1696 sua
593 1661 763 1709 faciunt,
788 1668 828 1696 ut
851 1662 1055 1698 videantur
1077 1662 1123 1698 ab
1147 1663 1382 1708 hominibus;
1409 1665 1512 1712 quod

137 1718 176 1750 25
192 1718 432 1768 generaliter
463 1726 680 1764 accusarat⁷
725 1731 823 1755 nunc
859 1719 895 1754 in
934 1727 1072 1768 partes
1104 1720 1253 1756 dividit.
1299 1722 1510 1758 Pictariola

195 1777 261 1811 illa
286 1776 467 1826 decalogi
479 1776 690 1825 philateria
715 1777 914 1822 vocabant,
938 1778 1039 1825 quod
1061 1778 1271 1827 quicunque
1292 1779 1511 1816 habuissent

194 1845 237 1869 ea
269 1833 378 1882 quasi
408 1834 452 1869 ob
485 1834 697 1869 custodiam
745 1842 780 1870 et
813 1843 1098 1871 monumentum
1131 1836 1192 1872 sui
1221 1837 1407 1873 haberent
1439 1850 1511 1873 non

195 1891 492 1941 intelligentibus
521 1892 716 1940 phariseis
747 1893 849 1940 quod
880 1893 948 1928 hec
980 1893 1015 1928 in
1049 1894 1166 1930 corde
1194 1896 1392 1943 portanda
1423 1904 1512 1931 sunt

196 1961 266 1985 non
321 1949 356 1984 in
406 1961 595 1998 corpore,·
648 1950 814 1998 alioquin
861 1957 896 1986 et
938 1951 1115 1986 armaria
1162 1959 1196 1987 et
1240 1965 1331 1988 arce
1374 1954 1512 1989 habent

125 2008 179 2057 ν30
195 2007 315 2042 libros
347 2013 382 2042 et
414 2007 591 2043 noticiam
626 2007 702 2043 Dei
732 2020 804 2044 non
838 2009 987 2044 habent.
1022 2009 1110 2045 Hoc
1141 2011 1246 2058 apud
1278 2023 1345 2046 nos
1376 2024 1511 2060 super·

73 2050 155 2093 40:³³
194 2064 345 2100 sticiose
378 2065 604 2100 muliercule
635 2065 671 2100 in
699 2065 838 2113 parvis
860 2067 1072 2116 evangeliis
1095 2075 1130 2102 et
1157 2069 1193 2102 in
1216 2069 1343 2104 crucis
1371 2066 1374 2119 Ι
1404 2070 1510 2119 ligno

195 2129 229 2158 et
261 2122 296 2157 in
329 2122 543 2158 illiusmodi
580 2123 693 2159 rebus
731 2135 801 2171 que
833 2124 970 2159 habent
1001 2125 1152 2172 quidem
1185 2126 1311 2177 zelum
1342 2127 1419 2162 Dei
1443 2128 1512 2163 sed

195 2191 267 2215 non
311 2181 518 2215 secundum
561 2180 763 2216 scienciam
808 2193 925 2229 usque
968 2182 1081 2218 hodie
1115 2183 1305 2230 factitant
1352 2185 1508 2221 culicem

196 2237 395 2285 liquantes,
452 2238 638 2273 camelum
692 2239 925 2288 glucientes;
974 2239 1192 2276 istiusmodi
1228 2249 1313 2278 erat
1347 2242 1509 2292 fimbria

138 2306 318 2343 35parva
351 2302 386 2330 et
417 2295 544 2331 brevis
576 2307 627 2331 ex
658 2296 745 2346 lege
763 2304 948 2346 precepta
975 2309 1088 2345 quam
1122 2306 1157 2334 et
1189 2300 1330 2335 mulier
1352 2300 1418 2335 illa
1442 2313 1511 2349 que

195 2353 384 2402 sanguine
418 2353 569 2402 fluebat
612 2353 738 2404 tetigit
785 2354 820 2389 in
860 2355 984 2402 pallio
1030 2355 1208 2400 I)onn'ni,·
1251 2358 1423 2393 sednon
1456 2366 1510 2394 est

196 2417 421 2458 compuncta
465 2411 747 2459 supersticiosis
789 2412 962 2448 sensibus
1001 2414 1275 2461 plmriseormn
1310 2416 1511 2465 magisque

195 2475 330 2503 sanata
362 2468 414 2503 ad
444 2475 585 2504 tactum
619 2469 711 2508 eius.
746 2470 829 2505 Hec
860 2471 1110 2517 Jeronymus.

264 2672 290 2692 2.
312 2666 356 2692 A:
377 2665 533 2700 quidlibet.
626 2667 666 2693 16.
688 2668 849 2702 populum:
870 2668 913 2694 A:
934 2675 1025 2702 papa.
1112 2677 1150 2702 ¹7-
1172 2669 1288 2697 (lodda
1308 2671 1509 2699 sircmnsicio.

196 2705 239 2733 22,
261 2698 305 2725 23.
326 2701 370 2726 A:
394 2701 426 2727 ia
446 2704 498 2735 est,
520 2701 701 2728 ministeria.
792 2702 835 2729 32.
857 2702 896 2729 [ἐς
918 2703 1005 2730 istius
1023 2703 1117 2730 modi.

271 2794 296 2822 ι,
326 2794 355 2815 2.
383 2785 430 2815 St.
458 2785 675 2827 Hieronymi,
704 2786 1045 2818 Commentariorum
1073 2788 1103 2818 in
1132 2788 1342 2820 Matthaeum
1371 2789 1428 2821 lib.
1455 2791 1510 2830 IV,

196 2829 217 2860 1.
246 2840 272 2860 c.
301 2841 321 2871 p
365 2829 441 2861 182.
517 2832 546 2862 5.
573 2832 675 2863 Dent.
702 2833 758 2871 vl,
785 2832 805 2863 8
896 2843 945 2873 14.
973 2834 1075 2865 Num.
1102 2835 1175 2874 XV,
1204 2834 1256 2868 38.
