1986 3289
720 803 856 844 CAP.
891 804 925 843 I.

221 899 382 936 Dictum
417 908 474 935 est
508 899 690 947 superius
724 899 831 947 quod
863 898 1010 935 tercius
1054 906 1248 934 tractatus
1282 896 1475 945 evangelii

165 966 242 994 stat
273 957 314 993 in
347 969 533 994 sermone
579 969 697 1004 quem
742 957 835 993 fecit
870 956 1066 993 Dominus
1099 955 1362 992 valedicendo
1395 954 1476 991 suis

165 1014 370 1063 discipulis
423 1015 486 1051 die
531 1027 639 1065 cene,
695 1014 820 1051 eciam
874 1023 952 1051 stat
996 1014 1036 1050 in
1078 1013 1266 1062 capitulis
1299 1013 1477 1061 quinque

133 1073 356 1109 §Johannis
390 1086 411 1109 a
443 1074 528 1108 XIII
562 1072 644 1109 eius
679 1072 856 1120 capitulo
888 1085 1015 1120 usque
1049 1074 1099 1108 ad
1132 1074 1233 1108 XVII
1268 1071 1473 1108 inclusive.

166 1131 354 1167 Continet
387 1139 520 1167 autem
555 1131 627 1167 hec
659 1130 879 1167 valediccio
915 1131 1059 1166 multas
1098 1130 1259 1178 pulcras
1292 1138 1329 1166 et
1361 1138 1477 1166 nota-

166 1188 264 1224 biles
298 1188 545 1236 evangelicas
577 1188 777 1225 veritates.
825 1187 932 1224 Dicit
965 1197 1098 1224 autem
1141 1187 1305 1236 quidam
1339 1186 1478 1235 postil-

165 1247 251 1283 Ians
296 1247 404 1294 quod
434 1248 545 1282 Jesus
594 1245 835 1283 confortavit
880 1259 973 1282 suos
1007 1245 1226 1293 discipulos
1269 1254 1362 1282 ante
1395 1244 1478 1281 eius

166 1313 337 1341 mortem
362 1313 444 1340 tam
469 1303 634 1340 salutari
668 1304 850 1352 exemplo
883 1317 1002 1352 quam
1037 1305 1172 1350 verbo,
1208 1311 1245 1339 et
1277 1305 1352 1340 hoc
1385 1303 1479 1338 luna

113 1377 151 1398 10
168 1361 324 1398 decima
377 1371 521 1410 quarta
565 1362 605 1398 in
651 1362 763 1398 cuius
807 1374 972 1409 vespera
1012 1361 1302 1398 immolabatur
1335 1373 1478 1408 agnus3

167 1428 204 1456 et
248 1419 396 1468 incepit
440 1419 703 1468 solempnitas
749 1419 949 1467 paschalis
982 1432 1059 1468 que
1092 1419 1213 1456 fiebat
1252 1420 1348 1455 luna
1380 1419 1478 1463 XIV,

167 1487 209 1513 ut
245 1486 353 1525 patet
376 1477 502 1514 Exodi
534 1478 595 1513 Xl.
629 1479 743 1514 Tunc
776 1486 911 1514 autem
945 1477 1018 1513 fuit
1051 1486 1210 1525 tempus
1241 1489 1479 1525 congruum,

166 1544 209 1571 ut
242 1544 331 1584 post
364 1535 691 1572 immolacionem
717 1535 842 1583 figure
866 1536 1147 1572 immolaretur
1171 1535 1358 1571 dominus
1382 1534 1480 1582 figu-

167 1602 288 1640 ratus,
340 1606 422 1629 non
466 1593 617 1630 inscius
661 1595 734 1630 nec
766 1593 1061 1630 involuntarius
1094 1595 1162 1629 sed
1195 1605 1239 1629 ex
1271 1591 1481 1641 sapientis-

113 1651 268 1687 15sima
301 1650 613 1699 preordinancia
646 1651 718 1688 Dei
752 1660 902 1698 eterna,
937 1660 973 1688 et
1005 1651 1060 1688 ita
1093 1664 1174 1688 non
1209 1663 1251 1687 ex
1283 1651 1404 1696 facto,
1438 1659 1481 1686 ut

167 1709 304 1746 dicunt
337 1708 516 1755 heretici,
561 1711 631 1746 sed
665 1722 708 1746 ex
740 1709 986 1757 prescienCIa
1027 1718 1176 1755 eterna,
1222 1717 1265 1744 ut
1305 1715 1483 1745 transeat

167 1768 217 1803 ad
260 1775 414 1815 patrem
469 1769 689 1804 secundum
734 1767 1029 1804 humanitatem
1076 1766 1290 1815 dupliciter
1333 1765 1482 1815 glorifi-

169 1826 353 1864 eandam.

226 1881 277 1919 Et
311 1884 672 1930 correspondentes
695 1884 745 1919 ad
769 1882 887 1919 istam
921 1882 1170 1920 sentenciam
1205 1881 1300 1918 dicit
1333 1890 1481 1918 textus:

112 1953 153 1974 20
168 1940 265 1976 Ante
297 1941 396 1976 diem
440 1949 566 1977 antem
595 1942 747 1990 festum
781 1942 929 1977 Pasche
966 1941 1090 1977 sciens
1120 1941 1231 1977 Jesus
1262 1940 1350 1990 quia
1384 1940 1485 1976 venit

168 1998 267 2034 hora
300 1998 379 2034 eius
423 2006 463 2034 ut
509 2006 683 2035 transeat
730 1999 776 2034 de
815 1999 886 2035 hoc
924 2000 1066 2035 mundo
1099 1999 1151 2034 ad
1176 2006 1345 2048 patrem,
1398 2010 1483 2034 cum

41 2056 124 2100 432b
169 2056 371 2092 dilexisset
401 2068 492 2092 suos
514 2057 709 2105 quierant
741 2057 777 2092 in
811 2057 967 2103 mundo,
1002 2057 1037 2092 in
1060 2056 1183 2106 finem
1214 2054 1218 2108 Ι
1248 2055 1386 2092 dilexit
1408 2067 1483 2092 eos.

168 2113 221 2149 Et
271 2126 361 2149 cena
395 2115 510 2163 facta
563 2127 647 2151 cum
685 2114 860 2151 diabolus
904 2115 1069 2151 misisset
1101 2114 1136 2150 in
1187 2126 1255 2151 cor
1290 2114 1401 2160 Jude,
1446 2120 1486 2148 ut

169 2172 345 2207 traderet
375 2184 459 2207 eum
481 2173 604 2209 Judas
636 2173 802 2209 Simonis
825 2173 1053 2219 Scariothis‚
1084 2172 1206 2209 sciens
1237 2171 1325 2221 quia
1359 2171 1485 2207 omnia

115 2232 154 2264 25
172 2229 275 2265 dedit
307 2229 341 2265 ei
366 2237 485 2279 pater
528 2231 563 2266 in
609 2242 744 2266 manus
786 2243 877 2267 suas
916 2237 950 2266 et
988 2230 1090 2279 quod
1120 2243 1141 2266 a
1175 2231 1260 2266 Deo
1299 2229 1420 2265 exivit
1452 2236 1487 2265 et

170 2288 222 2322 ad
254 2288 378 2323 Deum
413 2288 531 2334 vadit,
575 2288 705 2338 surgit
742 2301 764 2323 a
810 2301 900 2324 cena
945 2295 979 2324 et
1004 2288 1115 2337 ponit
1146 2288 1369 2324 vestimenta
1402 2299 1485 2323 sua.

229 2347 357 2393 Super
406 2358 484 2393 quo
523 2346 788 2393 Augustinus:
848 2346 948 2381 Cena
982 2346 1143 2382 Domini
1179 2345 1388 2382 secundum
1420 2345 1485 2380 Jo-

172 2402 332 2438 hannem
366 2403 573 2439 adiuvante
604 2404 685 2453 ipso
719 2404 853 2439 debitis
884 2411 940 2440 est
977 2404 1210 2452 explicanda
1244 2403 1484 2447 tractatibus,

172 2467 207 2495 et
240 2468 279 2496 ut
310 2461 417 2497 nobis
454 2473 570 2510 posse
603 2462 804 2497 donaverit
851 2462 1111 2511 explananda.
1160 2462 1311 2497 Pascha
1345 2468 1486 2506 autem,

243 2656 267 2684 3.
288 2659 332 2685 A:
354 2658 385 2685 in
406 2659 468 2685 illis
480 2659 623 2694 quinque.
697 2667 722 2692 7.
745 2660 789 2686 A:
812 2658 905 2686 ducit.
983 2658 1011 2686 8.
1030 2659 1075 2685 A:
1095 2656 1299 2693 confortanii.
1373 2665 1418 2693 27.
1439 2659 1483 2684 A:

173 2700 232 2727 quo
253 2692 353 2727 deest;
380 2693 421 2719 ib.
442 2694 471 2720 A
491 2693 520 2720 in
544 2701 660 2729 marg:
687 2693 887 2729 Augustinus.
992 2692 1111 2727 28-29.
1132 2695 1175 2721 A:
1198 2692 1486 2719 tractatibus—ex-

171 2726 332 2761 plananda
355 2727 450 2755 deest.

247 2820 299 2841 20.
330 2810 408 2842 Joh.
447 2811 532 2849 XIII,
578 2821 673 2851 1—4.
809 2821 862 2852 27.
899 2812 931 2842 S.
966 2811 1148 2852 Augustini
1176 2811 1211 2841 in
1241 2810 1320 2842 Joh.
1353 2811 1487 2851 Evang.

176 2866 250 2898 cap.
276 2857 361 2888 XIII.
389 2857 503 2888 Tract.
527 2858 598 2888 LV.
627 2857 718 2900 Opp.
745 2858 798 2897 III,
828 2867 857 2897 2,
884 2867 960 2899 pag.
988 2856 1065 2889 653.

1681 237 1758 286 287

1516 903 1594 931 This
1615 903 1739 930 treatise

1498 939 1552 965 has
1573 942 1603 965 to
1624 938 1663 965 do
1684 937 1759 964 with

1525 974 1577 1000 the
1597 973 1731 1000 fareweIl

1520 1008 1682 1035 discourse
1703 1007 1738 1034 of

1511 1042 1616 1070 Christ
1635 1047 1666 1069 to
1686 1042 1743 1069 His

1553 1077 1709 1112 disciples.

1545 1112 1625 1139 John
1647 1112 1716 1139 XIII

1554 1151 1585 1174 to
1608 1147 1704 1175 XVII.

1547 2349 1731 2384 Augustine,
