1986 3289
168 217 241 253 188

170 682 301 710 Christ's
323 682 426 709 words

170 718 265 753 imply
285 717 350 743 that
371 718 414 743 Ηο

208 752 310 778 would
333 756 386 778 not

159 787 286 822 appoint
307 794 322 813 a
337 786 430 813 vicar.

166 2057 190 2085 3.
211 2057 278 2085 The
300 2057 423 2085 Church

166 2093 268 2120 would
284 2093 319 2119 bc
335 2093 431 2119 better

176 2129 307 2154 without
328 2136 407 2162 pope

193 2170 228 2189 01·
249 2162 388 2197 prelates.

757 225 874 257 Opus
902 225 1236 257 EVANGELICUM
1272 225 1354 257 ΜΒ.
1382 226 1435 256 111.
1583 215 1688 269 [CAP.
1710 225 1757 253 LI.

450 330 737 367 beatitudinem
772 339 1018 378 meruerunt,
1056 340 1165 379 patet
1199 331 1414 368 conclusio.
1455 331 1495 368 Si
1528 331 1632 368 enim
1664 332 1757 369 fuis-

447 397 533 424 sent
567 396 646 425 tam
682 388 894 425 necessarii
937 389 986 425 ad
1020 388 1320 425 edificacionem
1356 388 1530 435 ecclesie,
1577 389 1758 426 Christus

448 458 527 482 non
560 445 903 482 introduccionem
940 458 1090 492 eorum,
1125 448 1285 495 quando
1319 447 1406 494 plus
1441 446 1575 483 floruit
1607 455 1644 484 et
1676 460 1758 484 cre—

447 503 501 539 vit
537 503 715 549 ecclesia,
750 503 950 541 tacuisset.
986 506 1097 540 Patet
1125 516 1169 540 ex
1204 503 1518 552 omnipotencia‚
1554 517 1597 541 ex
1629 505 1758 541 omni-

448 560 619 597 sciencia
652 573 697 597 ac
731 573 774 597 ex
807 574 963 597 summa
987 561 1260 598 benivolencia
1293 562 1444 598 domini
1475 564 1566 599 ,Iesu
1590 562 1789 608 Christi35

448 627 484 654 et
517 618 572 655 sic
596 631 639 655 ex
663 619 739 655 fide
773 619 971 655 catholica
993 619 1161 655 infertur
1194 619 1269 656 ista
1293 620 1498 656 conclusio
1533 620 1754 657 manifeste.

506 678 553 712 Et
599 676 861 713 confirmatur
906 689 948 713 ex
994 677 1070 713 fide
1115 677 1309 725 evangelii
1341 679 1428 714 Joh.
1462 679 1560 725 XVI,
1607 690 1644 725 7,
1690 678 1756 714 ubi

449 734 630 770 Christus
674 734 714 770 in
748 747 919 782 persona
951 747 1115 771 suorum
1149 736 1425 782 apostolorum
1467 735 1563 771 dicit
1595 748 1664 772 sue
1697 748 1757 772 ec-

448 792 584 828 clesie:
617 793 792 841 Expedit
823 792 928 828 vobis
960 800 1000 828 ut
1031 805 1103 843 ego
1128 794 1279 828 vadam,
1315 794 1357 828 Si
1386 793 1483 829 enim
1508 805 1580 829 non
1612 794 1755 839 abiero,

442 849 661 898 paraclitus
699 863 771 886 non
810 850 932 886 veniet
969 851 1020 885 ad
1060 863 1139 896 vos,
1177 851 1211 886 si
1246 858 1371 886 autem
1410 851 1553 897 abiero,
1607 851 1754 887 mittam
1776 864 1813 884 10

447 920 531 943 eum
563 908 615 943 ad
647 920 725 945 vos.
762 907 815 943 Ex
847 920 926 956 quo
949 916 1056 944 textu
1090 908 1226 944 fideles
1250 908 1412 944 eliciunt
1444 909 1552 956 quod
1575 908 1755 945 Christus

448 964 515 1013 qui
563 965 747 1012 promisit
791 965 872 1001 suis
926 965 1108 1002 fidelibus
1142 967 1249 1014 quod
1294 975 1473 1002 maneret
1526 979 1615 1002 cum
1661 966 1756 1014 ipsis

446 1035 571 1071 usque
616 1024 666 1059 ad
711 1022 1063 1060 consumacionem
1112 1023 1233 1060 seculi
1277 1024 1402 1060 voluit
1446 1032 1640 1072 perpetuo
1673 1023 1756 1060 sine

446 1081 516 1116 tali
550 1080 699 1116 vicario
733 1081 773 1116 in
806 1081 1017 1117 celestibus
1051 1081 1235 1127 residere,
1282 1090 1324 1117 ut
1357 1081 1396 1118 in
1446 1081 1756 1118 conversacione

447 1147 566 1186 atque
611 1137 829 1175 affeccione
871 1139 1087 1187 aspirando
1131 1141 1181 1175 ad
1213 1139 1373 1176 celestia
1414 1139 1608 1187 colligunt
1640 1139 1812 1175 affec-15

448 1196 604 1232 cionem
638 1209 749 1232 suam
797 1196 836 1232 in
870 1197 1042 1233 Domino
1075 1206 1112 1233 et
1144 1210 1224 1233 non
1257 1209 1327 1245 per
1359 1196 1755 1245 pseudovicariorum

449 1253 664 1302 ypocrisim
711 1255 967 1291 seducantur.
1020 1254 1146 1291 Aliter
1185 1254 1288 1291 enim
1323 1263 1457 1303 posset
1489 1254 1756 1291 Antichristus

446 1313 635 1348 seducere
669 1311 897 1359 militantes,
944 1321 980 1348 et
1024 1312 1210 1360 fingendo
1258 1313 1365 1360 quod
1409 1312 1493 1360 ipse
1526 1312 1575 1348 sit
1609 1312 1755 1348 Christi

445 1369 629 1413 vicarius,
675 1382 756 1405 non
787 1371 970 1406 obstante
1003 1372 1109 1418 quod
1149 1370 1198 1407 sit
1230 1370 1303 1406 sibi
1336 1383 1492 1406 summe
1532 1370 1756 1406 contrarius

447 1427 484 1462 in
518 1427 597 1463 vita
642 1436 678 1463 et
713 1428 904 1474 moribus,
958 1430 1114 1464 turbam
1151 1428 1397 1464 incredulam
1439 1430 1583 1464 ducere
1616 1429 1666 1464 ad
1699 1428 1756 1463 in·
1771 1440 1814 1461 20

446 1485 614 1521 fernum.
661 1485 807 1521 Christi
853 1485 957 1521 enim
998 1486 1252 1522 conversacio
1284 1485 1325 1521 in
1358 1486 1525 1522 ecclesia
1560 1485 1756 1522 militante

447 1543 547 1578 foret
580 1543 744 1579 ecclesie
778 1542 832 1578 illi
858 1543 1056 1580 salubrior
1088 1557 1207 1592 quam
1239 1545 1495 1580 conversacio
1528 1543 1617 1580 talis
1640 1556 1753 1591 pape.

447 1603 492 1636 Et
525 1609 660 1636 tamen
684 1600 862 1637 Christus
885 1613 975 1637 vere
998 1601 1092 1637 dicit
1116 1602 1222 1649 quod
1247 1601 1322 1637 nisi
1354 1601 1437 1649 ipse
1459 1601 1613 1648 abierit,
1641 1614 1755 1649 para-

447 1658 562 1694 clitus
596 1671 676 1694 non
709 1658 840 1694 veniet
873 1660 922 1695 ad
956 1659 1165 1696 ecclesiam
1192 1659 1444 1695 militantem.
1479 1661 1527 1694 Et
1559 1668 1753 1707 quantum

447 1717 495 1751 ad
529 1715 710 1763 argucias
744 1716 888 1764 quibus
912 1716 1073 1765 fingitur
1104 1716 1319 1754 necessitas
1352 1716 1443 1753 talis
1465 1716 1604 1753 vicarii
1637 1729 1753 1764 quem
1772 1718 1811 1749 25

447 1773 582 1809 fideles
615 1773 827 1810 nominant
859 1774 1164 1824 Antichristum‚
1198 1783 1306 1823 patet
1339 1776 1447 1823 quod
1480 1786 1616 1810 earum
1650 1775 1755 1811 solu-

447 1831 507 1867 cio
542 1844 622 1867 non
655 1840 712 1868 est
744 1831 864 1880 digna
896 1833 1103 1869 memoria.
1136 1834 1277 1869 Petrus
1309 1832 1412 1868 enim
1448 1839 1482 1868 et
1514 1832 1633 1868 ceteri
1662 1844 1754 1881 apo-

448 1890 537 1925 stoli
569 1902 659 1925 cum
685 1889 890 1926 Clemente
923 1899 960 1926 et
984 1890 1124 1926 ceteris
1148 1890 1398 1927 adiutoribus
1431 1889 1470 1926 in
1494 1889 1569 1926 fide
1593 1889 1754 1926 Domini

445 1960 517 1983 non
549 1948 718 1996 suerunt
752 1960 854 1997 pape
885 1950 952 1984 sed
997 1948 1094 1984 socii
1136 1957 1172 1984 et
1206 1949 1506 1996 quodammodo
1539 1947 1609 1983 Dei
1643 1947 1755 1983 adiu-

445 2013 551 2041 tores
584 2006 632 2040 ad
667 2004 936 2041 edificandum
971 2018 1083 2042 suam
1119 2006 1341 2042 ecclesiam.
1771 2007 1812 2039 30

502 2062 646 2098 Tereia
680 2063 884 2099 conclusio
917 2072 975 2100 est
1008 2065 1097 2100 hec:
1134 2063 1300 2100 Racioni
1331 2071 1523 2099 consonat
1564 2072 1601 2098 ct
1633 2062 1755 2110 scrip-

446 2128 533 2156 ture
567 2122 674 2168 quod
707 2133 787 2156 non
831 2120 1021 2157 existente
1065 2134 1169 2169 papa
1203 2121 1337 2169 aliquo
1377 2122 1435 2157 vel
1469 2120 1661 2157 cardinali
1696 2120 1754 2155 vel

446 2190 617 2226 persona
662 2178 796 2226 aliqua
841 2180 889 2214 de
923 2179 997 2215 hiis
1029 2179 1146 2215 sectis
1193 2188 1369 2227 quatuor
1406 2177 1643 2214 introductis
1675 2190 1754 2213 non

448 2235 580 2271 minus
626 2237 693 2271 sed
733 2236 994 2283 probabiliter
1034 2236 1175 2272 melius
1214 2246 1336 2273 staret
1377 2236 1550 2272 militans
1589 2235 1754 2271 ecclesia

447 2293 486 2328 in
530 2293 606 2329 fide
652 2302 687 2329 et
721 2293 933 2330 virtutibus
971 2307 1092 2342 quam
1128 2296 1248 2330 modo
1293 2303 1380 2332 stat.
1429 2295 1541 2330 Patet
1580 2306 1622 2329 ex
1662 2296 1809 2329 con-35

448 2351 625 2387 elusione
657 2351 837 2398 proxima
860 2361 896 2388 et
920 2352 1117 2400 principio
1151 2352 1242 2388 fidei
1276 2360 1393 2400 capto
1418 2364 1460 2387 ex
1494 2350 1754 2387 ordinacione

448 2408 600 2444 domini
644 2410 733 2444 Jesu
768 2409 928 2445 Christi.
981 2409 1106 2445 Aliter
1150 2409 1253 2445 enim
1288 2409 1469 2446 Christus
1502 2408 1754 2456 culpabiliter

448 2466 666 2502 dimitteret
716 2466 809 2503 istas
843 2476 970 2503 sectas
1010 2478 1046 2503 et
1079 2479 1121 2503 ex
1167 2467 1307 2503 effectu
1353 2468 1428 2503 hoc
1472 2466 1577 2502 idem
1611 2465 1752 2511 evidet‚

448 2536 537 2559 cum
570 2524 801 2560 notabiliter
833 2524 955 2561 crevit
978 2524 1145 2561 ecclesia
1178 2533 1393 2573 antequam
1428 2524 1500 2560 iste
1533 2532 1638 2559 secte
1672 2523 1751 2559 fue-

448 2590 535 2617 rant
568 2581 814 2628 introducte3
867 2591 904 2618 et
936 2584 1152 2618 secundum
1188 2591 1346 2630 tempus
1391 2583 1497 2630 quod
1542 2581 1614 2617 iste
1646 2589 1810 2623 secte4o

448 2640 534 2687 plus
558 2648 762 2676 creverant
780 2640 817 2675 in
835 2640 912 2675 fide
935 2649 971 2675 et
994 2640 1253 2677 observancia
1276 2640 1371 2687 legis
1387 2639 1562 2683 Domini,
1586 2638 1752 2674 ecclesia

448 2842 457 2867 Ι
518 2815 555 2868 1d7.
585 2808 626 2833 A:
656 2807 748 2834 aliter
774 2816 843 2834 non.
952 2806 990 2834 31.
1021 2808 1047 2834 A
1077 2807 1105 2834 in
1135 2815 1248 2841 marg:
1287 2807 1395 2834 Tereia
1424 2806 1601 2837 conclusio:
1631 2806 1671 2832 ib.
1704 2806 1748 2832 A:

457 2850 501 2868 lec
543 2847 613 2867 cesi.
