1986 3289
183 214 349 272 CAP.11.]
567 229 626 259 DE
654 227 967 259 ANTicHaisTo
995 228 1078 258 ΜΒ.
1107 228 1143 258 11.
1698 231 1771 268 291

182 347 329 371 nomen
375 333 627 382 prolaciones
661 334 851 381 dispares,
897 342 939 369 ut
985 342 1095 381 patet
1134 334 1173 369 in
1206 333 1388 381 Anglic0.
1443 336 1490 369 Et

183 401 378 429 consonat
401 392 648 439 evangelium
675 391 841 427 Matthei
875 393 1007 437 XXVI,
1043 392 1109 440 69,
1143 391 1267 428 Marci
1290 393 1388 435 XIV,
1425 402 1489 441 70,

184 459 221 486 et
254 452 358 486 Luce
398 451 513 494 XXII,
561 460 632 499 59:
686 449 738 484 Et
781 456 819 484 tu
852 461 902 484 ex
935 449 1132 498 discipulis
1183 450 1262 485 eius
1306 462 1356 495 es,
1402 450 1489 498 quia

188 508 359 544 Galileus
391 520 441 544 es.
482 508 583 543 Nam
617 514 652 542 et
683 507 832 555 loquela
865 514 928 542 tua
953 507 1198 554 manifestum
1232 515 1266 543 te
1289 507 1405 555 facit.
1442 509 1490 542 Et

150 560 237 601 5sic
274 565 450 602 creditur
482 566 589 613 quod
624 565 775 600 Pascha
808 566 979 600 Grecum
1013 564 1145 612 signat
1177 564 1420 612 passionem.

239 622 449 659 Moralizat
481 631 613 659 autem
639 622 885 670 Augustinus
909 622 1062 658 Pascha
1095 624 1203 670 quod
1236 631 1349 658 notat
1382 631 1489 658 tran·
1568 639 1647 667 How
1667 641 1718 668 the

183 680 299 716 situm
335 680 375 716 in
408 681 548 727 Ebreo,
598 682 804 728 quomodo
837 680 966 727 signat
1005 681 1054 716 ad
1086 680 1240 716 literam
1276 679 1489 716 transitum
1522 676 1753 737 Ρῗὸδένξὲῑίξδᾶ

184 738 357 775 filiorum
391 738 511 774 Israel
545 739 592 773 de
616 737 773 785 Egipto,
809 746 845 774 et
879 737 981 773 sicut
1014 738 1178 785 angelus
1202 737 1387 774 transivit
1420 749 1490 785 per
1539 717 1747 783 efissctpftne

183 797 324 832 domos
357 795 531 832 filiorum
556 796 674 832 Israel
697 796 995 841 salvandorum,
1031 805 1067 831 et
1100 795 1168 831 ubi
1201 795 1384 832 inventus
1416 794 1490 831 fuit
1570 779 1708 806 Passmn.

181 853 340 901 sanguis
385 853 474 901 agni
515 866 635 901 super
673 862 828 901 postem
861 852 1009 897 linitus,
1056 855 1220 889 domum
1260 853 1369 889 illam
1402 865 1489 900 per-

130 918 166 938 10
182 911 337 947 transiit
371 920 407 947 et
444 923 527 946 non
561 911 698 947 nocuit
732 910 912 957 Hebreis,
959 910 1061 946 sicut
1094 912 1266 947 nocebat
1300 910 1488 959 Egipciis,

181 968 236 1005 sic
269 969 336 1005 ubi
379 968 575 1004 liniuntur
619 968 824 1004 christiani
857 967 1121 1016 spiritualiter
1167 969 1359 1016 sanguine
1399 967 1490 1015 agni

183 1026 320 1062 mundi
354 1027 394 1062 in
417 1027 568 1062 Pascha
601 1026 762 1072 Christi,
796 1026 1019 1062 liberantur
1051 1028 1099 1062 ab
1125 1026 1339 1074 Egipciaca
1372 1025 1490 1062 servi-

182 1093 266 1120 tute
299 1084 446 1120 diaboli
479 1085 723 1120 transeundo
757 1085 807 1120 ad
840 1084 1066 1120 libertatem
1103 1084 1172 1120 filii
1198 1084 1281 1120 Dei.
1316 1086 1363 1119 Et
1396 1083 1489 1119 hinc

181 1151 368 1189 satagunt
392 1141 597 1178 christiani
622 1143 728 1189 quod
753 1142 965 1189 columpne
1000 1141 1090 1178 fidei
1114 1151 1322 1190 tamquam
1357 1150 1489 1189 postes

130 1202 165 1234 15
182 1199 442 1247 spiritualiter
475 1199 659 1247 passione
692 1199 855 1235 Domini
888 1199 967 1236 sint
999 1199 1123 1235 linite.
1161 1202 1209 1235 Et
1243 1200 1490 1236 concordant

181 1256 391 1293 nominum
443 1257 799 1304 interpretaciones
850 1257 990 1308 Egipti
1039 1259 1147 1305 quod
1201 1257 1490 1305 interpretatur

181 1315 336 1351 tenebra
376 1324 412 1351 et
455 1315 580 1351 Israel
622 1316 730 1363 quod
769 1314 1056 1362 interpretatur
1089 1315 1148 1350 vir
1181 1315 1310 1350 videns
1342 1315 1491 1359 Deum,·

183 1382 219 1409 et
251 1372 352 1409 sicut
383 1372 537 1420 Egipcii
570 1385 640 1420 per
673 1385 783 1409 mare
816 1374 865 1409 ad
897 1372 1103 1409 interitum
1143 1373 1400 1417 transierunt,
1434 1372 1489 1408 sic

181 1430 362 1467 infideles
406 1431 473 1478 qui
517 1443 598 1467 non
632 1430 869 1478 sanguinem
910 1430 1071 1466 Domini
1111 1439 1204 1466 sunt
1236 1430 1338 1466 liniti
1383 1439 1489 1466 tran-

125 1497 297 1524 20seunt
348 1500 418 1535 per
462 1497 631 1524 mortem
677 1490 725 1524 ad
769 1487 990 1533 interitum,
1030 1488 1213 1524 fidelibus
1247 1501 1268 1524 a
1301 1488 1490 1524 servitute

182 1545 329 1582 diaboli
362 1545 551 1582 liberatis.
586 1548 633 1581 Et
658 1545 827 1582 breviter
858 1554 997 1582 notata
1028 1554 1112 1582 tota
1137 1545 1303 1582 historia
1337 1545 1490 1581 mistice

181 1612 313 1651 potest
345 1604 487 1651 exponi
520 1603 688 1651 quilibet
720 1616 853 1639 sermo
887 1604 984 1640 eius.

240 1662 424 1697 Secundo
469 1670 610 1697 notant
654 1661 789 1697 fideles
843 1673 886 1697 ex
933 1661 1138 1708 evangelio
1184 1670 1219 1697 et
1263 1660 1487 1708 Augustino
1527 1666 1747 1706 Christ⁷sjove

182 1720 386 1767 quomodo
432 1719 599 1755 dileccio
632 1718 779 1754 Christi
825 1731 904 1767 qua
949 1718 1078 1766 diligit
1113 1720 1292 1755 membra
1326 1731 1397 1754 sua
1431 1727 1488 1754 est
1504 1701 1772 1763 memfffgsgnjssthe

125 1778 337 1813 25summa
371 1777 550 1822 dileccio,
598 1778 706 1824 quod
746 1776 910 1812 eliciunt
943 1789 987 1812 ex
1019 1776 1093 1812 hiis
1126 1776 1270 1813 tribus:
1324 1777 1488 1813 Sincera
1572 1771 1702 1806 highest.

181 1834 342 1882 quidem
389 1834 555 1871 dileccio
608 1834 827 1871 attenditur
871 1847 991 1882 penes
1039 1835 1113 1870 hoc
1159 1835 1266 1882 quod
1305 1834 1488 1882 providet

181 1892 324 1928 dilecto
357 1892 544 1939 suffragia
590 1892 630 1927 in
674 1893 772 1928 hora
810 1891 1070 1938 necessitatis,
1124 1893 1245 1928 donat
1278 1891 1351 1927 sibi
1384 1893 1488 1928 bona

182 1950 306 1997 magis
339 1949 452 1986 utilia
485 1962 562 1998 que
594 1958 685 1986 sunt
718 1962 791 1997 pro
824 1950 999 1997 presenti
1033 1949 1198 1986 maioris
1231 1949 1417 1986 utilitatis
1451 1958 1488 1985 et

181 2017 406 2055 perseverat
450 2008 490 2043 in
523 2007 806 2044 benevolencia
850 2007 1011 2044 maioris
1044 2007 1322 2044 durabilitatis.
1378 2007 1489 2043 Sicut

125 2069 165 2100 30
181 2064 287 2102 enim
312 2065 491 2101 Christus
508 2065 747 2102 confortavit
769 2078 860 2101 suos
884 2064 1116 2113 discipulos,
1142 2066 1304 2113 quando
1328 2065 1488 2101 fuerunt

181 2122 358 2159 hostibus
391 2123 568 2171 undique
602 2122 879 2171 circumsepti3
933 2123 988 2159 sic
1028 2123 1228 2159 confortat
1261 2122 1363 2159 filios
1396 2135 1488 2159 suos

181 2180 221 2216 in
254 2180 393 2217 mortis
426 2181 607 2226 articulo,
643 2182 804 2228 quando
837 2189 930 2217 sunt
962 2180 1111 2217 insultu
1136 2180 1286 2216 diaboli
1319 2181 1487 2217 circum-

181 2237 283 2285 dati3
318 2247 354 2274 et
386 2238 487 2274 sicut
511 2238 692 2275 Christus
726 2238 891 2275 donavit
922 2238 1003 2274 suis
1037 2238 1243 2286 discipulis
1276 2251 1356 2274 non
1388 2247 1489 2274 tem-

181 2296 317 2343 porale
369 2296 590 2332 subsidium
624 2297 692 2332 sed
737 2296 943 2344 spirituale
987 2296 1234 2343 suffragium,
1283 2297 1391 2344 quod
1431 2304 1489 2332 est

125 2357 164 2389 35
182 2353 399 2400 humilitas,
434 2354 489 2390 sic
523 2355 590 2389 dat
624 2353 727 2390 caris
761 2354 841 2390 suis
874 2366 955 2390 non
988 2354 1117 2390 solum
1153 2354 1364 2401 corporale
1397 2355 1488 2389 sub—

181 2410 326 2447 sidium
375 2413 443 2447 sed
483 2413 632 2447 bonum
667 2411 799 2448 anime
839 2413 947 2460 quod
993 2420 1049 2448 est
1100 2411 1243 2458 virtus;
1307 2420 1343 2447 et
1386 2411 1487 2448 sicut

182 2468 362 2505 Christus
385 2481 467 2505 non
491 2468 635 2505 desinit
658 2482 750 2505 suos
775 2469 953 2517 diligere,
989 2469 1021 2505 si
1053 2482 1133 2505 non
1156 2478 1307 2516 ponant
1329 2468 1485 2505 obicem

181 2526 221 2562 in
254 2539 293 2562 se
326 2525 435 2573 ipsis,
481 2527 536 2563 sic
576 2540 655 2563 non
703 2536 834 2574 potest
878 2528 1095 2564 secundum
1144 2526 1394 2563 divinitatem
1428 2527 1487 2562 vel

250 2740 269 2758 1.
290 2732 328 2758 ss:
346 2731 556 2766 probaciones.
633 2739 661 2765 9.
683 2731 727 2758 A:
748 2734 777 2758 et
796 2731 889 2758 deest.
946 2731 986 2758 16.
1008 2731 1046 2758 B:
1067 2733 1138 2757 sunt
1154 2730 1251 2757 linite.
1315 2737 1421 2764 19—21.
1443 2731 1486 2756 A:

178 2767 256 2793 sic-
274 2768 432 2793 transeunt
452 2766 544 2792 deest.
617 2773 664 2798 24.
684 2767 712 2793 A
734 2766 763 2792 in
785 2774 898 2798 marg:
921 2765 1063 2793 Secunda
1088 2768 1172 2792 nota.
1194 2764 1275 2791 Nota
1296 2764 1379 2800 quod
1397 2764 1489 2791 dilec-

179 2802 226 2858 513'0
241 2801 453 2862 glzrgtgfidqezgcszt
465 2800 572 2835 diligit
591 2800 724 2827 membra
745 2808 801 2827 sua
822 2804 866 2827 est
884 2808 998 2827 summa
1019 2800 1156 2826 dileccio.
1213 2806 1260 2832 29.
1281 2800 1326 2826 A:
1348 2802 1378 2825 et
1396 2799 1489 2826 deest.

1291 2883 1357 2924 19÷÷
