1986 3289
127 204 179 238 40
736 200 853 231 opus
879 198 1215 230 EVANGELICUM
1245 198 1327 229 ΜΒ.
1355 197 1408 229 111.
1544 185 1656 240 [CAP.
1678 194 1728 222 xi.

417 307 659 342 dileccionem
706 319 837 342 eorum
884 306 1085 356 religionis
1130 306 1269 356 gracia
1311 305 1437 354 facile
1484 305 1730 351 inclinantur,

416 378 500 400 cum
545 365 618 400 sint
663 365 798 400 molles
842 365 972 401 corde.
1006 364 1184 399 Maxime
1227 372 1354 399 tamen
1383 371 1614 412 permanent
1646 375 1729 399 cum

418 423 541 458 via'uis
586 422 810 458 mulieribus
848 429 1016 471 propter
1068 423 1164 458 duas
1215 433 1364 458 causas.
1420 421 1593 456 Primum
1647 420 1731 468 quia

417 480 557 516 mulier
601 493 667 516 nec
712 480 763 515 ita
787 480 913 528 facile
946 480 1135 529 decipitur
1175 480 1318 515 habens
1363 479 1488 514 virum
1522 476 1526 528 1
1556 478 1732 514 consilia·
1770 478 1852 520 408⁶

418 546 554 583 torem,
589 538 724 573 deinde
755 549 821 573 nec
855 538 900 573 a'e
923 537 1182 585 facultatibus
1212 537 1291 573 suis
1323 536 1468 585 aliquid
1490 536 1542 572 eis
1569 538 1766 585 prestat,5

420 609 504 632 cum
537 596 585 631 sit
617 596 652 631 in
680 603 873 644 potestate
905 595 990 630 viri.
1033 595 1151 631 Via'ue
1182 602 1307 631 autem
1342 601 1375 631 et
1389 594 1517 642 facile
1540 593 1733 642 decipiun—

420 662 496 699 tur,
530 666 602 689 non
636 654 816 689 habentes
838 653 1121 689 consiliatorem
1156 653 1295 699 virum,
1329 660 1364 688 et
1386 652 1512 700 facile
1544 652 1591 687 de
1623 651 1735 687 rebus

419 711 499 748 suis
531 711 663 747 taliter
690 719 880 760 prestant,
926 723 1009 747 cum
1053 711 1127 747 sint
1160 711 1300 746 nullius
1333 709 1519 759 potestati
1558 709 1734 745 subiecte.

422 770 635 818 Propterea
669 769 758 804 dum
793 769 970 805 Iudaicos
1001 769 1221 805 sacerdotes
1253 768 1467 816 confundit,
1506 767 1738 803 christianos

422 834 548 863 monet
583 835 623 862 ut
656 839 728 863 non
758 839 840 862 cum
866 827 991 863 viduis
1013 826 1239 862 mulieribus
1269 826 1435 874 amplius
1462 831 1739 874 permanerent
1758 838 1795 859 10

423 898 535 934 quam
582 885 732 929 ceteris,
775 885 863 934 quia
908 884 979 921 etsi
1023 885 1200 920 voluntas
1239 883 1498 933 permanendi
1528 883 1630 919 mala
1664 894 1736 918 non

413 943 555 991 suerit,
588 950 715 979 tamen
747 942 913 992 suspicio
945 949 1001 979 est
1033 943 1149 978 mala.

491 1001 541 1036 Ve
573 1001 678 1037 vobis
709 1001 774 1049 qui
794 1000 990 1037 devoratis
1012 1001 1145 1036 domos
1168 1000 1387 1045 viduarum,
1420 998 1599 1035 oracione
1621 998 1738 1048 longa

425 1066 592 1098 orantes,
633 1059 710 1103 Qui
740 1058 952 1094 avariciam
978 1066 1145 1094 vestram
1170 1057 1371 1108 religionis
1403 1057 1533 1093 colore
1566 1055 1739 1105 depingi—

425 1116 472 1152 tis
516 1124 550 1153 et
594 1117 704 1165 quasi
746 1117 897 1152 diabolo
947 1116 1094 1152 Christi
1135 1127 1247 1151 arma
1276 1115 1475 1164 prestatis,
1516 1121 1556 1149 ut
1587 1118 1796 1150 ametur-15

425 1174 616 1224 iniquitas,
662 1175 751 1210 dum
792 1175 918 1224 pietas
950 1174 1163 1219 estimatur,
1208 1173 1272 1222 qui
1321 1173 1449 1223 longis
1496 1171 1740 1208 oracionibus

424 1233 536 1281 quasi
566 1233 721 1283 magnis
744 1232 886 1268 retibus
918 1232 1124 1268 viduarum
1137 1232 1353 1280 facultates
1371 1230 1545 1280 piscatis,
1575 1237 1741 1279 propter

427 1292 497 1327 hoc
528 1291 696 1340 amplius
739 1290 933 1339 accipietis
964 1290 1166 1334 iudicium;
1204 1289 1376 1338 primum
1410 1289 1560 1337 quidem
1588 1299 1665 1337 pro
1698 1299 1740 1323 eo

426 1349 529 1398 quod
560 1349 649 1385 estis
681 1348 810 1397 iniqui,
843 1349 1010 1384 alterum
1039 1360 1116 1397 pro
1154 1359 1196 1383 eo
1229 1347 1330 1396 quod
1361 1347 1599 1396 figmentum
1632 1357 1739 1381 assu-

428 1406 531 1442 mitis
561 1406 789 1442 sanctitatis.
823 1407 906 1442 Hec
940 1406 1221 1443 Crisostomus.
1758 1418 1800 1440 20

165 1465 393 1535 IEXOHTtergyfflg}
488 1465 595 1500 Istud
639 1465 859 1500 secundum
893 1465 948 1500 Ve
991 1463 1147 1501 videtur
1192 1475 1234 1499 ex
1284 1461 1461 1510 practica
1494 1460 1742 1509 pertinenter

139 1534 548 1573 tlle11·c·01]tessorsp088e
592 1522 780 1558 fratribus
829 1531 865 1558 et
898 1521 1093 1570 religiosis
1132 1521 1219 1557 allis
1252 1519 1460 1568 applicari.
1494 1519 1605 1556 SlCUt
1637 1518 1741 1555 enlm

177 1569 382 1631 ›perexigui-{by
432 1581 511 1616 duo
544 1582 771 1617 sacerdotes
805 1579 845 1616 in
876 1580 962 1627 lege
993 1579 1115 1616 veteri
1150 1580 1349 1615 latuerant
1388 1577 1428 1613 in
1461 1576 1655 1625 pomerio,
1701 1585 1745 1612 ut

432 1639 658 1674 Susannam
704 1646 1005 1686 cognoscerent,
1051 1637 1107 1673 sic
1151 1637 1380 1673 sacerdotes
1426 1634 1609 1672 moderni
1656 1646 1745 1682 per-

432 1695 533 1733 versi
586 1708 631 1732 ex
682 1695 945 1733 simulacione
997 1694 1221 1732 sanctitatis
1274 1707 1363 1730 cum
1420 1692 1656 1729 mulieribus
1709 1698 1801 1731 et25

432 1753 659 1802 specialiter
703 1753 868 1802 privatis
912 1767 933 1790 a
976 1753 1069 1789 viris
1115 1752 1317 1789 meandris
1364 1750 1652 1799 multiplicibus
1705 1762 1745 1786 se

434 1811 660 1849 inmiscent.
705 1814 792 1848 ,Iam
839 1811 942 1847 enim
991 1812 1239 1848 consuetudo
1284 1822 1356 1858 pro
1402 1810 1487 1857 lege
1521 1807 1746 1845 admittitur

433 1871 541 1918 quod
587 1869 751 1906 domina
795 1869 835 1906 in
881 1869 1013 1906 mariti
1058 1868 1246 1905 absencia
1278 1869 1442 1904 fratrem
1477 1868 1622 1903 habeat
1654 1878 1746 1903 con-

433 1929 645 1975 fessorem;
676 1928 796 1965 vidue
830 1937 962 1964 autem
997 1936 1034 1963 et
1067 1926 1292 1975 specialiter
1320 1925 1645 1962 sanctimoniales
1677 1936 1747 1972 per

435 1986 679 2022 confessores
732 1985 964 2022 huiusmodi
1016 1995 1107 2021 sunt
1158 1986 1333 2021 seducte.
1388 1982 1555 2019 Dimitto
1609 1990 1742 2019 autem
1763 1984 1804 2016 30

435 2045 643 2091 quomodo
688 2044 726 2080 in
772 2043 935 2080 secretis
979 2042 1149 2079 cameris
1194 2044 1242 2079 de
1286 2041 1381 2090 ipsis
1425 2049 1639 2089 procreant
1678 2052 1748 2087 per

435 2102 737 2138 similitudinem
784 2101 1007 2138 sanctitatis
1052 2102 1120 2137 sed
1169 2103 1226 2145 (ut
1270 2099 1449 2148 loquitur
1482 2097 1747 2146 evangelium)

436 2162 631 2196 seducunt
676 2159 844 2195 feminas
892 2172 962 2207 per
1009 2158 1211 2195 oracionis
1256 2170 1324 2194 sue
1357 2155 1747 2205 supereminenciam

437 2217 642 2254 bonitatis.
677 2218 779 2253 Hinc
813 2217 918 2253 enim
953 2218 1099 2253 habent
1132 2216 1172 2252 in
1206 2215 1337 2252 missis
1369 2214 1578 2251 oraciones
1611 2214 1749 2261 longas

438 2289 527 2312 curn
552 2275 712 2312 famulis
737 2284 773 2311 et
796 2275 1023 2311 famulabus
1048 2273 1325 2322 multipliciter
1347 2272 1541 2321 repetitis.
1568 2274 1748 2319 Longum
1767 2271 1806 2306 35

438 2346 510 2369 suo
544 2342 679 2369 mento
713 2346 802 2369 cum
836 2332 959 2369 literis
984 2331 1244 2369 fraternitatis
1268 2330 1537 2368 communiter
1569 2328 1754 2377 sigillatis

439 2401 475 2427 et
509 2404 688 2427 cameras
735 2391 946 2427 mulierum
981 2390 1227 2436 thurificant,
1275 2402 1319 2426 ac
1352 2388 1383 2425 si
1417 2388 1456 2424 in
1490 2389 1564 2424 hoc
1598 2387 1749 2435 aliquid

439 2449 615 2485 numinis
650 2448 840 2485 latitaret.
890 2451 937 2484 Et
985 2448 1078 2484 hinc
1123 2456 1262 2496 aptant
1296 2447 1368 2483 sibi
1403 2445 1568 2483 exennia
1600 2454 1642 2481 ut
1675 2444 1752 2481 sint

512 2615 530 2633 1.
554 2606 715 2641 Atfacile
736 2606 828 2632 deest.
946 2604 973 2632 S.
995 2605 1037 2631 A:
1060 2604 1174 2631 talibus
1191 2606 1342 2638 prestant.
1464 2611 1493 2637 ι).
1515 2601 1552 2629 B:
1581 2601 1752 2636 Propterea

440 2644 550 2668 aulem⁴
651 2649 691 2667 10.
714 2641 758 2667 A:
778 2640 957 2667 mulieribus
977 2640 1070 2666 deest.
1155 2647 1194 2672 17.
1216 2640 1259 2665 A:
1281 2646 1339 2674 que
1356 2637 1385 2664 si
1401 2637 1534 2673 magnis.
1614 2643 1653 2663 21.
1674 2637 1702 2662 A
1723 2635 1752 2662 iu

443 2684 557 2709 marga
586 2675 752 2702 lohannes.
871 2675 915 2709 28,
938 2682 983 2709 29.
1005 2675 1048 2700 A:
1071 2671 1295 2709 con-fossorem.
1421 2671 1466 2699 30.
1489 2672 1532 2698 A:
1554 2670 1639 2698 modi
1658 2670 1752 2696 deest.

442 2710 488 2737 36.
509 2712 553 2741 Λ;
576 2710 618 2737 sic
639 2711 707 2737 cod.
726 2711 762 2736 B:
784 2713 929 2736 memento
940 2719 950 2741 ;
970 2709 1041 2735 Ain
1059 2716 1172 2741 marga
1197 2708 1314 2734 Contra
1325 2706 1460 2742 fratres.
1534 2704 1577 2740 37.
1599 2706 1642 2732 A:
1658 2704 1752 2731 turri-

452 2746 554 2776 licant.

516 2818 567 2849 313.
594 2816 670 2847 The
700 2828 822 2858 prayer
848 2816 887 2847 os
911 2816 1224 2847 commemoratum
1255 2814 1294 2845 of
1316 2813 1545 2845 benefactor&
